{"gold_per_floor":[117,130,141,66,66,66,94,94,94,69,69,83,83,101,101,199,199,213,195,195,210,224,224,255,8,56,72,72,91,91,110,110,110],"floor_reached":33,"playtime":1642,"items_purged":["Strike_R"],"score":269,"play_id":"fb16b7fe-0087-460e-a372-b6fb34650e4b","local_time":"20190420175932","is_ascension_mode":false,"campfire_choices":[{"data":"Bash","floor":6,"key":"SMITH"},{"floor":8,"key":"REST"},{"data":"Rampage","floor":11,"key":"SMITH"},{"floor":15,"key":"REST"},{"floor":23,"key":"REST"},{"floor":30,"key":"REST"},{"floor":32,"key":"REST"}],"neow_cost":"NONE","seed_source_timestamp":428219824200400,"circlet_count":0,"master_deck":["Strike_R","Strike_R","Defend_R","Defend_R","Defend_R+1","Bash+1","Rupture+1","Pommel Strike","Rampage+1","Headbutt","Fiend Fire","Shrug It Off+1","Havoc","Second Wind","Clash+1","Flame Barrier","Armaments","Exhume"],"relics":["Black Blood","Question Card","Oddly Smooth Stone","Centennial Puzzle","Red Skull","Strawberry","Boot"],"potions_floor_usage":[21,22,24,27,29,29],"damage_taken":[{"damage":0,"enemies":"2 Louse","floor":1,"turns":3},{"damage":2,"enemies":"Small Slimes","floor":2,"turns":3},{"damage":6,"enemies":"Jaw Worm","floor":3,"turns":3},{"damage":36,"enemies":"Lagavulin","floor":7,"turns":5},{"damage":18,"enemies":"Exordium Thugs","floor":12,"turns":5},{"damage":4,"enemies":"Large Slime","floor":14,"turns":5},{"damage":58,"enemies":"Slime Boss","floor":16,"turns":9},{"damage":24,"enemies":"Spheric Guardian","floor":18,"turns":4},{"damage":12,"enemies":"2 Thieves","floor":19,"turns":4},{"damage":9,"enemies":"Snake Plant","floor":21,"turns":2},{"damage":46,"enemies":"Sentry and Sphere","floor":22,"turns":8},{"damage":48,"enemies":"Slavers","floor":24,"turns":5},{"damage":0,"enemies":"Snecko","floor":27,"turns":5},{"damage":28,"enemies":"Centurion and Healer","floor":29,"turns":8},{"damage":25,"enemies":"Snake Plant","floor":31,"turns":5},{"damage":96,"enemies":"Collector","floor":33,"turns":8}],"seed_played":"-2084083461290841080","potions_obtained":[{"floor":1,"key":"Strength Potion"},{"floor":3,"key":"Strength Potion"},{"floor":14,"key":"SteroidPotion"},{"floor":21,"key":"Dexterity Potion"},{"floor":22,"key":"LiquidBronze"},{"floor":24,"key":"FearPotion"},{"floor":27,"key":"FairyPotion"}],"is_trial":false,"path_per_floor":["M","M","M","$","?","R","E","R","T","?","R","M","?","M","R","B",null,"M","M","?","M","M","R","E","$","T","M","?","M","R","M","R","B"],"character_chosen":"IRONCLAD","items_purchased":["Rampage","Armaments","Strawberry"],"campfire_rested":5,"item_purchase_floors":[4,25,25],"current_hp_per_floor":[80,80,80,80,64,64,34,58,58,58,58,46,34,36,60,8,80,66,64,64,65,29,53,15,22,22,32,61,43,69,54,80,0],"gold":110,"neow_bonus":"REMOVE_CARD","is_prod":false,"is_daily":false,"chose_seed":false,"campfire_upgraded":2,"win_rate":0,"timestamp":1555797572,"path_taken":["M","M","M","$","?","R","E","R","T","?","R","M","?","M","R","BOSS","M","M","?","M","M","R","E","$","T","M","?","M","R","M","R","BOSS"],"build_version":"2019-01-23","purchased_purges":1,"victory":false,"max_hp_per_floor":[80,80,80,80,80,80,80,80,80,80,80,80,80,80,80,80,80,80,80,80,80,80,80,80,87,87,87,87,87,87,87,87,87],"card_choices":[{"not_picked":["Cleave","Reckless Charge"],"picked":"Rupture","floor":1},{"not_picked":["Anger","Body Slam"],"picked":"Pommel Strike","floor":2},{"not_picked":["Body Slam","Burning Pact","True Grit"],"picked":"SKIP","floor":3},{"not_picked":["Uppercut","Warcry"],"picked":"Headbutt","floor":7},{"not_picked":["Corruption","Thunderclap","Infernal Blade","Wild Strike"],"picked":"SKIP","floor":12},{"not_picked":["Seeing Red","Body Slam","Clash","Sever Soul"],"picked":"SKIP","floor":14},{"not_picked":["Demon Form","Berserk","Dark Embrace"],"picked":"Fiend Fire","floor":16},{"not_picked":["Rupture+1","Anger","Warcry","Heavy Blade"],"picked":"SKIP","floor":18},{"not_picked":["True Grit","Disarm","Pommel Strike"],"picked":"Shrug It Off+1","floor":19},{"not_picked":["Carnage","Corruption","Uppercut"],"picked":"Clash+1","floor":21},{"not_picked":["Headbutt","Clash","Body Slam","Twin Strike"],"picked":"SKIP","floor":22},{"not_picked":["Anger+1","Dual Wield","Bludgeon"],"picked":"Flame Barrier","floor":24},{"not_picked":["Sever Soul+1","Fire Breathing+1","Evolve","True Grit"],"picked":"SKIP","floor":27},{"not_picked":["Pommel Strike+1","Corruption","Armaments+1","Twin Strike"],"picked":"SKIP","floor":29},{"not_picked":["Burning Pact+1","Pommel Strike","Clash"],"picked":"Exhume","floor":31}],"player_experience":197423,"relics_obtained":[{"floor":7,"key":"Question Card"},{"floor":9,"key":"Oddly Smooth Stone"},{"floor":24,"key":"Red Skull"},{"floor":26,"key":"Boot"}],"event_choices":[{"damage_healed":0,"gold_gain":0,"player_choice":"Entered Light","damage_taken":16,"max_hp_gain":0,"max_hp_loss":0,"event_name":"Shining Light","floor":5,"gold_loss":0,"cards_upgraded":["Rupture","Defend_R"]},{"damage_healed":0,"gold_gain":0,"player_choice":"Left Gold","damage_taken":0,"max_hp_gain":0,"max_hp_loss":0,"event_name":"World of Goop","floor":10,"gold_loss":25},{"damage_healed":0,"gold_gain":0,"player_choice":"Success","damage_taken":12,"relics_obtained":["Centennial Puzzle"],"max_hp_gain":0,"max_hp_loss":0,"event_name":"Scrap Ooze","floor":13,"gold_loss":0},{"damage_healed":0,"gold_gain":0,"cards_transformed":["Strike_R","Defend_R"],"player_choice":"Became Test Subject","damage_taken":0,"max_hp_gain":0,"max_hp_loss":0,"event_name":"Drug Dealer","floor":20,"gold_loss":0,"cards_obtained":["Havoc","Second Wind"]},{"damage_healed":29,"gold_gain":0,"player_choice":"Heal","damage_taken":0,"max_hp_gain":0,"max_hp_loss":0,"event_name":"The Library","floor":28,"gold_loss":0}],"is_beta":false,"boss_relics":[{"not_picked":["White Beast Statue","Coffee Dripper"],"picked":"Black Blood"}],"items_purged_floors":[25],"is_endless":false,"potions_floor_spawned":[1,3,14,21,22,24,27],"killed_by":"Collector","ascension_level":0}