{"gold_per_floor":[113,129,129,79,98,98,125,143,143,178,21,55,65,84,84,180,180,190,190,208,221,234,234,248,248,298,324,334,334,334,354,354,454,454,466,566,586,601,1,15,15,15,87,106,106,125,125,142,142,142],"floor_reached":51,"playtime":4550,"items_purged":["Strike_R"],"score":625,"play_id":"eb7ae351-4dbe-4df5-9203-34d954ab9d47","local_time":"20181225015128","is_ascension_mode":false,"campfire_choices":[{"data":"Bash","floor":6,"key":"SMITH"},{"data":"Shrug It Off","floor":15,"key":"SMITH"},{"data":"Shockwave","floor":23,"key":"SMITH"},{"data":"Demon Form","floor":25,"key":"SMITH"},{"data":"Whirlwind","floor":29,"key":"SMITH"},{"data":"Uppercut","floor":32,"key":"SMITH"},{"data":"Spot Weakness","floor":45,"key":"SMITH"},{"data":"Clothesline","floor":47,"key":"SMITH"},{"data":"Pummel","floor":49,"key":"SMITH"}],"neow_cost":"PERCENT_DAMAGE","seed_source_timestamp":640540081942753,"circlet_count":0,"master_deck":["Strike_R","Strike_R","Defend_R","Defend_R","Defend_R","Bash+1","Pummel+1","Clothesline+1","Shrug It Off+1","Uppercut+1","Metallicize","Fire Breathing","Demon Form+1","Fire Breathing","Fire Breathing","Shockwave+1","Whirlwind+1","Feed","Inflame+1","Reaper","Shockwave+1","Spot Weakness+1","Demon Form+1"],"relics":["Burning Blood","Pen Nib","Smiling Mask","Dodecahedron","Vajra","Mummified Hand","Snecko Eye","Enchiridion","Lantern","Red Mask","Philosopher\u0027s Stone","Bottled Tornado","Turnip","Shuriken"],"potions_floor_usage":[10,16,31,31,33,46,46,50],"damage_taken":[{"damage":2,"enemies":"2 Louse","floor":1,"turns":4},{"damage":5,"enemies":"Jaw Worm","floor":2,"turns":6},{"damage":1,"enemies":"Cultist","floor":5,"turns":4},{"damage":10,"enemies":"Gremlin Nob","floor":7,"turns":4},{"damage":6,"enemies":"Looter","floor":8,"turns":4},{"damage":11,"enemies":"Lagavulin","floor":10,"turns":5},{"damage":10,"enemies":"Gremlin Nob","floor":12,"turns":3},{"damage":2,"enemies":"2 Fungi Beasts","floor":13,"turns":4},{"damage":0,"enemies":"Blue Slaver","floor":14,"turns":3},{"damage":12,"enemies":"The Guardian","floor":16,"turns":13},{"damage":1,"enemies":"Chosen","floor":18,"turns":3},{"damage":0,"enemies":"3 Byrds","floor":20,"turns":4},{"damage":2,"enemies":"Centurion and Healer","floor":21,"turns":4},{"damage":0,"enemies":"Snake Plant","floor":22,"turns":2},{"damage":3,"enemies":"Snecko","floor":24,"turns":3},{"damage":2,"enemies":"Masked Bandits","floor":27,"turns":3},{"damage":0,"enemies":"Cultist and Chosen","floor":28,"turns":3},{"damage":2,"enemies":"Shelled Parasite and Fungi","floor":31,"turns":2},{"damage":13,"enemies":"Collector","floor":33,"turns":4},{"damage":5,"enemies":"3 Shapes","floor":35,"turns":4},{"damage":1,"enemies":"3 Darklings","floor":37,"turns":3},{"damage":5,"enemies":"Maw","floor":38,"turns":5},{"damage":22,"enemies":"Transient","floor":40,"turns":5},{"damage":0,"enemies":"Sphere and 2 Shapes","floor":44,"turns":1},{"damage":22,"enemies":"Jaw Worm Horde","floor":46,"turns":4},{"damage":11,"enemies":"Transient","floor":48,"turns":5},{"damage":50,"enemies":"Awakened One","floor":50,"turns":6}],"seed_played":"-3290599355755068348","potions_obtained":[{"floor":5,"key":"Swift Potion"},{"floor":7,"key":"Fire Potion"},{"floor":8,"key":"SteroidPotion"},{"floor":10,"key":"BloodPotion"},{"floor":16,"key":"LiquidBronze"},{"floor":20,"key":"PowerPotion"},{"floor":35,"key":"Weak Potion"},{"floor":40,"key":"EssenceOfSteel"},{"floor":44,"key":"BloodPotion"}],"is_trial":false,"path_per_floor":["M","M","?","?","M","R","E","M","T","E","$","E","M","M","R","B",null,"M","?","M","M","M","R","M","R","T","?","M","R","?","M","R","B",null,"M","?","M","M","$","M","?","$","T","M","R","M","R","M","R","B",null],"character_chosen":"IRONCLAD","items_purchased":["Vajra","Bottled Tornado","Turnip"],"campfire_rested":0,"item_purchase_floors":[11,39,39],"current_hp_per_floor":[60,61,61,61,66,66,62,62,62,57,57,53,57,63,63,57,80,80,64,70,74,80,80,80,80,80,80,83,83,83,83,83,76,83,83,83,83,86,86,70,70,70,70,79,79,73,73,86,86,71],"gold":142,"neow_bonus":"REMOVE_TWO","is_prod":false,"is_daily":false,"chose_seed":false,"campfire_upgraded":9,"win_rate":0,"timestamp":1545720688,"path_taken":["M","M","?","?","M","R","E","M","T","E","?","E","M","M","R","BOSS","M","?","M","M","M","R","M","R","T","?","M","R","?","M","R","BOSS","M","?","M","?","$","M","?","$","T","?","R","M","R","M","R","BOSS"],"build_version":"2018-12-20","purchased_purges":1,"victory":true,"max_hp_per_floor":[80,80,80,80,80,80,80,80,80,80,80,80,80,80,80,80,80,80,80,80,80,80,80,80,80,80,80,83,83,83,83,83,83,83,83,83,83,86,86,86,86,86,86,89,89,89,89,89,89,89],"card_choices":[{"not_picked":["Clash","Cleave","Twin Strike"],"picked":"SKIP","floor":1},{"not_picked":["Warcry","Entrench"],"picked":"Pummel","floor":2},{"not_picked":["Reckless Charge","Iron Wave"],"picked":"Clothesline","floor":5},{"not_picked":["Twin Strike","Clothesline"],"picked":"Shrug It Off","floor":7},{"not_picked":["Wild Strike","Searing Blow"],"picked":"Uppercut","floor":8},{"not_picked":["Sever Soul","Second Wind","Berserk"],"picked":"SKIP","floor":10},{"not_picked":["Twin Strike","True Grit"],"picked":"Metallicize","floor":12},{"not_picked":["Thunderclap","True Grit"],"picked":"Fire Breathing","floor":13},{"not_picked":["Anger","Wild Strike","Combust"],"picked":"SKIP","floor":14},{"not_picked":["Impervious","Feed"],"picked":"Demon Form","floor":16},{"not_picked":["Body Slam+1","Havoc","Pommel Strike"],"picked":"SKIP","floor":18},{"not_picked":["Thunderclap+1","Havoc"],"picked":"Fire Breathing","floor":20},{"not_picked":["Shrug It Off","Perfected Strike"],"picked":"Fire Breathing","floor":21},{"not_picked":["Uppercut","Combust"],"picked":"Shockwave","floor":22},{"not_picked":["Flex","Heavy Blade"],"picked":"Whirlwind","floor":24},{"not_picked":["Power Through","Warcry"],"picked":"Feed","floor":27},{"not_picked":["Shrug It Off","Warcry+1"],"picked":"Inflame+1","floor":28},{"not_picked":["Clash","Sword Boomerang+1","Wild Strike"],"picked":"SKIP","floor":31},{"not_picked":["Brutality","Double Tap"],"picked":"Reaper","floor":33},{"not_picked":["Carnage","Evolve"],"picked":"Shockwave+1","floor":35},{"not_picked":["Pommel Strike","Anger","Thunderclap+1"],"picked":"SKIP","floor":37},{"not_picked":["Feel No Pain","Dropkick+1"],"picked":"Spot Weakness","floor":38},{"not_picked":["Armaments+1","Anger+1","Flex"],"picked":"SKIP","floor":40},{"not_picked":["Disarm","Headbutt","Dual Wield"],"picked":"SKIP","floor":44},{"not_picked":["Body Slam","Shrug It Off","Sword Boomerang"],"picked":"SKIP","floor":46},{"not_picked":["Anger","True Grit+1","Bloodletting"],"picked":"SKIP","floor":48}],"player_experience":514689,"relics_obtained":[{"floor":7,"key":"Pen Nib"},{"floor":9,"key":"Smiling Mask"},{"floor":10,"key":"Dodecahedron"},{"floor":12,"key":"Mummified Hand"},{"floor":19,"key":"Enchiridion"},{"floor":26,"key":"Lantern"},{"floor":27,"key":"Red Mask"},{"floor":43,"key":"Shuriken"}],"event_choices":[{"damage_healed":0,"gold_gain":0,"player_choice":"Ignored","damage_taken":0,"max_hp_gain":0,"max_hp_loss":0,"event_name":"Liars Game","floor":3,"gold_loss":0},{"cards_removed":["Defend_R"],"damage_healed":0,"gold_gain":0,"player_choice":"Card Removal","damage_taken":0,"max_hp_gain":0,"max_hp_loss":0,"event_name":"The Cleric","floor":4,"gold_loss":50},{"damage_healed":0,"gold_gain":0,"player_choice":"Obtained Book","damage_taken":16,"max_hp_gain":0,"max_hp_loss":0,"event_name":"Cursed Tome","floor":19,"gold_loss":0},{"damage_healed":0,"gold_gain":0,"player_choice":"Fought Bandits","damage_taken":0,"max_hp_gain":0,"max_hp_loss":0,"event_name":"Masked Bandits","floor":27,"gold_loss":0},{"damage_healed":0,"gold_gain":0,"player_choice":"Ignored","damage_taken":0,"max_hp_gain":0,"max_hp_loss":0,"event_name":"Vampires","floor":30,"gold_loss":0},{"damage_healed":0,"gold_gain":100,"player_choice":"Pray","damage_taken":0,"max_hp_gain":0,"max_hp_loss":0,"event_name":"Golden Shrine","floor":36,"gold_loss":0},{"damage_healed":0,"gold_gain":0,"player_choice":"Copied","damage_taken":0,"max_hp_gain":0,"max_hp_loss":0,"event_name":"Duplicator","floor":41,"gold_loss":0,"cards_obtained":["Demon Form"]}],"is_beta":false,"boss_relics":[{"not_picked":["Mark of Pain","Calling Bell"],"picked":"Snecko Eye"},{"not_picked":["Lizard Tail","Astrolabe"],"picked":"Philosopher\u0027s Stone"}],"items_purged_floors":[39],"is_endless":false,"potions_floor_spawned":[5,7,8,10,16,20,24,28,35,40,44],"ascension_level":0}