{"gold_per_floor":[19,39,53,67,67,102,177,127,127,52,52,26,69,19,19,148,148,164,187,187,206,227,227,258,272,298,298,298,313,228,244,244,370,370,384,405,424,424,147,147,147],"floor_reached":41,"playtime":1631,"items_purged":["Strike_R","Injury","Thunderclap"],"score":423,"play_id":"bc0a1c72-67d2-4230-8376-a2bd5de2ad68","local_time":"20190420123505","is_ascension_mode":false,"campfire_choices":[{"floor":11,"key":"REST"},{"data":"Double Tap","floor":15,"key":"SMITH"},{"data":"Armaments","floor":23,"key":"SMITH"},{"floor":27,"key":"REST"},{"floor":32,"key":"REST"},{"data":"Demon Form","floor":40,"key":"SMITH"}],"neow_cost":"NO_GOLD","seed_source_timestamp":408760766962100,"circlet_count":0,"master_deck":["Bash","Sword Boomerang","Whirlwind+1","Spot Weakness","Spot Weakness","Twin Strike","Anger","Shrug It Off","Double Tap+1","Immolate","Shrug It Off","Cleave+1","Armaments+1","Flex","RitualDagger","Shrug It Off+1","Double Tap","Anger","Disarm","Warcry","Sever Soul","Bludgeon","Entrench","Flame Barrier","Iron Wave+1","Demon Form+1"],"relics":["Burning Blood","Golden Idol","Smiling Mask","Blood Vial","Meat on the Bone","Velvet Choker","PreservedInsect","Lantern","Happy Flower","Pandora\u0027s Box","Bronze Scales"],"potions_floor_usage":[6,6,19,22,29,33,33],"damage_taken":[{"damage":2,"enemies":"2 Louse","floor":1,"turns":2},{"damage":7,"enemies":"Small Slimes","floor":2,"turns":2},{"damage":6,"enemies":"Jaw Worm","floor":3,"turns":3},{"damage":12,"enemies":"Blue Slaver","floor":4,"turns":2},{"damage":14,"enemies":"Gremlin Nob","floor":6,"turns":3},{"damage":31,"enemies":"Lagavulin","floor":13,"turns":6},{"damage":20,"enemies":"The Guardian","floor":16,"turns":6},{"damage":16,"enemies":"Chosen","floor":18,"turns":5},{"damage":5,"enemies":"2 Thieves","floor":19,"turns":2},{"damage":15,"enemies":"Snecko","floor":21,"turns":4},{"damage":0,"enemies":"3 Cultists","floor":22,"turns":1},{"damage":33,"enemies":"Book of Stabbing","floor":24,"turns":4},{"damage":8,"enemies":"Snake Plant","floor":25,"turns":3},{"damage":25,"enemies":"Shelled Parasite and Fungi","floor":29,"turns":4},{"damage":10,"enemies":"Snecko","floor":31,"turns":4},{"damage":60,"enemies":"Collector","floor":33,"turns":8},{"damage":17,"enemies":"Orb Walker","floor":35,"turns":3},{"damage":17,"enemies":"3 Darklings","floor":36,"turns":3},{"damage":12,"enemies":"Maw","floor":37,"turns":8},{"damage":60,"enemies":"Writhing Mass","floor":41,"turns":5}],"seed_played":"-8304036883160126016","potions_obtained":[{"floor":1,"key":"SneckoOil"},{"floor":2,"key":"SpeedPotion"},{"floor":4,"key":"Energy Potion"},{"floor":13,"key":"Regen Potion"},{"floor":18,"key":"Energy Potion"},{"floor":21,"key":"AttackPotion"},{"floor":24,"key":"Fire Potion"},{"floor":33,"key":"Strength Potion"},{"floor":36,"key":"SpeedPotion"}],"is_trial":false,"path_per_floor":["M","M","M","M","?","E","?","$","T","$","R","$","E","$","R","B",null,"M","M","?","M","M","R","E","M","T","R","?","M","?","M","R","B",null,"M","M","M","?","$","R","M"],"character_chosen":"IRONCLAD","items_purchased":["Inflame","Shrug It Off","Demon Form","Bronze Scales"],"campfire_rested":3,"item_purchase_floors":[10,12,39,39],"current_hp_per_floor":[80,79,79,73,73,65,54,54,54,54,78,78,55,55,55,55,80,70,73,73,66,74,74,49,49,49,73,67,50,50,48,72,44,80,69,60,56,56,56,56,0],"gold":147,"neow_bonus":"TRANSFORM_TWO_CARDS","is_prod":false,"is_daily":false,"chose_seed":false,"campfire_upgraded":3,"win_rate":0,"timestamp":1555778105,"path_taken":["M","M","M","M","?","E","?","?","T","?","R","$","E","$","R","BOSS","M","?","?","M","?","R","E","M","T","R","?","M","?","M","R","BOSS","M","M","M","?","$","R","M"],"build_version":"2019-01-23","purchased_purges":3,"victory":false,"max_hp_per_floor":[80,80,80,80,80,80,80,80,80,80,80,80,80,80,80,80,80,80,80,80,80,80,80,80,80,80,80,80,80,80,80,80,80,80,80,80,80,80,80,80,80],"card_choices":[{"not_picked":["Ghostly Armor","Armaments"],"picked":"Whirlwind","floor":1},{"not_picked":["Shrug It Off","Armaments"],"picked":"Spot Weakness","floor":2},{"not_picked":["Headbutt","Power Through"],"picked":"Spot Weakness","floor":3},{"not_picked":["Evolve","Cleave"],"picked":"Twin Strike","floor":4},{"not_picked":["Clothesline","True Grit"],"picked":"Anger","floor":6},{"not_picked":["Clash","Metallicize"],"picked":"Double Tap","floor":13},{"not_picked":["Juggernaut","Exhume"],"picked":"Immolate","floor":16},{"not_picked":["Entrench","Sentinel+1"],"picked":"Shrug It Off","floor":18},{"not_picked":["Sword Boomerang","Havoc"],"picked":"Cleave+1","floor":19},{"not_picked":["Entrench","Thunderclap","Havoc+1"],"picked":"SKIP","floor":21},{"not_picked":["Shrug It Off","Heavy Blade+1"],"picked":"Armaments","floor":22},{"not_picked":["Rampage","Shrug It Off"],"picked":"Flex","floor":24},{"not_picked":["Shrug It Off","Sword Boomerang","Headbutt"],"picked":"SKIP","floor":25},{"not_picked":["Clash+1","Battle Trance"],"picked":"Shrug It Off+1","floor":29},{"not_picked":["Rampage","Blood for Blood+1","Sever Soul"],"picked":"SKIP","floor":31},{"not_picked":["Reaper","Berserk"],"picked":"Double Tap","floor":33},{"not_picked":["Hemokinesis+1","Armaments"],"picked":"Flame Barrier","floor":35},{"not_picked":["True Grit+1","Searing Blow+1"],"picked":"Iron Wave+1","floor":36},{"not_picked":["Pommel Strike","Feel No Pain+1","Headbutt"],"picked":"SKIP","floor":37}],"player_experience":191958,"relics_obtained":[{"floor":6,"key":"Smiling Mask"},{"floor":9,"key":"Blood Vial"},{"floor":13,"key":"Meat on the Bone"},{"floor":24,"key":"PreservedInsect"},{"floor":26,"key":"Lantern"}],"event_choices":[{"damage_healed":0,"gold_gain":0,"player_choice":"Take Wound","damage_taken":0,"relics_obtained":["Golden Idol"],"max_hp_gain":0,"max_hp_loss":0,"event_name":"Golden Idol","floor":5,"gold_loss":0,"cards_obtained":["Injury"]},{"damage_healed":0,"gold_gain":75,"player_choice":"Gather Gold","damage_taken":11,"max_hp_gain":0,"max_hp_loss":0,"event_name":"World of Goop","floor":7,"gold_loss":0},{"damage_healed":0,"gold_gain":0,"player_choice":"Upgraded","damage_taken":0,"max_hp_gain":0,"max_hp_loss":0,"event_name":"Upgrade Shrine","floor":20,"gold_loss":0,"cards_upgraded":["Whirlwind"]},{"damage_healed":0,"gold_gain":0,"player_choice":"Joined the Cult","damage_taken":6,"max_hp_gain":0,"max_hp_loss":0,"event_name":"Nest","floor":28,"gold_loss":0,"cards_obtained":["RitualDagger"]},{"damage_healed":0,"gold_gain":0,"player_choice":"Obtained Relic","damage_taken":0,"relics_obtained":["Happy Flower"],"max_hp_gain":0,"max_hp_loss":0,"event_name":"Addict","floor":30,"gold_loss":85},{"cards_removed":["Inflame"],"damage_healed":0,"gold_gain":0,"player_choice":"Removed Power","damage_taken":0,"max_hp_gain":0,"max_hp_loss":0,"event_name":"Falling","floor":38,"gold_loss":0}],"is_beta":false,"boss_relics":[{"not_picked":["Lizard Tail","Snecko Eye"],"picked":"Velvet Choker"},{"not_picked":["Black Star","Astrolabe"],"picked":"Pandora\u0027s Box"}],"items_purged_floors":[8,14,39],"is_endless":false,"potions_floor_spawned":[1,2,4,13,18,21,24,33,36],"killed_by":"Writhing Mass","ascension_level":0}