{"gold_per_floor":[113,113,113,127,77,77,106,106,106,106,130,145,17,36,36,111,111,129,44,44,61,111,111,128,128,128,139,0,0,0,16,16,93,93,106,106,120,140,150,150,73,73,97,97,97,113,129,146,146,146],"floor_reached":51,"playtime":3385,"items_purged":["Defend_G","Defend_G"],"score":1118,"play_id":"2668c9d7-5526-4830-86cf-d452b630de74","local_time":"20190426140854","is_ascension_mode":true,"campfire_choices":[{"data":"Tactician","floor":6.0,"key":"SMITH"},{"data":"Well Laid Plans","floor":8.0,"key":"SMITH"},{"data":"Leg Sweep","floor":15.0,"key":"SMITH"},{"data":"Corpse Explosion","floor":23.0,"key":"SMITH"},{"floor":25.0,"key":"REST"},{"data":"Noxious Fumes","floor":29.0,"key":"SMITH"},{"data":"Backflip","floor":32.0,"key":"SMITH"},{"data":"Footwork","floor":40.0,"key":"SMITH"},{"data":"Adrenaline","floor":42.0,"key":"SMITH"},{"data":"Footwork","floor":44.0,"key":"SMITH"},{"floor":49,"key":"REST"}],"neow_cost":"NONE","seed_source_timestamp":12232015198514,"circlet_count":0,"master_deck":["AscendersBane","Defend_G","Defend_G","Defend_G","Strike_G","Strike_G","Strike_G","Survivor","Neutralize","Well Laid Plans+1","Leg Sweep+1","Tactician+1","Footwork+1","Blade Dance","Dash","Deadly Poison","Dagger Throw","Corpse Explosion+1","Noxious Fumes+1","Footwork+1","Backflip+1","Noxious Fumes+1","Bane+1","Adrenaline+1","Acrobatics"],"special_seed":0,"relics":["Ring of the Snake","NeowsBlessing","Snake Skull","Ornamental Fan","Odd Mushroom","Philosopher\u0027s Stone","Singing Bowl","Torii","Sozu","Potion Belt"],"potions_floor_usage":[],"damage_taken":[{"damage":0.0,"enemies":"Jaw Worm","floor":1.0,"turns":1.0},{"damage":0.0,"enemies":"Small Slimes","floor":4.0,"turns":2.0},{"damage":0.0,"enemies":"3 Sentries","floor":7.0,"turns":2.0},{"damage":4.0,"enemies":"The Mushroom Lair","floor":11.0,"turns":11.0},{"damage":0.0,"enemies":"Cultist","floor":12.0,"turns":5.0},{"damage":9.0,"enemies":"3 Louse","floor":14.0,"turns":5.0},{"damage":32.0,"enemies":"Slime Boss","floor":16.0,"turns":16.0},{"damage":0.0,"enemies":"Chosen","floor":18.0,"turns":5.0},{"damage":10.0,"enemies":"Spheric Guardian","floor":21.0,"turns":6.0},{"damage":30.0,"enemies":"Snake Plant","floor":24.0,"turns":5.0},{"damage":7.0,"enemies":"Centurion and Healer","floor":27.0,"turns":5.0},{"damage":1.0,"enemies":"Snecko","floor":31.0,"turns":5.0},{"damage":31.0,"enemies":"Automaton","floor":33.0,"turns":10.0},{"damage":1.0,"enemies":"Orb Walker","floor":35.0,"turns":4.0},{"damage":0.0,"enemies":"3 Shapes","floor":37.0,"turns":6.0},{"damage":10.0,"enemies":"Writhing Mass","floor":38.0,"turns":7.0},{"damage":1.0,"enemies":"4 Shapes","floor":39.0,"turns":5.0},{"damage":1.0,"enemies":"Transient","floor":46.0,"turns":5.0},{"damage":12.0,"enemies":"Spire Growth","floor":47.0,"turns":6.0},{"damage":25,"enemies":"Jaw Worm Horde","floor":48,"turns":3},{"damage":18,"enemies":"Time Eater","floor":50,"turns":12}],"seed_played":"-3409941190120233022","potions_obtained":[{"floor":1.0,"key":"FearPotion"},{"floor":7.0,"key":"GamblersBrew"},{"floor":12.0,"key":"Swift Potion"},{"floor":33.0,"key":"SkillPotion"}],"is_trial":false,"path_per_floor":["M","?","?","M","?","R","E","R","T","?","?","M","$","M","R","B",null,"M","?","?","M","?","R","M","R","T","M","$","R","$","M","R","B",null,"M","?","M","M","M","R","$","R","T","R","$","M","M","M","R","B",null],"character_chosen":"THE_SILENT","items_purchased":["Deadly Poison","Footwork","Adrenaline"],"campfire_rested":2,"item_purchase_floors":[13,28,41],"current_hp_per_floor":[63,68,68,68,68,68,68,68,68,68,64,64,64,55,55,23,62,62,62,62,54,54,54,26,49,49,42,42,42,42,41,41,12,64,65,65,67,57,58,58,58,58,58,58,58,57,47,24,51,33],"gold":146,"neow_bonus":"THREE_ENEMY_KILL","is_prod":false,"is_daily":false,"chose_seed":false,"campfire_upgraded":9,"win_rate":0,"timestamp":1556255334,"path_taken":["M","?","?","?","?","R","E","R","T","?","?","M","$","M","R","BOSS","M","?","?","M","?","R","M","R","T","M","$","R","$","?","R","BOSS","M","?","M","?","M","R","$","R","T","R","?","M","M","M","R","BOSS"],"build_version":"2019-01-23","purchased_purges":2,"victory":true,"max_hp_per_floor":[70,75,75,75,75,75,75,75,75,75,75,75,75,75,75,75,75,75,75,75,77,77,77,79,79,79,79,79,79,79,79,79,81,81,83,83,85,85,87,87,87,87,87,87,87,87,89,91,91,91],"card_choices":[{"not_picked":["Flechettes","Deadly Poison"],"picked":"Well Laid Plans","floor":1.0},{"not_picked":["Setup","Deflect"],"picked":"Tactician","floor":4.0},{"not_picked":["Outmaneuver","Blade Dance"],"picked":"Footwork","floor":7.0},{"not_picked":["Terror","Catalyst"],"picked":"Blade Dance","floor":11.0},{"not_picked":["Deflect","Bane"],"picked":"Dash","floor":12.0},{"not_picked":["Choke","Skewer"],"picked":"Dagger Throw","floor":14.0},{"not_picked":["Venomology","Unload"],"picked":"Corpse Explosion","floor":16.0},{"not_picked":["Expertise","Bane","Flying Knee"],"picked":"SKIP","floor":18.0},{"not_picked":["Deflect","Deadly Poison","Underhanded Strike"],"picked":"Singing Bowl","floor":21.0},{"not_picked":["Masterful Stab","Choke","Blade Dance+1"],"picked":"Singing Bowl","floor":24.0},{"not_picked":["Caltrops","Blade Dance+1"],"picked":"Noxious Fumes","floor":27.0},{"not_picked":["Deflect","Reflex"],"picked":"Backflip","floor":31.0},{"not_picked":["A Thousand Cuts","Unload","Envenom"],"picked":"Singing Bowl","floor":33.0},{"not_picked":["Dagger Throw","Prepared","Sucker Punch"],"picked":"Singing Bowl","floor":35.0},{"not_picked":["Dagger Spray+1","Dagger Throw","Underhanded Strike"],"picked":"Singing Bowl","floor":37.0},{"not_picked":["Concentrate+1","PiercingWail"],"picked":"Bane+1","floor":38.0},{"not_picked":["Dodge and Roll","Terror","Well Laid Plans"],"picked":"Singing Bowl","floor":39.0},{"not_picked":["Bullet Time","Poisoned Stab"],"picked":"Acrobatics","floor":46.0},{"not_picked":["Caltrops","Poisoned Stab+1","PiercingWail"],"picked":"Singing Bowl","floor":47.0},{"not_picked":["Sucker Punch","Endless Agony","PiercingWail"],"picked":"Singing Bowl","floor":48}],"player_experience":705589,"relics_obtained":[{"floor":7.0,"key":"Snake Skull"},{"floor":9.0,"key":"Ornamental Fan"},{"floor":11.0,"key":"Odd Mushroom"},{"floor":26.0,"key":"Torii"},{"floor":43.0,"key":"Potion Belt"}],"event_choices":[{"damage_healed":0.0,"max_hp_gain":5.0,"max_hp_loss":0.0,"gold_gain":0.0,"event_name":"Big Fish","player_choice":"Donut","floor":2.0,"gold_loss":0.0,"damage_taken":0.0},{"damage_healed":0.0,"max_hp_gain":0.0,"max_hp_loss":0.0,"gold_gain":0.0,"cards_transformed":["Strike_G"],"event_name":"Transmorgrifier","player_choice":"Transformed","floor":3.0,"gold_loss":0.0,"damage_taken":0.0,"cards_obtained":["Leg Sweep"]},{"cards_removed":["Strike_G"],"damage_healed":0.0,"max_hp_gain":0.0,"max_hp_loss":0.0,"gold_gain":0.0,"event_name":"The Cleric","player_choice":"Card Removal","floor":5.0,"gold_loss":50.0,"damage_taken":0.0},{"damage_healed":0.0,"max_hp_gain":0.0,"max_hp_loss":0.0,"gold_gain":0.0,"event_name":"Liars Game","player_choice":"Ignored","floor":10.0,"gold_loss":0.0,"damage_taken":0.0},{"damage_healed":0.0,"max_hp_gain":0.0,"max_hp_loss":0.0,"gold_gain":0.0,"event_name":"Mushrooms","player_choice":"Fought Mushrooms","floor":11.0,"gold_loss":0.0,"damage_taken":0.0},{"damage_healed":0.0,"max_hp_gain":0.0,"max_hp_loss":0.0,"gold_gain":0.0,"event_name":"Addict","player_choice":"Obtained Relic","floor":19.0,"gold_loss":85.0,"damage_taken":0.0,"relics_obtained":["Singing Bowl"]},{"damage_healed":0.0,"max_hp_gain":0.0,"max_hp_loss":0.0,"gold_gain":0.0,"event_name":"Beggar","player_choice":"Ignored","floor":20.0,"gold_loss":0.0,"damage_taken":0.0},{"damage_healed":0.0,"max_hp_gain":0.0,"max_hp_loss":0.0,"gold_gain":100.0,"event_name":"The Joust","player_choice":"Bet on Murderer","floor":22.0,"gold_loss":50.0,"damage_taken":0.0},{"damage_healed":0.0,"max_hp_gain":0.0,"max_hp_loss":0.0,"gold_gain":0.0,"event_name":"Duplicator","player_choice":"Copied","floor":36.0,"gold_loss":0.0,"damage_taken":0.0,"cards_obtained":["Noxious Fumes"]}],"is_beta":false,"boss_relics":[{"not_picked":["HoveringKite","Cursed Key"],"picked":"Philosopher\u0027s Stone"},{"not_picked":["Tiny House","Coffee Dripper"],"picked":"Sozu"}],"items_purged_floors":[13,28],"is_endless":false,"potions_floor_spawned":[1,7,12,33,39,47,48],"ascension_level":13}