{"gold_per_floor":[116,131,131,142,92,92,102,136,136,311,61,76,96,96,96,198,198,213,224,25,38,38,66,66,76,150,150,150,6,40,51,51,51],"floor_reached":33,"playtime":1457,"items_purged":["Strike_R"],"score":287,"play_id":"64f7057b-a2d5-4275-8dc5-e678f28c51fa","local_time":"20190422155505","is_ascension_mode":false,"campfire_choices":[{"data":"Armaments","floor":6,"key":"SMITH"},{"data":"Shockwave","floor":15,"key":"SMITH"},{"data":"Bash","floor":24,"key":"SMITH"},{"floor":32,"key":"REST"}],"neow_cost":"CURSE","seed_source_timestamp":593733512655800,"circlet_count":0,"master_deck":["Strike_R","Strike_R","Strike_R","Defend_R","Defend_R","Defend_R","Bash+1","Second Wind","Exhume","Shockwave+1","Anger+1","Armaments+1","Bludgeon","Offering","Feel No Pain","Dark Embrace","Headbutt+1","True Grit+1","Blood for Blood","Shrug It Off"],"relics":["Burning Blood","FossilizedHelix","Magic Flower","Paper Frog","Busted Crown","Strange Spoon","WarpedTongs","Kunai","Mercury Hourglass","Whetstone","Dodecahedron"],"potions_floor_usage":[16,16,23,23,30],"damage_taken":[{"damage":4,"enemies":"Cultist","floor":1,"turns":4},{"damage":2,"enemies":"Small Slimes","floor":2,"turns":5},{"damage":2,"enemies":"2 Louse","floor":4,"turns":2},{"damage":9,"enemies":"Lots of Slimes","floor":7,"turns":6},{"damage":24,"enemies":"Gremlin Nob","floor":8,"turns":4},{"damage":0,"enemies":"Exordium Thugs","floor":12,"turns":3},{"damage":0,"enemies":"Looter","floor":13,"turns":3},{"damage":35,"enemies":"Hexaghost","floor":16,"turns":6},{"damage":4,"enemies":"Shell Parasite","floor":18,"turns":3},{"damage":0,"enemies":"Chosen","floor":19,"turns":3},{"damage":15,"enemies":"Centurion and Healer","floor":21,"turns":4},{"damage":20,"enemies":"Book of Stabbing","floor":23,"turns":6},{"damage":44,"enemies":"Snake Plant","floor":25,"turns":3},{"damage":17,"enemies":"Slavers","floor":30,"turns":4},{"damage":9,"enemies":"Cultist and Chosen","floor":31,"turns":5},{"damage":69,"enemies":"Collector","floor":33,"turns":6}],"seed_played":"4121860406699455127","potions_obtained":[{"floor":7,"key":"SkillPotion"},{"floor":12,"key":"SkillPotion"},{"floor":13,"key":"PowerPotion"},{"floor":21,"key":"Weak Potion"},{"floor":25,"key":"Fire Potion"}],"is_trial":false,"path_per_floor":["M","M","?","M","?","R","M","E","T","?","$","M","M","?","R","B",null,"M","M","$","M","?","E","R","M","T","T","?","$","E","M","R","B"],"character_chosen":"IRONCLAD","items_purchased":["Paper Frog","Strange Spoon","Blood for Blood"],"campfire_rested":1,"item_purchase_floors":[11,20,29],"current_hp_per_floor":[80,80,85,85,85,85,82,64,64,64,64,73,82,82,82,56,85,85,85,85,79,79,68,68,33,33,33,33,33,25,25,50,0],"gold":51,"neow_bonus":"TRANSFORM_TWO_CARDS","is_prod":false,"is_daily":false,"chose_seed":false,"campfire_upgraded":3,"win_rate":0,"timestamp":1555962905,"path_taken":["M","M","?","M","?","R","M","E","T","?","$","M","M","?","R","BOSS","M","M","$","M","?","E","R","?","T","?","?","?","E","?","R","BOSS"],"build_version":"2019-01-23","purchased_purges":1,"victory":false,"max_hp_per_floor":[80,80,85,85,85,85,85,85,85,85,85,85,85,85,85,85,85,85,85,85,85,85,85,85,85,85,85,85,85,85,85,85,85],"card_choices":[{"not_picked":["Havoc","Cleave"],"picked":"Shockwave","floor":1},{"not_picked":["Body Slam","Clothesline"],"picked":"Anger","floor":2},{"not_picked":["Body Slam","Evolve"],"picked":"Armaments","floor":4},{"not_picked":["Body Slam","Perfected Strike"],"picked":"Bludgeon","floor":7},{"not_picked":["Pummel","Thunderclap"],"picked":"Offering","floor":8},{"not_picked":["Bloodletting","Headbutt"],"picked":"Feel No Pain","floor":12},{"not_picked":["Heavy Blade","Searing Blow","Clash"],"picked":"SKIP","floor":13},{"not_picked":["Brutality","Feed"],"picked":"Dark Embrace","floor":16},{"not_picked":[],"picked":"Headbutt","floor":18},{"not_picked":["Spot Weakness"],"picked":"SKIP","floor":19},{"not_picked":["Dual Wield"],"picked":"SKIP","floor":21},{"not_picked":["Clash+1"],"picked":"SKIP","floor":23},{"not_picked":[],"picked":"True Grit+1","floor":25},{"not_picked":[],"picked":"Shrug It Off","floor":30},{"not_picked":["Reckless Charge"],"picked":"SKIP","floor":31}],"player_experience":212521,"relics_obtained":[{"floor":8,"key":"FossilizedHelix"},{"floor":9,"key":"Magic Flower"},{"floor":23,"key":"Kunai"},{"floor":26,"key":"Mercury Hourglass"},{"floor":27,"key":"Whetstone"},{"floor":30,"key":"Dodecahedron"}],"event_choices":[{"damage_healed":0,"gold_gain":0,"player_choice":"Donut","damage_taken":0,"max_hp_gain":5,"max_hp_loss":0,"event_name":"Big Fish","floor":3,"gold_loss":0},{"cards_removed":["Shame"],"damage_healed":0,"gold_gain":0,"player_choice":"Card Removal","damage_taken":0,"max_hp_gain":0,"max_hp_loss":0,"event_name":"The Cleric","floor":5,"gold_loss":50},{"damage_healed":0,"gold_gain":175,"player_choice":"AGREE","damage_taken":0,"max_hp_gain":0,"max_hp_loss":0,"event_name":"Liars Game","floor":10,"gold_loss":0,"cards_obtained":["Doubt"]},{"cards_removed":["Doubt"],"damage_healed":0,"gold_gain":0,"player_choice":"Forget","damage_taken":0,"max_hp_gain":0,"max_hp_loss":0,"event_name":"Living Wall","floor":14,"gold_loss":0},{"damage_healed":0,"gold_gain":0,"player_choice":"Rummage","damage_taken":0,"relics_obtained":["WarpedTongs"],"max_hp_gain":0,"max_hp_loss":0,"event_name":"Accursed Blacksmith","floor":22,"gold_loss":0,"cards_obtained":["Pain"]},{"cards_removed":["Pain"],"damage_healed":0,"gold_gain":0,"player_choice":"Elegance","damage_taken":0,"max_hp_gain":0,"max_hp_loss":0,"event_name":"Back to Basics","floor":28,"gold_loss":0}],"is_beta":false,"boss_relics":[{"not_picked":["Fusion Hammer","Runic Pyramid"],"picked":"Busted Crown"}],"items_purged_floors":[29],"is_endless":false,"potions_floor_spawned":[7,12,13,21,25],"killed_by":"Collector","ascension_level":0}