{"gold_per_floor":[119,137,137,148,172,172,190,203,230,248,248,9,35,35,35,130,180,197,49,49,149,149,149,167,167,190,190,201,213,213,238,238,341,341,358,45,45,90,137,137,155,155,203,218,218],"floor_reached":45,"playtime":1934,"items_purged":["Defend_R"],"score":431,"play_id":"48f9ad59-f4f5-421f-a930-a87de9cb59f4","local_time":"20190419150133","is_ascension_mode":false,"campfire_choices":[{"data":"Armaments","floor":6.0,"key":"SMITH"},{"data":"Armaments","floor":11,"key":"SMITH"},{"floor":15,"key":"REST"},{"floor":23,"key":"REST"},{"floor":25,"key":"REST"},{"data":"True Grit","floor":27,"key":"SMITH"},{"floor":32,"key":"REST"},{"floor":40,"key":"REST"}],"neow_cost":"NONE","seed_source_timestamp":0,"circlet_count":0,"master_deck":["Strike_R","Strike_R","Strike_R","Strike_R","Defend_R","Defend_R","Defend_R+1","Bash","True Grit+1","Armaments+1","Wild Strike","Twin Strike","Armaments+1","Headbutt+1","Cleave+1","Clash+1","J.A.X.","Shrug It Off","Twin Strike+1","Pommel Strike+1","Wild Strike+1","Perfected Strike+1","Flex+1","Anger+1"],"special_seed":0,"relics":["Burning Blood","Happy Flower","Omamori","Potion Belt","Molten Egg 2","Ginger","Tiny House","Ancient Tea Set","Charon\u0027s Ashes","Mercury Hourglass","Nilry\u0027s Codex","Oddly Smooth Stone","Smiling Mask","Velvet Choker","Tiny Chest","Blood Vial","Bag of Marbles","Calipers","Centennial Puzzle"],"potions_floor_usage":[16,16,18,18,31,33,33,39],"damage_taken":[{"damage":4.0,"enemies":"2 Louse","floor":1.0,"turns":3.0},{"damage":6.0,"enemies":"Jaw Worm","floor":2.0,"turns":4.0},{"damage":4.0,"enemies":"Cultist","floor":4.0,"turns":4.0},{"damage":1.0,"enemies":"3 Louse","floor":7.0,"turns":3.0},{"damage":0,"enemies":"Exordium Wildlife","floor":8,"turns":2},{"damage":10,"enemies":"Looter","floor":10,"turns":3},{"damage":11,"enemies":"Gremlin Nob","floor":13,"turns":4},{"damage":35,"enemies":"Hexaghost","floor":16,"turns":7},{"damage":0,"enemies":"Spheric Guardian","floor":18,"turns":3},{"damage":25,"enemies":"Colosseum Slavers","floor":21,"turns":4},{"damage":25,"enemies":"Colosseum Nobs","floor":21,"turns":5},{"damage":5,"enemies":"3 Byrds","floor":24,"turns":4},{"damage":13,"enemies":"Sentry and Sphere","floor":28,"turns":5},{"damage":9,"enemies":"Snake Plant","floor":29,"turns":4},{"damage":19,"enemies":"Book of Stabbing","floor":31,"turns":5},{"damage":40,"enemies":"Collector","floor":33,"turns":7},{"damage":24,"enemies":"3 Darklings","floor":35,"turns":4},{"damage":40,"enemies":"2 Orb Walkers","floor":39,"turns":5},{"damage":7,"enemies":"Orb Walker","floor":41,"turns":2},{"damage":52,"enemies":"Maw","floor":44,"turns":6},{"damage":19,"enemies":"3 Darklings","floor":45,"turns":2}],"seed_played":"-4249678861049483674","potions_obtained":[{"floor":4.0,"key":"FearPotion"},{"floor":8,"key":"AttackPotion"},{"floor":10,"key":"Fire Potion"},{"floor":17,"key":"Explosive Potion"},{"floor":28,"key":"Strength Potion"},{"floor":29,"key":"AttackPotion"},{"floor":31,"key":"Explosive Potion"},{"floor":35,"key":"Block Potion"}],"is_trial":false,"path_per_floor":["M","M","?","M","T","R","M","M","T","M","R","$","E","?","R","B",null,"M","$","?","?","?","R","M","R","T","R","M","M","?","E","R","B",null,"M","$","?","T","?","R","M","$","T","M","M"],"character_chosen":"IRONCLAD","items_purchased":["Molten Egg 2","Ancient Tea Set","Tiny Chest","Blood Vial"],"campfire_rested":5,"item_purchase_floors":[12,19,36,36],"current_hp_per_floor":[80,80,80,80,80,80,80,80,80,76,76,76,71,64,80,51,85,85,85,85,47,31,56,57,82,82,82,75,72,72,59,84,50,85,67,67,67,67,35,60,61,61,61,17,0],"gold":218,"neow_bonus":"RANDOM_COMMON_RELIC","is_prod":false,"is_daily":false,"chose_seed":false,"campfire_upgraded":3,"win_rate":0,"timestamp":1555700493,"path_taken":["M","M","?","M","?","R","M","?","T","M","R","$","E","?","R","BOSS","M","$","?","?","?","R","M","R","T","R","M","M","?","E","R","BOSS","M","$","?","?","?","R","M","?","T","M","M"],"build_version":"2019-01-23","purchased_purges":1,"victory":false,"max_hp_per_floor":[80,80,80,80,80,80,80,80,80,80,80,80,80,80,80,80,85,85,85,85,85,85,85,85,85,85,85,85,85,85,85,85,85,85,85,85,85,85,85,85,85,85,85,85,85],"card_choices":[{"not_picked":["Flame Barrier","Seeing Red"],"picked":"True Grit","floor":1.0},{"not_picked":["Dual Wield","Warcry","Second Wind"],"picked":"SKIP","floor":2.0},{"not_picked":["Twin Strike","Headbutt"],"picked":"Armaments","floor":4.0},{"not_picked":["Rampage","Bloodletting"],"picked":"Wild Strike","floor":7},{"not_picked":["Pommel Strike","Combust"],"picked":"Twin Strike","floor":8},{"not_picked":["Corruption","Heavy Blade"],"picked":"Armaments","floor":10},{"not_picked":["Flame Barrier","Shockwave"],"picked":"Headbutt+1","floor":13},{"not_picked":["True Grit","Sword Boomerang+1"],"picked":"Cleave+1","floor":17},{"not_picked":["Entrench+1","Sword Boomerang+1"],"picked":"Clash+1","floor":18},{"not_picked":["Evolve","Flame Barrier"],"picked":"Shrug It Off","floor":21},{"not_picked":["Evolve","Warcry"],"picked":"Twin Strike+1","floor":24},{"not_picked":["Cleave+1","Double Tap"],"picked":"Pommel Strike+1","floor":28},{"not_picked":["Dual Wield","Power Through","Armaments+1"],"picked":"SKIP","floor":29},{"not_picked":["Limit Break","Armaments"],"picked":"Perfected Strike+1","floor":31},{"not_picked":["Shrug It Off","Thunderclap+1","Searing Blow+1"],"picked":"SKIP","floor":35},{"not_picked":["Iron Wave+1","Shrug It Off+1"],"picked":"Flex+1","floor":41},{"not_picked":["Seeing Red+1","Sword Boomerang+1"],"picked":"Anger+1","floor":44}],"player_experience":190024,"relics_obtained":[{"floor":5.0,"key":"Omamori"},{"floor":9,"key":"Potion Belt"},{"floor":13,"key":"Ginger"},{"floor":21,"key":"Charon\u0027s Ashes"},{"floor":21,"key":"Mercury Hourglass"},{"floor":22,"key":"Nilry\u0027s Codex"},{"floor":26,"key":"Oddly Smooth Stone"},{"floor":31,"key":"Smiling Mask"},{"floor":38,"key":"Bag of Marbles"},{"floor":39,"key":"Calipers"},{"floor":43,"key":"Centennial Puzzle"}],"event_choices":[{"damage_healed":0.0,"max_hp_gain":0.0,"max_hp_loss":0.0,"gold_gain":0.0,"event_name":"Liars Game","player_choice":"Ignored","floor":3.0,"gold_loss":0.0,"damage_taken":0.0},{"cards_removed":["Strike_R"],"damage_healed":0,"gold_gain":0,"player_choice":"Card Removal","damage_taken":7,"max_hp_gain":0,"max_hp_loss":0,"event_name":"Golden Wing","floor":14,"gold_loss":0},{"damage_healed":0,"gold_gain":0,"player_choice":"Obtain J.A.X.","damage_taken":0,"max_hp_gain":0,"max_hp_loss":0,"event_name":"Drug Dealer","floor":20,"gold_loss":0,"cards_obtained":["J.A.X."]},{"damage_healed":0,"gold_gain":0,"player_choice":"Fight","damage_taken":0,"max_hp_gain":0,"max_hp_loss":0,"event_name":"Colosseum","floor":21,"gold_loss":0},{"damage_healed":0,"gold_gain":0,"player_choice":"Fought Nobs","damage_taken":0,"max_hp_gain":0,"max_hp_loss":0,"event_name":"Colosseum","floor":21,"gold_loss":0},{"damage_healed":0,"gold_gain":0,"player_choice":"Obtained Book","damage_taken":16,"max_hp_gain":0,"max_hp_loss":0,"event_name":"Cursed Tome","floor":22,"gold_loss":0},{"damage_healed":0,"gold_gain":0,"player_choice":"Read","damage_taken":0,"max_hp_gain":0,"max_hp_loss":0,"event_name":"The Library","floor":30,"gold_loss":0,"cards_obtained":["Wild Strike"]},{"damage_healed":0,"gold_gain":0,"player_choice":"Memory 1","damage_taken":0,"max_hp_gain":0,"max_hp_loss":0,"event_name":"SensoryStone","floor":37,"gold_loss":0},{"damage_healed":0,"gold_gain":0,"player_choice":"Fight","damage_taken":0,"max_hp_gain":0,"max_hp_loss":0,"event_name":"Mysterious Sphere","floor":39,"gold_loss":0}],"is_beta":false,"boss_relics":[{"not_picked":["Coffee Dripper","Eternal Feather"],"picked":"Tiny House"},{"not_picked":["Runic Pyramid","Orrery"],"picked":"Velvet Choker"}],"items_purged_floors":[36],"is_endless":false,"potions_floor_spawned":[4,8,10,28,29,31,35],"killed_by":"3 Darklings","ascension_level":0}