{"gold_per_floor":[116,116,130,146,32,57,57,57,57,67,67,98,75,92,92,170,170,181,181,96,96,110,145,145,45,45,45,45,45,60,88,88,165,165,184,284,334,128,128,128,138,157,230,32,46,46,73,73,73,73],"floor_reached":51,"playtime":7382,"items_purged":["Injury","Strike_B","Strike_B"],"score":1415,"play_id":"3128eba6-0458-4c8c-9a41-1d3f4b3052b2","local_time":"20190426003349","is_ascension_mode":true,"campfire_choices":[{"data":"Chill","floor":8.0,"key":"SMITH"},{"floor":11.0,"key":"REST"},{"data":"Reinforced Body","floor":15.0,"key":"SMITH"},{"floor":24.0,"key":"REST"},{"data":"Buffer","floor":27.0,"key":"SMITH"},{"data":"Loop","floor":29.0,"key":"SMITH"},{"floor":32.0,"key":"REST"},{"floor":40.0,"key":"REST"},{"floor":49,"key":"REST"}],"neow_cost":"TEN_PERCENT_HP_LOSS","seed_source_timestamp":1623347370493,"circlet_count":0,"master_deck":["AscendersBane","Strike_B","Strike_B","Defend_B","Defend_B","Defend_B","Zap","Dualcast","Thunder Strike","Chill+1","Reinforced Body+1","Ball Lightning","Loop+1","Electrodynamics","Coolheaded","Cold Snap","Buffer+1","RitualDagger","Glacier+1","Sunder","Thunder Strike","Buffer","Tempest+1","White Noise+1","Redo+1","Self Repair","Undo+1","Coolheaded+1"],"special_seed":0,"relics":["Cracked Core","Symbiotic Virus","Potion Belt","Blue Candle","Snecko Eye","MutagenicStrength","Bag of Marbles","Gremlin Horn","Toxic Egg 2","Oddly Smooth Stone","Fusion Hammer","Peace Pipe","Incense Burner","Mercury Hourglass","The Courier","Runic Capacitor","Dream Catcher","Meat on the Bone"],"potions_floor_usage":[50,50,50,50],"damage_taken":[{"damage":0.0,"enemies":"Small Slimes","floor":1.0,"turns":3.0},{"damage":1.0,"enemies":"Cultist","floor":3.0,"turns":4.0},{"damage":9.0,"enemies":"2 Louse","floor":4.0,"turns":3.0},{"damage":26.0,"enemies":"Lagavulin","floor":6.0,"turns":8.0},{"damage":10.0,"enemies":"Large Slime","floor":10.0,"turns":3.0},{"damage":0.0,"enemies":"3 Sentries","floor":12.0,"turns":5.0},{"damage":0.0,"enemies":"3 Louse","floor":14.0,"turns":3.0},{"damage":12.0,"enemies":"The Guardian","floor":16.0,"turns":17.0},{"damage":20.0,"enemies":"3 Byrds","floor":18.0,"turns":4.0},{"damage":7.0,"enemies":"2 Thieves","floor":22.0,"turns":2.0},{"damage":11.0,"enemies":"Book of Stabbing","floor":23.0,"turns":6.0},{"damage":8.0,"enemies":"Cultist and Chosen","floor":30.0,"turns":5.0},{"damage":0.0,"enemies":"Slavers","floor":31.0,"turns":5.0},{"damage":9.0,"enemies":"Champ","floor":33.0,"turns":9.0},{"damage":3.0,"enemies":"Orb Walker","floor":35.0,"turns":4.0},{"damage":0.0,"enemies":"Mind Bloom Boss Battle","floor":36.0,"turns":5.0},{"damage":46.0,"enemies":"2 Orb Walkers","floor":37.0,"turns":6.0},{"damage":10.0,"enemies":"3 Darklings","floor":41.0,"turns":4.0},{"damage":4.0,"enemies":"Writhing Mass","floor":42.0,"turns":7.0},{"damage":0.0,"enemies":"4 Shapes","floor":45.0,"turns":1.0},{"damage":0,"enemies":"Nemesis","floor":47,"turns":5},{"damage":0,"enemies":"Awakened One","floor":50,"turns":16}],"seed_played":"-3563173967063192300","potions_obtained":[{"floor":4.0,"key":"SneckoOil"},{"floor":14.0,"key":"Poison Potion"},{"floor":23.0,"key":"Fire Potion"},{"floor":31.0,"key":"GamblersBrew"},{"floor":33.0,"key":"Regen Potion"},{"floor":37.0,"key":"LiquidBronze"},{"floor":41.0,"key":"SpeedPotion"},{"floor":42.0,"key":"FocusPotion"},{"floor":47,"key":"FearPotion"}],"is_trial":false,"path_per_floor":["M","?","M","M","$","E","?","R","T","M","R","E","$","M","R","B",null,"M","?","?","?","M","E","R","$","T","R","?","R","M","E","R","B",null,"M","?","?","$","?","R","M","M","T","$","M","?","E","?","R","B",null],"character_chosen":"DEFECT","items_purchased":["Loop","Cold Snap","Self Repair","Runic Capacitor","AttackPotion"],"campfire_rested":5,"item_purchase_floors":[5,13,38,44,44],"current_hp_per_floor":[64,64,63,54,54,28,33,33,33,23,43,43,43,43,43,31,60,40,40,40,34,27,16,36,36,36,36,36,36,28,28,48,39,62,69,69,23,23,23,43,33,36,36,36,36,36,43,43,63,69],"gold":73,"neow_bonus":"THREE_RARE_CARDS","is_prod":false,"is_daily":false,"chose_seed":false,"campfire_upgraded":4,"win_rate":0,"timestamp":1556253229,"path_taken":["M","?","M","?","?","E","?","R","T","M","R","E","$","M","R","BOSS","M","?","?","?","M","E","R","?","T","R","?","R","M","E","R","BOSS","M","?","?","$","?","R","M","?","T","?","M","?","E","?","R","BOSS"],"build_version":"2019-01-23","purchased_purges":3,"victory":true,"max_hp_per_floor":[64,64,64,64,64,64,69,69,69,69,69,69,69,69,69,69,69,69,69,69,69,69,69,69,69,69,69,69,69,69,69,69,69,69,69,69,69,69,69,69,69,69,69,69,69,69,69,69,69,69],"card_choices":[{"not_picked":["Meteor Strike","Amplify"],"picked":"Thunder Strike","floor":0.0},{"not_picked":["Barrage","Auto Shields"],"picked":"Chill","floor":1.0},{"not_picked":["Heatsinks","Gash"],"picked":"Ball Lightning","floor":3.0},{"not_picked":["Chaos","Steam Power","Streamline"],"picked":"SKIP","floor":4.0},{"not_picked":["Conserve Battery","Redo"],"picked":"Electrodynamics","floor":6.0},{"not_picked":["Hologram","Rebound","Gash"],"picked":"SKIP","floor":10.0},{"not_picked":["Blizzard","Barrage"],"picked":"Coolheaded","floor":12.0},{"not_picked":["Double Energy","Leap","Beam Cell"],"picked":"SKIP","floor":14.0},{"not_picked":["Electrodynamics","Seek"],"picked":"Buffer","floor":16.0},{"not_picked":["Gash","Streamline","Heatsinks"],"picked":"SKIP","floor":18.0},{"not_picked":["Storm","Coolheaded","Reprogram"],"picked":"SKIP","floor":22.0},{"not_picked":["Darkness","Fusion","Streamline"],"picked":"SKIP","floor":23.0},{"not_picked":["Sweeping Beam+1","Streamline"],"picked":"Sunder","floor":30.0},{"not_picked":["Barrage","Chaos+1"],"picked":"Thunder Strike","floor":31.0},{"not_picked":["Machine Learning","Thunder Strike"],"picked":"Buffer","floor":33.0},{"not_picked":["Rebound+1","Turbo+1"],"picked":"Tempest+1","floor":35.0},{"not_picked":["Auto Shields+1","Sweeping Beam"],"picked":"White Noise+1","floor":36.0},{"not_picked":["Storm","Heatsinks"],"picked":"Redo+1","floor":37.0},{"not_picked":["Chill+1","Chaos+1"],"picked":"Undo+1","floor":41.0},{"not_picked":["Fusion+1","Darkness+1","Ball Lightning"],"picked":"SKIP","floor":42.0},{"not_picked":["Reprogram+1","Turbo+1","Beam Cell"],"picked":"SKIP","floor":45.0},{"not_picked":["Turbo+1","Double Energy+1","Aggregate+1"],"picked":"SKIP","floor":47},{"not_picked":["Double Energy+1","Undo+1"],"picked":"Coolheaded+1","floor":49}],"player_experience":935450,"relics_obtained":[{"floor":6.0,"key":"Symbiotic Virus"},{"floor":9.0,"key":"Potion Belt"},{"floor":12.0,"key":"Blue Candle"},{"floor":23.0,"key":"Gremlin Horn"},{"floor":26.0,"key":"Toxic Egg 2"},{"floor":31.0,"key":"Oddly Smooth Stone"},{"floor":36.0,"key":"Peace Pipe"},{"floor":37.0,"key":"Incense Burner"},{"floor":43.0,"key":"The Courier"},{"floor":47,"key":"Dream Catcher"},{"floor":48,"key":"Meat on the Bone"}],"event_choices":[{"damage_healed":0.0,"max_hp_gain":0.0,"max_hp_loss":0.0,"gold_gain":0.0,"event_name":"Match and Keep!","player_choice":"2 cards matched","floor":2.0,"gold_loss":0.0,"damage_taken":0.0,"cards_obtained":["Injury","Reinforced Body"]},{"damage_healed":0.0,"max_hp_gain":5.0,"max_hp_loss":0.0,"gold_gain":0.0,"event_name":"Big Fish","player_choice":"Donut","floor":7.0,"gold_loss":0.0,"damage_taken":0.0},{"damage_healed":0.0,"max_hp_gain":0.0,"max_hp_loss":0.0,"gold_gain":0.0,"event_name":"Drug Dealer","player_choice":"Inject Mutagens","floor":19.0,"gold_loss":0.0,"damage_taken":0.0,"relics_obtained":["MutagenicStrength"]},{"damage_healed":0.0,"max_hp_gain":0.0,"max_hp_loss":0.0,"gold_gain":0.0,"event_name":"Addict","player_choice":"Obtained Relic","floor":20.0,"gold_loss":85.0,"damage_taken":0.0,"relics_obtained":["Bag of Marbles"]},{"damage_healed":0.0,"max_hp_gain":0.0,"max_hp_loss":0.0,"gold_gain":0.0,"event_name":"Nest","player_choice":"Joined the Cult","floor":21.0,"gold_loss":0.0,"damage_taken":6.0,"cards_obtained":["RitualDagger"]},{"damage_healed":0.0,"max_hp_gain":0.0,"max_hp_loss":0.0,"gold_gain":0.0,"event_name":"The Library","player_choice":"Read","floor":28.0,"gold_loss":0.0,"damage_taken":0.0,"cards_obtained":["Glacier"]},{"damage_healed":0.0,"max_hp_gain":0.0,"max_hp_loss":0.0,"gold_gain":0.0,"event_name":"MindBloom","player_choice":"Fight","floor":36.0,"gold_loss":0.0,"damage_taken":0.0},{"damage_healed":0.0,"max_hp_gain":0.0,"max_hp_loss":0.0,"gold_gain":0.0,"event_name":"Mysterious Sphere","player_choice":"Fight","floor":37.0,"gold_loss":0.0,"damage_taken":0.0},{"damage_healed":0.0,"max_hp_gain":0.0,"max_hp_loss":0.0,"gold_gain":0.0,"event_name":"WeMeetAgain","player_choice":"Gave Potion","floor":39.0,"gold_loss":0.0,"damage_taken":0.0,"relics_obtained":["Mercury Hourglass"]},{"cards_removed":["Defend_B"],"damage_healed":0.0,"max_hp_gain":0.0,"max_hp_loss":0.0,"gold_gain":0.0,"event_name":"Falling","player_choice":"Removed Skill","floor":46.0,"gold_loss":0.0,"damage_taken":0.0},{"damage_healed":0,"gold_gain":0,"player_choice":"Relic","damage_taken":0,"max_hp_gain":0,"max_hp_loss":0,"event_name":"Wheel of Change","floor":48,"gold_loss":0}],"is_beta":false,"boss_relics":[{"not_picked":["Velvet Choker","Tiny House"],"picked":"Snecko Eye"},{"not_picked":["FrozenCore","White Beast Statue"],"picked":"Fusion Hammer"}],"items_purged_floors":[5,25,38],"is_endless":false,"potions_floor_spawned":[4,14,23,31,33,37,41,42,47],"ascension_level":15}