{"gold_per_floor":[117,132,57,57,71,71,90,90,145,96,96,115,115,132,132,234,234,244,260,277,0,13,13,33,53,123,23,37,37,37,49,49,152,152,164,164,71,83,100,100,100,100,100,112,112],"floor_reached":45,"playtime":6775,"items_purged":["Defend_R","Strike_R"],"score":436,"play_id":"6fcd345a-d43c-4950-a582-c72537f8367d","local_time":"20190420075657","is_ascension_mode":false,"campfire_choices":[{"data":"Iron Wave","floor":6.0,"key":"SMITH"},{"data":"Armaments","floor":11.0,"key":"SMITH"},{"data":"Pommel Strike","floor":13.0,"key":"SMITH"},{"data":"Flex","floor":15.0,"key":"SMITH"},{"data":"Rampage","floor":23,"key":"SMITH"},{"floor":32,"key":"REST"},{"floor":40,"key":"REST"},{"floor":42,"key":"REST"}],"neow_cost":"","seed_source_timestamp":0,"circlet_count":0,"master_deck":["Strike_R","Strike_R","Strike_R","Defend_R","Defend_R","Defend_R","Bash","Body Slam","Iron Wave+1","Body Slam","Pommel Strike+1","Armaments+1","Rampage+1","Flex+1","Iron Wave","Seeing Red+1","Iron Wave","Rage","Feed","Iron Wave","Second Wind","Rage","Barricade","Seeing Red+1","Shrug It Off","Finesse","True Grit+1","Combust+1"],"special_seed":0,"relics":["Burning Blood","Bag of Preparation","Snecko Eye","Kunai","Lizard Tail","Dodecahedron"],"potions_floor_usage":[33,33,33,44],"damage_taken":[{"damage":0.0,"enemies":"Small Slimes","floor":1.0,"turns":3.0},{"damage":6.0,"enemies":"2 Louse","floor":2.0,"turns":3.0},{"damage":0.0,"enemies":"Jaw Worm","floor":5.0,"turns":4.0},{"damage":20.0,"enemies":"Gremlin Gang","floor":7.0,"turns":11.0},{"damage":0.0,"enemies":"Blue Slaver","floor":12.0,"turns":3.0},{"damage":3.0,"enemies":"2 Fungi Beasts","floor":14.0,"turns":3.0},{"damage":63.0,"enemies":"The Guardian","floor":16.0,"turns":11.0},{"damage":0.0,"enemies":"Spheric Guardian","floor":18.0,"turns":3.0},{"damage":30.0,"enemies":"2 Thieves","floor":19.0,"turns":5.0},{"damage":0,"enemies":"Centurion and Healer","floor":20,"turns":5},{"damage":7,"enemies":"Cultist and Chosen","floor":22,"turns":5},{"damage":4,"enemies":"Snake Plant","floor":24,"turns":3},{"damage":3,"enemies":"Chosen and Byrds","floor":25,"turns":6},{"damage":19,"enemies":"Shelled Parasite and Fungi","floor":28,"turns":6},{"damage":28,"enemies":"3 Cultists","floor":31,"turns":7},{"damage":20,"enemies":"Champ","floor":33,"turns":10},{"damage":2,"enemies":"3 Shapes","floor":35,"turns":6},{"damage":24,"enemies":"Orb Walker","floor":38,"turns":5},{"damage":104,"enemies":"Transient","floor":39,"turns":5},{"damage":75,"enemies":"Sphere and 2 Shapes","floor":44,"turns":9},{"damage":23,"enemies":"Jaw Worm Horde","floor":45,"turns":1}],"seed_played":"1557243502825392747","potions_obtained":[{"floor":7.0,"key":"Swift Potion"},{"floor":12.0,"key":"Regen Potion"},{"floor":14.0,"key":"BloodPotion"},{"floor":16.0,"key":"Fruit Juice"},{"floor":18.0,"key":"SpeedPotion"},{"floor":22,"key":"SteroidPotion"},{"floor":24,"key":"Block Potion"},{"floor":38,"key":"Dexterity Potion"}],"is_trial":false,"path_per_floor":["M","M","$","?","M","R","M","?","T","$","R","M","R","M","R","B",null,"M","M","M","?","M","R","M","M","T","$","M","$","?","M","R","B",null,"M","?","$","M","M","R","?","R","T","M","M"],"character_chosen":"IRONCLAD","items_purchased":["Armaments","Finesse"],"campfire_rested":3,"item_purchase_floors":[10,37],"current_hp_per_floor":[80,80,80,80,80,80,66,66,66,66,66,72,72,75,75,26,80,85,61,67,67,66,66,68,74,74,74,64,64,64,42,69,55,91,91,91,91,73,51,78,78,91,91,22,0],"gold":112,"neow_bonus":"","is_prod":false,"is_daily":false,"chose_seed":false,"campfire_upgraded":5,"win_rate":0.0,"timestamp":1555739817,"path_taken":["M","M","$","?","M","R","M","?","T","?","R","M","R","M","R","BOSS","M","?","M","?","M","R","M","M","T","$","M","$","?","M","R","BOSS","M","?","$","?","M","R","?","R","T","M","M"],"build_version":"2019-01-23","purchased_purges":2,"victory":false,"max_hp_per_floor":[80,80,80,80,80,80,80,80,80,80,80,80,80,80,80,80,80,85,85,85,85,85,85,85,88,88,88,91,91,91,91,91,91,91,91,91,91,91,91,91,91,91,91,91,91],"card_choices":[{"not_picked":["Clothesline","Sword Boomerang"],"picked":"Body Slam","floor":1.0},{"not_picked":["Second Wind","Clash"],"picked":"Iron Wave","floor":2.0},{"not_picked":["Thunderclap","Carnage"],"picked":"Body Slam","floor":5.0},{"not_picked":["Sword Boomerang","Sever Soul"],"picked":"Pommel Strike","floor":7.0},{"not_picked":["Pummel","Clothesline"],"picked":"Rampage","floor":12.0},{"not_picked":["Armaments","Headbutt"],"picked":"Flex","floor":14.0},{"not_picked":["Dark Embrace","Juggernaut"],"picked":"Barricade","floor":16.0},{"not_picked":["Thunderclap","Warcry"],"picked":"Iron Wave","floor":18.0},{"not_picked":["Sword Boomerang","Twin Strike"],"picked":"Seeing Red+1","floor":19},{"not_picked":["Clash","Shockwave"],"picked":"Iron Wave","floor":20},{"not_picked":["Power Through","Headbutt"],"picked":"Rage","floor":22},{"not_picked":["Dropkick+1","Perfected Strike"],"picked":"Feed","floor":24},{"not_picked":["Pummel+1","Clash+1"],"picked":"Iron Wave","floor":25},{"not_picked":["Bloodletting","Iron Wave"],"picked":"Second Wind","floor":28},{"not_picked":["Sword Boomerang","Armaments"],"picked":"Rage","floor":31},{"not_picked":["Fiend Fire","Brutality"],"picked":"Barricade","floor":33},{"not_picked":["Clash","True Grit+1"],"picked":"Seeing Red+1","floor":35},{"not_picked":["Whirlwind+1","Warcry"],"picked":"True Grit+1","floor":38},{"not_picked":["Warcry","Disarm"],"picked":"Combust+1","floor":39},{"not_picked":["Perfected Strike","Warcry+1","Anger+1"],"picked":"SKIP","floor":44}],"player_experience":0,"relics_obtained":[{"floor":9.0,"key":"Bag of Preparation"},{"floor":26,"key":"Kunai"},{"floor":43,"key":"Dodecahedron"}],"event_choices":[{"damage_healed":0.0,"max_hp_gain":0.0,"max_hp_loss":0.0,"gold_gain":0.0,"event_name":"The Cleric","player_choice":"Leave","floor":4.0,"gold_loss":0.0,"damage_taken":0.0},{"damage_healed":0.0,"max_hp_gain":0.0,"max_hp_loss":0.0,"gold_gain":0.0,"event_name":"Dead Adventurer","player_choice":"Searched \u00270\u0027 times","floor":8.0,"gold_loss":0.0,"damage_taken":0.0},{"damage_healed":0,"gold_gain":0,"player_choice":"Paid Fearfully","damage_taken":0,"max_hp_gain":0,"max_hp_loss":0,"event_name":"Masked Bandits","floor":21,"gold_loss":277},{"damage_healed":0,"gold_gain":0,"player_choice":"Ignored","damage_taken":0,"max_hp_gain":0,"max_hp_loss":0,"event_name":"The Mausoleum","floor":30,"gold_loss":0},{"damage_healed":0,"gold_gain":0,"cards_transformed":["Strike_R"],"player_choice":"Transformed","damage_taken":0,"max_hp_gain":0,"max_hp_loss":0,"event_name":"Transmorgrifier","floor":36,"gold_loss":0,"cards_obtained":["Shrug It Off"]},{"cards_removed":["Barricade"],"damage_healed":0,"gold_gain":0,"player_choice":"Removed Power","damage_taken":0,"max_hp_gain":0,"max_hp_loss":0,"event_name":"Falling","floor":41,"gold_loss":0}],"is_beta":false,"boss_relics":[{"not_picked":["Coffee Dripper","Orrery"],"picked":"Snecko Eye"},{"not_picked":["Runic Cube","Empty Cage"],"picked":"Lizard Tail"}],"items_purged_floors":[3,27],"is_endless":false,"potions_floor_spawned":[7,12,14,16,18,22,24,38],"killed_by":"Jaw Worm Horde","ascension_level":0}