{"gold_per_floor":[109,109,109,109,109,109,125,144,144,185,203,203,221,98,98,228,228,249,265,186,186,206,206,230,230,230,248,279,279,404,443,443,562,625,639,764,864,1197,1243,1243,1257,1257,1257,231,246,279,279,291,291,291],"floor_reached":51,"playtime":3194,"items_purged":["Strike_R","Strike_R"],"score":763,"play_id":"cb262e14-5fa9-435a-a0e5-41207603672e","local_time":"20190418124403","is_ascension_mode":false,"campfire_choices":[{"floor":6,"key":"REST"},{"data":"Barricade","floor":15,"key":"SMITH"},{"floor":23,"key":"REST"},{"floor":25,"key":"REST"},{"floor":29,"key":"REST"},{"floor":32,"key":"REST"},{"floor":40,"key":"REST"},{"floor":42,"key":"REST"},{"floor":47,"key":"REST"},{"floor":49,"key":"REST"}],"neow_cost":"NONE","seed_source_timestamp":234929946358700,"circlet_count":0,"master_deck":["Strike_R+1","Strike_R","Defend_R","Defend_R","Defend_R","Defend_R","Bash","Pommel Strike","Spot Weakness","Headbutt","Sword Boomerang","Barricade+1","Cleave","Body Slam","Juggernaut","Shrug It Off+1","Power Through","Combust","Demon Form","Perfected Strike","Searing Blow","Armaments","Searing Blow","Corruption","Impervious+1","Rampage+1","Exhume+1","Metallicize","Body Slam+1","Shrug It Off+1","Magnetism","Power Through+1","Bludgeon"],"relics":["Burning Blood","Ice Cream","Ornamental Fan","Lantern","Snecko Eye","Question Card","Juzu Bracelet","Nunchaku","Toxic Egg 2","Pear","Tiny House","Turnip","Girya","Bottled Tornado","Strawberry","Frozen Egg 2","Chemical X","Letter Opener"],"potions_floor_usage":[10,16,16,22,28,31,36,46,48,50,50],"damage_taken":[{"damage":3,"enemies":"Small Slimes","floor":1,"turns":4},{"damage":4,"enemies":"2 Louse","floor":7,"turns":3},{"damage":1,"enemies":"Cultist","floor":8,"turns":3},{"damage":26,"enemies":"3 Sentries","floor":10,"turns":6},{"damage":3,"enemies":"3 Louse","floor":11,"turns":3},{"damage":6,"enemies":"Red Slaver","floor":13,"turns":4},{"damage":48,"enemies":"The Guardian","floor":16,"turns":12},{"damage":35,"enemies":"2 Thieves","floor":18,"turns":4},{"damage":1,"enemies":"Chosen","floor":19,"turns":4},{"damage":13,"enemies":"Snake Plant","floor":22,"turns":4},{"damage":38,"enemies":"3 Cultists","floor":24,"turns":6},{"damage":1,"enemies":"Shelled Parasite and Fungi","floor":27,"turns":3},{"damage":19,"enemies":"Gremlin Leader","floor":28,"turns":4},{"damage":3,"enemies":"Colosseum Slavers","floor":30,"turns":4},{"damage":5,"enemies":"Colosseum Nobs","floor":30,"turns":3},{"damage":50,"enemies":"Slavers","floor":31,"turns":6},{"damage":53,"enemies":"Champ","floor":33,"turns":10},{"damage":0,"enemies":"Orb Walker","floor":35,"turns":3},{"damage":48,"enemies":"Mind Bloom Boss Battle","floor":36,"turns":7},{"damage":62,"enemies":"2 Orb Walkers","floor":39,"turns":6},{"damage":0,"enemies":"3 Shapes","floor":41,"turns":3},{"damage":2,"enemies":"Spire Growth","floor":45,"turns":4},{"damage":75,"enemies":"Reptomancer","floor":46,"turns":6},{"damage":0,"enemies":"Writhing Mass","floor":48,"turns":6},{"damage":70,"enemies":"Donu and Deca","floor":50,"turns":10}],"seed_played":"2678965400259048550","potions_obtained":[{"floor":1,"key":"SkillPotion"},{"floor":10,"key":"Swift Potion"},{"floor":13,"key":"Regen Potion"},{"floor":18,"key":"Fire Potion"},{"floor":24,"key":"PowerPotion"},{"floor":30,"key":"FearPotion"},{"floor":33,"key":"Block Potion"},{"floor":34,"key":"FairyPotion"},{"floor":39,"key":"FearPotion"},{"floor":48,"key":"EssenceOfSteel"}],"is_trial":false,"path_per_floor":["M","?","?","?","?","R","M","M","T","E","M","$","M","$","R","B",null,"M","M","$","?","M","R","M","R","T","M","E","R","?","E","R","B",null,"M","?","?","?","?","R","M","R","T","$","M","E","R","M","R","B",null],"character_chosen":"IRONCLAD","items_purchased":["Body Slam","Combust","Shrug It Off+1","Energy Potion","SkillPotion","Strawberry","Magnetism","Frozen Egg 2","Chemical X"],"campfire_rested":9,"item_purchase_floors":[14,20,44,44,44,44,44,44,44],"current_hp_per_floor":[80,47,47,47,47,69,71,74,74,54,57,57,57,57,57,30,74,45,50,50,50,43,65,33,55,55,60,47,69,73,39,64,17,89,89,47,47,47,14,40,46,72,72,79,83,14,42,48,76,12],"gold":291,"neow_bonus":"THREE_CARDS","is_prod":false,"is_daily":false,"chose_seed":false,"campfire_upgraded":1,"win_rate":0,"timestamp":1555605843,"path_taken":["M","?","?","?","?","R","M","M","T","E","?","$","M","$","R","BOSS","M","M","$","?","?","R","M","R","T","M","E","R","?","E","R","BOSS","M","?","?","?","?","R","M","R","T","$","M","E","R","M","R","BOSS"],"build_version":"2019-01-23","purchased_purges":2,"victory":true,"max_hp_per_floor":[80,80,80,74,74,74,74,74,74,74,74,74,74,74,74,74,74,74,74,74,74,74,74,74,74,74,74,74,74,74,84,84,84,89,89,89,89,89,89,89,89,89,89,96,96,96,96,96,96,96],"card_choices":[{"not_picked":["Twin Strike","Heavy Blade"],"picked":"Pommel Strike","floor":0},{"not_picked":["Headbutt","Heavy Blade"],"picked":"Spot Weakness","floor":1},{"not_picked":["Pommel Strike","Wild Strike"],"picked":"Headbutt","floor":7},{"not_picked":["Fire Breathing","Infernal Blade"],"picked":"Sword Boomerang","floor":8},{"not_picked":["Second Wind","Rampage"],"picked":"Barricade","floor":10},{"not_picked":["Thunderclap","Warcry"],"picked":"Cleave","floor":11},{"not_picked":["Iron Wave","Reckless Charge","Pommel Strike"],"picked":"SKIP","floor":13},{"not_picked":["Demon Form","Berserk"],"picked":"Juggernaut","floor":16},{"not_picked":["Headbutt","Sever Soul"],"picked":"Shrug It Off+1","floor":18},{"not_picked":["Havoc+1","Heavy Blade"],"picked":"Power Through","floor":19},{"not_picked":["Ghostly Armor","Wild Strike"],"picked":"Perfected Strike","floor":22},{"not_picked":["Clash+1","Demon Form"],"picked":"Searing Blow","floor":24},{"not_picked":["Havoc+1","Clash+1","Spot Weakness+1"],"picked":"Armaments","floor":27},{"not_picked":["Shockwave+1","Thunderclap+1","Twin Strike","Hemokinesis"],"picked":"SKIP","floor":28},{"not_picked":["Warcry","Twin Strike","Flex"],"picked":"Searing Blow","floor":30},{"not_picked":["Exhume+1","Wild Strike","Headbutt"],"picked":"Corruption","floor":31},{"not_picked":["Barricade","Dark Embrace","Exhume+1"],"picked":"Impervious+1","floor":33},{"not_picked":["Anger","Thunderclap+1","Warcry+1"],"picked":"Rampage+1","floor":34},{"not_picked":["Evolve+1","Thunderclap+1","Uppercut","Clash+1"],"picked":"SKIP","floor":35},{"not_picked":["Hemokinesis+1","Spot Weakness+1","Perfected Strike"],"picked":"Exhume+1","floor":36},{"not_picked":["Havoc+1","Infernal Blade+1","Inflame+1"],"picked":"Metallicize","floor":39},{"not_picked":["Clothesline","Hemokinesis+1","Cleave"],"picked":"Body Slam+1","floor":41},{"not_picked":["Shrug It Off+1","Pummel","Body Slam"],"picked":"Power Through+1","floor":45},{"not_picked":["Clash","Bloodletting+1","Second Wind+1"],"picked":"Bludgeon","floor":46},{"not_picked":["Twin Strike+1","Iron Wave+1","Sword Boomerang+1","Pommel Strike+1"],"picked":"SKIP","floor":48}],"player_experience":169234,"relics_obtained":[{"floor":9,"key":"Ornamental Fan"},{"floor":10,"key":"Lantern"},{"floor":26,"key":"Question Card"},{"floor":28,"key":"Juzu Bracelet"},{"floor":30,"key":"Nunchaku"},{"floor":30,"key":"Toxic Egg 2"},{"floor":31,"key":"Pear"},{"floor":36,"key":"Turnip"},{"floor":39,"key":"Girya"},{"floor":43,"key":"Bottled Tornado"},{"floor":46,"key":"Letter Opener"}],"event_choices":[{"damage_healed":0,"gold_gain":0,"player_choice":"Success","damage_taken":33,"relics_obtained":["Ice Cream"],"max_hp_gain":0,"max_hp_loss":0,"event_name":"Scrap Ooze","floor":2,"gold_loss":0},{"damage_healed":0,"gold_gain":0,"player_choice":"Ignored","damage_taken":0,"max_hp_gain":0,"max_hp_loss":0,"event_name":"Golden Wing","floor":3,"gold_loss":0},{"damage_healed":0,"gold_gain":0,"player_choice":"Lose Max HP","damage_taken":0,"relics_obtained":["Golden Idol"],"max_hp_gain":0,"max_hp_loss":6,"event_name":"Golden Idol","floor":4,"gold_loss":0},{"damage_healed":0,"gold_gain":0,"player_choice":"Ignored","damage_taken":0,"max_hp_gain":0,"max_hp_loss":0,"event_name":"NoteForYourself","floor":5,"gold_loss":0},{"damage_healed":0,"gold_gain":0,"cards_transformed":["Strike_R"],"player_choice":"Transformed","damage_taken":0,"max_hp_gain":0,"max_hp_loss":0,"event_name":"Transmorgrifier","floor":21,"gold_loss":0,"cards_obtained":["Demon Form"]},{"damage_healed":0,"gold_gain":0,"player_choice":"Fight","damage_taken":0,"max_hp_gain":0,"max_hp_loss":0,"event_name":"Colosseum","floor":30,"gold_loss":0},{"damage_healed":0,"gold_gain":0,"player_choice":"Fought Nobs","damage_taken":0,"max_hp_gain":0,"max_hp_loss":0,"event_name":"Colosseum","floor":30,"gold_loss":0},{"damage_healed":0,"gold_gain":0,"player_choice":"Fight","damage_taken":0,"max_hp_gain":0,"max_hp_loss":0,"event_name":"MindBloom","floor":36,"gold_loss":0},{"damage_healed":0,"gold_gain":100,"player_choice":"Pray","damage_taken":0,"max_hp_gain":0,"max_hp_loss":0,"event_name":"Golden Shrine","floor":37,"gold_loss":0},{"damage_healed":0,"gold_gain":333,"player_choice":"Gave Idol","damage_taken":0,"max_hp_gain":0,"max_hp_loss":0,"event_name":"The Moai Head","floor":38,"relics_lost":["Golden Idol"],"gold_loss":0},{"damage_healed":0,"gold_gain":0,"player_choice":"Fight","damage_taken":0,"max_hp_gain":0,"max_hp_loss":0,"event_name":"Mysterious Sphere","floor":39,"gold_loss":0}],"is_beta":false,"boss_relics":[{"not_picked":["Ectoplasm","Lizard Tail"],"picked":"Snecko Eye"},{"not_picked":["Eternal Feather","Empty Cage"],"picked":"Tiny House"}],"items_purged_floors":[14,44],"is_endless":false,"potions_floor_spawned":[1,10,13,18,24,30,33,39,48],"ascension_level":0}