{"gold_per_floor":[113,188,188,188,263,263,283,283,336,354,365,377,391,410,410,509,509,521,621,634,634],"floor_reached":21,"playtime":1940,"items_purged":[],"score":284,"play_id":"64f0a05e-6032-41e9-943d-bc82d305458d","local_time":"20190225204723","is_ascension_mode":true,"campfire_choices":[{"data":"Consume","floor":6,"key":"SMITH"},{"floor":15,"key":"REST"}],"neow_cost":"NONE","seed_source_timestamp":744606419822638,"circlet_count":0,"master_deck":["AscendersBane","Strike_B","Strike_B","Defend_B","Defend_B","Defend_B","Defend_B","Zap","Dualcast","Consume+1","Conserve Battery","Electrodynamics","Cold Snap","Capacitor","Sunder+1","Ball Lightning"],"relics":["FrozenCore","The Courier","Lantern"],"potions_floor_usage":[8,21],"damage_taken":[{"damage":4,"enemies":"Jaw Worm","floor":1,"turns":5},{"damage":11,"enemies":"Small Slimes","floor":7,"turns":5},{"damage":0,"enemies":"Lagavulin","floor":8,"turns":3},{"damage":8,"enemies":"2 Louse","floor":10,"turns":2},{"damage":4,"enemies":"Red Slaver","floor":11,"turns":5},{"damage":2,"enemies":"2 Fungi Beasts","floor":12,"turns":2},{"damage":1,"enemies":"Blue Slaver","floor":13,"turns":5},{"damage":0,"enemies":"3 Louse","floor":14,"turns":1},{"damage":34,"enemies":"The Guardian","floor":16,"turns":12},{"damage":23,"enemies":"3 Byrds","floor":18,"turns":4},{"damage":4,"enemies":"Spheric Guardian","floor":20,"turns":6},{"damage":37,"enemies":"Snake Plant","floor":21,"turns":5}],"seed_played":"396248539093640044","potions_obtained":[{"floor":1,"key":"SmokeBomb"},{"floor":12,"key":"Ancient Potion"},{"floor":13,"key":"Ancient Potion"}],"is_trial":false,"path_per_floor":["M","?","?","?","T","R","M","E","T","M","M","M","M","M","R","B",null,"M","?","M","M"],"character_chosen":"DEFECT","items_purchased":[],"campfire_rested":1,"item_purchase_floors":[],"current_hp_per_floor":[64,53,53,46,46,46,35,35,35,27,23,21,20,20,42,8,58,35,35,31,0],"gold":634,"neow_bonus":"THREE_CARDS","is_prod":false,"is_daily":false,"chose_seed":false,"campfire_upgraded":1,"win_rate":0,"timestamp":1551124043,"path_taken":["M","?","?","?","?","R","?","E","T","M","M","M","M","M","R","BOSS","M","?","?","M"],"build_version":"2019-01-23","purchased_purges":0,"victory":false,"max_hp_per_floor":[75,75,75,75,75,75,75,75,75,75,75,75,75,75,75,75,75,75,75,75,75],"card_choices":[{"not_picked":["Blizzard","Cold Snap"],"picked":"Consume","floor":1},{"not_picked":["Steam","Fusion","Genetic Algorithm"],"picked":"SKIP","floor":7},{"not_picked":["Darkness","Steam"],"picked":"Conserve Battery","floor":10},{"not_picked":["Static Discharge","Rebound"],"picked":"Electrodynamics","floor":11},{"not_picked":["Chaos","Scrape"],"picked":"Cold Snap","floor":12},{"not_picked":["Genetic Algorithm","Reprogram","Steam"],"picked":"SKIP","floor":13},{"not_picked":["Compile Driver","Turbo"],"picked":"Capacitor","floor":14},{"not_picked":["Streamline","Conserve Battery"],"picked":"Sunder+1","floor":18},{"not_picked":["Aggregate","Barrage"],"picked":"Ball Lightning","floor":20}],"player_experience":701838,"relics_obtained":[{"floor":5,"key":"The Courier"},{"floor":9,"key":"Lantern"}],"event_choices":[{"damage_healed":0,"gold_gain":75,"player_choice":"Gather Gold","damage_taken":11,"max_hp_gain":0,"max_hp_loss":0,"event_name":"World of Goop","floor":2,"gold_loss":0},{"cards_removed":["Strike_B"],"damage_healed":0,"gold_gain":0,"player_choice":"Forget","damage_taken":0,"max_hp_gain":0,"max_hp_loss":0,"event_name":"Living Wall","floor":3,"gold_loss":0},{"cards_removed":["Strike_B"],"damage_healed":0,"gold_gain":0,"player_choice":"Card Removal","damage_taken":7,"max_hp_gain":0,"max_hp_loss":0,"event_name":"Golden Wing","floor":4,"gold_loss":0},{"damage_healed":0,"gold_gain":100,"player_choice":"Pray","damage_taken":0,"max_hp_gain":0,"max_hp_loss":0,"event_name":"Golden Shrine","floor":19,"gold_loss":0}],"is_beta":false,"boss_relics":[{"not_picked":["Busted Crown","Empty Cage"],"picked":"FrozenCore"}],"items_purged_floors":[],"is_endless":false,"potions_floor_spawned":[1,8,12,13,14],"killed_by":"Snake Plant","ascension_level":11}