{"gold_per_floor":[15,31,43,62,74,102,102,135,160,174,187,215,140,4,4,109,109,128,139,139],"floor_reached":20,"playtime":1056,"items_purged":["Strike_B","Strike_B"],"score":256,"play_id":"06695c14-1064-4808-b5be-8770fe368b56","local_time":"20190426005655","is_ascension_mode":true,"campfire_choices":[{"floor":7,"key":"REST"},{"floor":15,"key":"REST"}],"neow_cost":"NO_GOLD","seed_source_timestamp":24904539893717,"circlet_count":0,"master_deck":["Defend_B","Defend_B","Defend_B","Defend_B","Zap","Dualcast","Chill","Chaos","Cold Snap","Doom and Gloom","Ball Lightning","Chill","Reprogram","Barrage","Cold Snap","Compile Driver","Blizzard","Self Repair","Creative AI","Glacier+1","Storm"],"relics":["FrozenCore","Ancient Tea Set","Bottled Flame","Strawberry","Vajra"],"potions_floor_usage":[6,8,12,12,16],"damage_taken":[{"damage":0,"enemies":"Cultist","floor":1,"turns":4},{"damage":4,"enemies":"Small Slimes","floor":2,"turns":4},{"damage":2,"enemies":"Jaw Worm","floor":3,"turns":3},{"damage":22,"enemies":"Exordium Thugs","floor":4,"turns":6},{"damage":1,"enemies":"Blue Slaver","floor":5,"turns":3},{"damage":25,"enemies":"Gremlin Nob","floor":6,"turns":4},{"damage":16,"enemies":"Lagavulin","floor":8,"turns":5},{"damage":3,"enemies":"Looter","floor":10,"turns":3},{"damage":0,"enemies":"Large Slime","floor":11,"turns":2},{"damage":0,"enemies":"3 Sentries","floor":12,"turns":6},{"damage":55,"enemies":"Hexaghost","floor":16,"turns":11},{"damage":4,"enemies":"3 Byrds","floor":18,"turns":5},{"damage":41,"enemies":"Chosen","floor":19,"turns":7},{"damage":41,"enemies":"Centurion and Healer","floor":20,"turns":5}],"seed_played":"-5105842522386528939","potions_obtained":[{"floor":3,"key":"Dexterity Potion"},{"floor":4,"key":"FocusPotion"},{"floor":5,"key":"Weak Potion"},{"floor":11,"key":"SkillPotion"},{"floor":12,"key":"Regen Potion"},{"floor":19,"key":"GamblersBrew"}],"is_trial":false,"path_per_floor":["M","M","$"],"character_chosen":"DEFECT","items_purchased":["Self Repair"],"campfire_rested":2,"item_purchase_floors":[14],"current_hp_per_floor":[75,71,69,47,46,21,43,27,34,31,31,31,31,31,55,22,82,82,41,0],"gold":139,"neow_bonus":"TRANSFORM_TWO_CARDS","is_prod":false,"is_daily":false,"chose_seed":false,"campfire_upgraded":0,"win_rate":0,"timestamp":1556215015,"path_taken":["M","?","?","M","M","E","R","E","T","M","M","E","?","$","R","BOSS","M","M","M"],"build_version":"2019-01-23","purchased_purges":2,"victory":false,"max_hp_per_floor":[75,75,75,75,75,75,75,75,82,82,82,82,82,82,82,82,82,82,82,82],"card_choices":[{"not_picked":["Go for the Eyes","Reprogram"],"picked":"Cold Snap","floor":1},{"not_picked":["Skim","Scrape"],"picked":"Doom and Gloom","floor":2},{"not_picked":["Reinforced Body","Redo"],"picked":"Ball Lightning","floor":3},{"not_picked":["Sweeping Beam","Go for the Eyes"],"picked":"Chill","floor":4},{"not_picked":["Hologram","Amplify"],"picked":"Reprogram","floor":5},{"not_picked":["Beam Cell","Aggregate"],"picked":"Barrage","floor":6},{"not_picked":["Hologram","Tempest"],"picked":"Cold Snap","floor":8},{"not_picked":["Sweeping Beam","Doom and Gloom"],"picked":"Compile Driver","floor":10},{"not_picked":["Streamline","Hologram","Barrage"],"picked":"SKIP","floor":11},{"not_picked":["Go for the Eyes","Steam Power"],"picked":"Blizzard","floor":12},{"not_picked":["Electrodynamics","Core Surge"],"picked":"Creative AI","floor":16},{"not_picked":["Redo","Go for the Eyes"],"picked":"Glacier+1","floor":18},{"not_picked":["Sweeping Beam","Go for the Eyes"],"picked":"Storm","floor":19}],"player_experience":57728,"relics_obtained":[{"floor":6,"key":"Ancient Tea Set"},{"floor":8,"key":"Bottled Flame"},{"floor":9,"key":"Strawberry"},{"floor":12,"key":"Vajra"}],"event_choices":[],"is_beta":false,"boss_relics":[{"not_picked":["Eternal Feather","Runic Dome"],"picked":"FrozenCore"}],"items_purged_floors":[13,14],"is_endless":false,"potions_floor_spawned":[3,4,5,11,12,19],"killed_by":"Centurion and Healer","ascension_level":3}