{"gold_per_floor":[110,127,22,22,22,50,70,245,245,245,277,277,287,320,320,418,418,429,12,12,12,12,12,32,60,84,131,143,155,167,79,79,175,175,186,186,186,203,303,303,331,351,351,120,136,136,136,136,136,136],"floor_reached":51,"playtime":2397,"items_purged":["Strike_R","Pain","Injury"],"score":705,"play_id":"2cac0104-e5d1-4bf5-9e90-1a74c5df46de","local_time":"20190411221608","is_ascension_mode":false,"campfire_choices":[{"data":"Bash","floor":10,"key":"SMITH"},{"floor":12,"key":"REST"},{"data":"Armaments","floor":15,"key":"SMITH"},{"data":"Metallicize","floor":23,"key":"SMITH"},{"floor":29,"key":"REST"},{"data":"Anger","floor":32,"key":"SMITH"},{"data":"Doubt","floor":40,"key":"PURGE"},{"floor":46,"key":"REST"},{"data":"True Grit","floor":49,"key":"SMITH"}],"neow_cost":"NONE","seed_source_timestamp":39502327977803,"circlet_count":0,"master_deck":["Strike_R","Strike_R","Strike_R","Strike_R","Defend_R","Defend_R","Defend_R","Bash+1","Iron Wave","Sword Boomerang","Shrug It Off","Metallicize+1","Swift Strike","Carnage","Shrug It Off","Rage","Armaments+1","Disarm","Reaper","Pommel Strike","Disarm","Headbutt","Headbutt","Flame Barrier","Anger+1","Necronomicurse","Feed","Rampage+1","Armaments+1","Pommel Strike+1","Intimidate+1","True Grit+1","Inflame","Infernal Blade"],"relics":["Burning Blood","Bronze Scales","Centennial Puzzle","Boot","Shuriken","Bag of Marbles","Thread and Needle","Cursed Key","StoneCalendar","Red Mask","MawBank","Dodecahedron","Necronomicon","Bag of Preparation","Runic Pyramid","Peace Pipe","Juzu Bracelet","Mercury Hourglass"],"potions_floor_usage":[16],"damage_taken":[{"damage":1,"enemies":"2 Louse","floor":1,"turns":2},{"damage":1,"enemies":"Cultist","floor":2,"turns":3},{"damage":19,"enemies":"Gremlin Nob","floor":6,"turns":4},{"damage":1,"enemies":"Jaw Worm","floor":7,"turns":3},{"damage":18,"enemies":"Lagavulin","floor":11,"turns":9},{"damage":0,"enemies":"2 Fungi Beasts","floor":13,"turns":3},{"damage":10,"enemies":"3 Sentries","floor":14,"turns":7},{"damage":46,"enemies":"Slime Boss","floor":16,"turns":15},{"damage":0,"enemies":"3 Byrds","floor":18,"turns":2},{"damage":1,"enemies":"Chosen","floor":24,"turns":4},{"damage":11,"enemies":"Masked Bandits","floor":25,"turns":5},{"damage":39,"enemies":"Slavers","floor":27,"turns":7},{"damage":45,"enemies":"Automaton","floor":33,"turns":8},{"damage":0,"enemies":"Orb Walker","floor":35,"turns":3},{"damage":12,"enemies":"3 Shapes","floor":38,"turns":5},{"damage":0,"enemies":"Mind Bloom Boss Battle","floor":39,"turns":7},{"damage":34,"enemies":"Nemesis","floor":41,"turns":5},{"damage":0,"enemies":"Maw","floor":42,"turns":8},{"damage":27,"enemies":"Transient","floor":45,"turns":5},{"damage":59,"enemies":"Awakened One","floor":50,"turns":12}],"seed_played":"-3403956671166037377","potions_obtained":[{"floor":6,"key":"SpeedPotion"},{"floor":11,"key":"FearPotion"},{"floor":13,"key":"Energy Potion"},{"floor":14,"key":"SkillPotion"},{"floor":27,"key":"Weak Potion"},{"floor":33,"key":"BloodPotion"},{"floor":38,"key":"SteroidPotion"}],"is_trial":false,"path_per_floor":["?","?","M","?","?","?","?","?","?","$","?","?","?","?"],"character_chosen":"IRONCLAD","items_purchased":["Shrug It Off","Metallicize","StoneCalendar","Disarm","Inflame","Infernal Blade"],"campfire_rested":3,"item_purchase_floors":[3,3,19,19,44,44],"current_hp_per_floor":[80,80,80,55,55,42,47,47,47,47,35,59,65,61,61,21,80,80,80,80,80,80,80,80,80,80,52,36,60,60,60,60,21,80,80,70,70,67,73,73,49,59,59,59,38,65,65,65,65,38],"gold":136,"neow_bonus":"RANDOM_COMMON_RELIC","is_prod":false,"is_daily":false,"chose_seed":false,"campfire_upgraded":5,"win_rate":0.0,"timestamp":1554995768,"path_taken":["M","M","$","?","?","E","?","?","T","R","E","R","M","E","R","BOSS","M","$","?","?","$","R","M","?","T","E","?","R","?","?","R","BOSS","M","?","?","M","?","R","E","M","T","$","M","R","$","?","R","BOSS"],"build_version":"2019-01-23","purchased_purges":3,"victory":true,"max_hp_per_floor":[80,80,80,80,80,80,80,80,80,80,80,80,80,80,80,80,80,80,80,80,80,80,80,80,80,80,80,80,80,80,80,80,80,80,80,80,80,83,83,83,87,91,91,91,91,91,91,91,91,91],"card_choices":[{"not_picked":["Perfected Strike","Feel No Pain"],"picked":"Iron Wave","floor":1},{"not_picked":["Entrench","Sever Soul"],"picked":"Sword Boomerang","floor":2},{"not_picked":["Thunderclap","Iron Wave"],"picked":"Carnage","floor":6},{"not_picked":["True Grit","Headbutt"],"picked":"Shrug It Off","floor":7},{"not_picked":["Second Wind","Iron Wave"],"picked":"Rage","floor":11},{"not_picked":["Heavy Blade","Limit Break"],"picked":"Armaments","floor":13},{"not_picked":["True Grit","Dark Embrace"],"picked":"Disarm","floor":14},{"not_picked":["Berserk","Brutality"],"picked":"Reaper","floor":16},{"not_picked":["Body Slam","Burning Pact"],"picked":"Pommel Strike","floor":18},{"not_picked":["Second Wind+1","Thunderclap"],"picked":"Headbutt","floor":24},{"not_picked":["Twin Strike+1","Bloodletting"],"picked":"Flame Barrier","floor":25},{"not_picked":["Infernal Blade","Flex"],"picked":"Anger","floor":27},{"not_picked":["Brutality","Offering"],"picked":"Feed","floor":33},{"not_picked":["Clash+1","Body Slam"],"picked":"Rampage+1","floor":35},{"not_picked":["Body Slam","Flex+1"],"picked":"Armaments+1","floor":38},{"not_picked":["Twin Strike+1","Headbutt"],"picked":"Pommel Strike+1","floor":39},{"not_picked":["Rampage","Anger+1"],"picked":"Intimidate+1","floor":41},{"not_picked":["Clash+1","Thunderclap"],"picked":"True Grit","floor":42},{"not_picked":["Heavy Blade","Clothesline","Impervious"],"picked":"SKIP","floor":45}],"player_experience":1892,"relics_obtained":[{"floor":6,"key":"Boot"},{"floor":9,"key":"Shuriken"},{"floor":11,"key":"Bag of Marbles"},{"floor":14,"key":"Thread and Needle"},{"floor":25,"key":"Red Mask"},{"floor":26,"key":"MawBank"},{"floor":27,"key":"Dodecahedron"},{"floor":28,"key":"Necronomicon"},{"floor":39,"key":"Peace Pipe"},{"floor":41,"key":"Juzu Bracelet"},{"floor":43,"key":"Mercury Hourglass"}],"event_choices":[{"damage_healed":0,"gold_gain":0,"player_choice":"Success","damage_taken":25,"relics_obtained":["Centennial Puzzle"],"max_hp_gain":0,"max_hp_loss":0,"event_name":"Scrap Ooze","floor":4,"gold_loss":0},{"damage_healed":0,"gold_gain":0,"player_choice":"1 cards matched","damage_taken":0,"max_hp_gain":0,"max_hp_loss":0,"event_name":"Match and Keep!","floor":5,"gold_loss":0,"cards_obtained":["Swift Strike"]},{"damage_healed":0,"gold_gain":175,"player_choice":"AGREE","damage_taken":0,"max_hp_gain":0,"max_hp_loss":0,"event_name":"Liars Game","floor":8,"gold_loss":0,"cards_obtained":["Doubt"]},{"damage_healed":0,"gold_gain":0,"player_choice":"Read","damage_taken":0,"max_hp_gain":0,"max_hp_loss":0,"event_name":"The Library","floor":20,"gold_loss":0,"cards_obtained":["Headbutt"]},{"damage_healed":0,"gold_gain":0,"player_choice":"Ignored","damage_taken":0,"max_hp_gain":0,"max_hp_loss":0,"event_name":"Vampires","floor":21,"gold_loss":0},{"damage_healed":0,"gold_gain":0,"player_choice":"Fought Bandits","damage_taken":0,"max_hp_gain":0,"max_hp_loss":0,"event_name":"Masked Bandits","floor":25,"gold_loss":0},{"damage_healed":0,"gold_gain":0,"player_choice":"Obtained Book","damage_taken":16,"max_hp_gain":0,"max_hp_loss":0,"event_name":"Cursed Tome","floor":28,"gold_loss":0},{"damage_healed":0,"gold_gain":0,"player_choice":"Opened","damage_taken":0,"relics_obtained":["Bag of Preparation"],"max_hp_gain":0,"max_hp_loss":0,"event_name":"The Mausoleum","floor":30,"gold_loss":0},{"damage_healed":0,"gold_gain":0,"player_choice":"Memory 3","damage_taken":10,"max_hp_gain":0,"max_hp_loss":0,"event_name":"SensoryStone","floor":36,"gold_loss":0},{"damage_healed":0,"gold_gain":0,"player_choice":"Ignored","damage_taken":0,"max_hp_gain":0,"max_hp_loss":0,"event_name":"Tomb of Lord Red Mask","floor":37,"gold_loss":0},{"damage_healed":0,"gold_gain":0,"player_choice":"Fight","damage_taken":0,"max_hp_gain":0,"max_hp_loss":0,"event_name":"MindBloom","floor":39,"gold_loss":0},{"cards_removed":["Defend_R"],"damage_healed":0,"gold_gain":0,"player_choice":"Removed Skill","damage_taken":0,"max_hp_gain":0,"max_hp_loss":0,"event_name":"Falling","floor":48,"gold_loss":0}],"is_beta":false,"boss_relics":[{"not_picked":["Sozu","Orrery"],"picked":"Cursed Key"},{"not_picked":["Calling Bell","Philosopher\u0027s Stone"],"picked":"Runic Pyramid"}],"items_purged_floors":[19,31,44],"is_endless":false,"potions_floor_spawned":[6,11,13,14,27,33,38,42],"ascension_level":0}