{"gold_per_floor":[14,31,31,106,122,122,122,137,137,137,167,167],"floor_reached":12,"playtime":751,"items_purged":[],"score":119,"play_id":"cafd1c3f-c7cc-410f-86cb-aaefcba58a60","local_time":"20190422170949","is_ascension_mode":true,"campfire_choices":[{"data":"Capacitor","floor":6,"key":"SMITH"},{"floor":10,"key":"REST"}],"neow_cost":"NO_GOLD","seed_source_timestamp":652558945152640,"circlet_count":0,"master_deck":["AscendersBane","Strike_B","Defend_B","Defend_B+1","Defend_B","Defend_B","Zap","Dualcast+1","Capacitor+1","White Noise"],"relics":["Cracked Core","Singing Bowl","Odd Mushroom"],"potions_floor_usage":[11],"damage_taken":[{"damage":0,"enemies":"Cultist","floor":1,"turns":4},{"damage":2,"enemies":"Jaw Worm","floor":2,"turns":4},{"damage":6,"enemies":"2 Louse","floor":5,"turns":3},{"damage":6,"enemies":"Looter","floor":8,"turns":3},{"damage":29,"enemies":"The Mushroom Lair","floor":11,"turns":6},{"damage":12,"enemies":"Lagavulin","floor":12,"turns":5}],"seed_played":"333878660179160227","potions_obtained":[{"floor":2,"key":"Dexterity Potion"}],"is_trial":false,"path_per_floor":["M","M","?","?","M","R","?","M","T","R","?","E"],"character_chosen":"DEFECT","items_purchased":[],"campfire_rested":1,"item_purchase_floors":[],"current_hp_per_floor":[64,62,62,51,45,45,24,18,18,39,10,0],"gold":167,"neow_bonus":"REMOVE_TWO","is_prod":false,"is_daily":false,"chose_seed":false,"campfire_upgraded":1,"win_rate":0,"timestamp":1555967389,"path_taken":["M","M","?","?","?","R","?","M","T","R","?","E"],"build_version":"2019-01-23","purchased_purges":0,"victory":false,"max_hp_per_floor":[71,71,71,71,71,71,71,71,71,71,71,71],"card_choices":[{"not_picked":["Rebound","Storm","Gash"],"picked":"SKIP","floor":1},{"not_picked":["Coolheaded","Hologram"],"picked":"Capacitor","floor":2},{"not_picked":["Go for the Eyes","Sweeping Beam","Steam"],"picked":"SKIP","floor":5},{"not_picked":["Undo","Redo","Recycle"],"picked":"SKIP","floor":8},{"not_picked":["Leap","Redo"],"picked":"White Noise","floor":11}],"player_experience":857975,"relics_obtained":[{"floor":9,"key":"Singing Bowl"},{"floor":11,"key":"Odd Mushroom"}],"event_choices":[{"cards_removed":["Strike_B"],"damage_healed":0,"gold_gain":0,"player_choice":"Forget","damage_taken":0,"max_hp_gain":0,"max_hp_loss":0,"event_name":"Living Wall","floor":3,"gold_loss":0},{"damage_healed":0,"gold_gain":75,"player_choice":"Gather Gold","damage_taken":11,"max_hp_gain":0,"max_hp_loss":0,"event_name":"World of Goop","floor":4,"gold_loss":0},{"damage_healed":0,"gold_gain":0,"player_choice":"Entered Light","damage_taken":21,"max_hp_gain":0,"max_hp_loss":0,"event_name":"Shining Light","floor":7,"gold_loss":0,"cards_upgraded":["Dualcast","Defend_B"]},{"damage_healed":0,"gold_gain":0,"player_choice":"Fought Mushrooms","damage_taken":0,"max_hp_gain":0,"max_hp_loss":0,"event_name":"Mushrooms","floor":11,"gold_loss":0}],"is_beta":false,"boss_relics":[],"items_purged_floors":[],"is_endless":false,"potions_floor_spawned":[2],"killed_by":"Lagavulin","ascension_level":15}