{"gold_per_floor":[20,34,49,62,162,194,205,205,205,130,130,130,147,164,164,262,262,275,285,200,2,14,14,24,38,89,108,108,139,139,238,238,337,337,352,61,61,77,93,93,113,113],"floor_reached":42,"playtime":2662,"items_purged":["Strike_B"],"score":488,"play_id":"4313cfe1-bad4-4ea1-95ce-96574ab3a4b0","local_time":"20190425230432","is_ascension_mode":true,"campfire_choices":[{"data":"Echo Form","floor":8,"key":"SMITH"},{"data":"Reinforced Body","floor":12,"key":"SMITH"},{"floor":15,"key":"REST"},{"data":"Darkness","floor":23,"key":"SMITH"},{"floor":28,"key":"REST"},{"floor":32,"key":"REST"},{"floor":40,"key":"RECALL"}],"neow_cost":"NO_GOLD","seed_source_timestamp":16554667814407,"circlet_count":0,"master_deck":["Strike_B","Defend_B","Defend_B","Defend_B","Defend_B","Zap","Dualcast","Cold Snap","Reinforced Body+1","Echo Form+1","Glacier","Ball Lightning","Sweeping Beam","Scrape","Darkness+1","Storm","Reboot","Ball Lightning","FTL","Coolheaded","Conserve Battery","Go for the Eyes+1","Coolheaded+1","Chill+1","Electrodynamics","Amplify","Doom and Gloom+1","Redo+1","Coolheaded","Loop+1"],"relics":["Cracked Core","Thread and Needle","Sundial","Kunai","Inserter","Molten Egg 2","Bronze Scales","Lantern","Bottled Lightning","Fusion Hammer","Bottled Tornado"],"potions_floor_usage":[19,29],"damage_taken":[{"damage":0,"enemies":"Cultist","floor":1,"turns":3},{"damage":0,"enemies":"2 Louse","floor":2,"turns":3},{"damage":5,"enemies":"Jaw Worm","floor":3,"turns":4},{"damage":14,"enemies":"Lots of Slimes","floor":4,"turns":4},{"damage":12,"enemies":"3 Sentries","floor":6,"turns":10},{"damage":9,"enemies":"Large Slime","floor":7,"turns":6},{"damage":0,"enemies":"Blue Slaver","floor":13,"turns":4},{"damage":8,"enemies":"2 Fungi Beasts","floor":14,"turns":3},{"damage":12,"enemies":"Slime Boss","floor":16,"turns":9},{"damage":0,"enemies":"Spheric Guardian","floor":18,"turns":6},{"damage":0,"enemies":"Chosen","floor":19,"turns":4},{"damage":12,"enemies":"Snake Plant","floor":22,"turns":6},{"damage":3,"enemies":"Shelled Parasite and Fungi","floor":24,"turns":6},{"damage":11,"enemies":"Cultist and Chosen","floor":25,"turns":9},{"damage":9,"enemies":"Centurion and Healer","floor":27,"turns":9},{"damage":49,"enemies":"Slavers","floor":29,"turns":8},{"damage":0,"enemies":"Colosseum Slavers","floor":30,"turns":4},{"damage":15,"enemies":"Champ","floor":33,"turns":13},{"damage":6,"enemies":"3 Shapes","floor":35,"turns":4},{"damage":1,"enemies":"3 Darklings","floor":38,"turns":5},{"damage":0,"enemies":"Spire Growth","floor":39,"turns":6},{"damage":13,"enemies":"4 Shapes","floor":41,"turns":5},{"damage":68,"enemies":"Giant Head","floor":42,"turns":11}],"seed_played":"-7392258493821901643","potions_obtained":[{"floor":1,"key":"SpeedPotion"},{"floor":6,"key":"Poison Potion"},{"floor":7,"key":"Energy Potion"},{"floor":16,"key":"Explosive Potion"},{"floor":19,"key":"Explosive Potion"},{"floor":25,"key":"GamblersBrew"},{"floor":33,"key":"SpeedPotion"},{"floor":35,"key":"SkillPotion"}],"is_trial":false,"path_per_floor":["M","?","M","?","M","?","?","?","?","M"],"character_chosen":"DEFECT","items_purchased":["Bronze Scales","Coolheaded","Bottled Tornado","Doom and Gloom+1"],"campfire_rested":3,"item_purchase_floors":[21,21,36,36],"current_hp_per_floor":[75,75,70,56,56,44,35,35,35,35,35,35,35,27,49,37,75,75,75,75,75,63,63,60,49,49,40,62,13,13,13,35,20,75,69,69,69,68,68,68,55,0],"gold":113,"neow_bonus":"ONE_RARE_RELIC","is_prod":false,"is_daily":false,"chose_seed":false,"campfire_upgraded":3,"win_rate":0,"timestamp":1556208272,"path_taken":["M","M","?","M","?","E","?","R","T","$","?","R","?","M","R","BOSS","M","M","?","$","M","R","M","M","T","M","R","E","?","?","R","BOSS","M","$","?","M","M","R","?","E"],"build_version":"2019-01-23","purchased_purges":1,"victory":false,"max_hp_per_floor":[75,75,75,75,75,75,75,75,75,75,75,75,75,75,75,75,75,75,75,75,75,75,75,75,75,75,75,75,75,75,75,75,75,75,75,75,75,75,75,75,75,75],"card_choices":[{"not_picked":["Recycle","Hologram"],"picked":"Cold Snap","floor":1},{"not_picked":["Steam Power","Gash"],"picked":"Reinforced Body","floor":2},{"not_picked":["Leap","Chaos"],"picked":"Echo Form","floor":3},{"not_picked":["BootSequence","Leap"],"picked":"Glacier","floor":4},{"not_picked":["Self Repair","Barrage"],"picked":"Ball Lightning","floor":6},{"not_picked":["Heatsinks","Rebound"],"picked":"Sweeping Beam","floor":7},{"not_picked":["Heatsinks","Skim"],"picked":"Darkness","floor":13},{"not_picked":["Compile Driver","Barrage"],"picked":"Storm","floor":14},{"not_picked":["Echo Form","Amplify"],"picked":"Reboot","floor":16},{"not_picked":["Hologram","Blizzard"],"picked":"Ball Lightning","floor":18},{"not_picked":["Ball Lightning","Stack"],"picked":"FTL","floor":19},{"not_picked":["Force Field+1","Sweeping Beam+1"],"picked":"Conserve Battery","floor":22},{"not_picked":["Leap","Beam Cell+1"],"picked":"Go for the Eyes+1","floor":24},{"not_picked":["Fusion","Redo+1"],"picked":"Coolheaded+1","floor":25},{"not_picked":["Force Field+1","Go for the Eyes+1"],"picked":"Chill+1","floor":27},{"not_picked":["Beam Cell+1","Aggregate"],"picked":"Electrodynamics","floor":29},{"not_picked":["All For One+1","Reboot"],"picked":"Amplify","floor":33},{"not_picked":["Blizzard+1","Steam","Steam Power"],"picked":"SKIP","floor":35},{"not_picked":["Steam","Darkness"],"picked":"Redo+1","floor":38},{"not_picked":["Reprogram","Hologram"],"picked":"Coolheaded","floor":39},{"not_picked":["Conserve Battery+1","Steam"],"picked":"Loop+1","floor":41}],"player_experience":49423,"relics_obtained":[{"floor":6,"key":"Sundial"},{"floor":9,"key":"Kunai"},{"floor":26,"key":"Lantern"},{"floor":29,"key":"Bottled Lightning"}],"event_choices":[{"damage_healed":0,"gold_gain":100,"player_choice":"Pray","damage_taken":0,"max_hp_gain":0,"max_hp_loss":0,"event_name":"Golden Shrine","floor":5,"gold_loss":0},{"damage_healed":0,"gold_gain":0,"cards_transformed":["Strike_B"],"player_choice":"Transformed","damage_taken":0,"max_hp_gain":0,"max_hp_loss":0,"event_name":"Transmorgrifier","floor":11,"gold_loss":0,"cards_obtained":["Scrape"]},{"damage_healed":0,"gold_gain":0,"player_choice":"Obtained Relic","damage_taken":0,"relics_obtained":["Molten Egg 2"],"max_hp_gain":0,"max_hp_loss":0,"event_name":"Addict","floor":20,"gold_loss":85},{"damage_healed":0,"gold_gain":0,"player_choice":"Fight","damage_taken":0,"max_hp_gain":0,"max_hp_loss":0,"event_name":"Colosseum","floor":30,"gold_loss":0},{"damage_healed":0,"gold_gain":0,"player_choice":"Fled From Nobs","damage_taken":0,"max_hp_gain":0,"max_hp_loss":0,"event_name":"Colosseum","floor":30,"gold_loss":0},{"damage_healed":0,"gold_gain":99,"player_choice":"Stole From Cult","damage_taken":0,"max_hp_gain":0,"max_hp_loss":0,"event_name":"Nest","floor":31,"gold_loss":0},{"cards_removed":["Strike_B"],"damage_healed":0,"gold_gain":0,"player_choice":"Offered Basic","damage_taken":0,"max_hp_gain":0,"max_hp_loss":0,"event_name":"Bonfire Elementals","floor":37,"gold_loss":0}],"is_beta":false,"boss_relics":[{"not_picked":["FrozenCore","Busted Crown"],"picked":"Inserter"},{"not_picked":["Lizard Tail","Black Star"],"picked":"Fusion Hammer"}],"items_purged_floors":[10],"is_endless":false,"potions_floor_spawned":[1,6,7,16,19,25,27,30,33,35,39],"killed_by":"Giant Head","ascension_level":3}