{"gold_per_floor":[116,129,129,129,148,148,148,223,296,68,92,107,120,151,151,244,244,264,264],"floor_reached":19,"playtime":1457,"items_purged":["Strike_B"],"score":296,"play_id":"37b5b9f4-1dec-4262-ac5b-67b139a1aab0","local_time":"20190423135316","is_ascension_mode":true,"campfire_choices":[{"data":"Zap","floor":6,"key":"SMITH"},{"floor":15,"key":"REST"}],"neow_cost":"NONE","seed_source_timestamp":921802202581,"circlet_count":0,"master_deck":["AscendersBane","Strike_B","Strike_B","Defend_B","Defend_B","Defend_B","Defend_B+1","Zap+1","Dualcast","Capacitor+1","FTL","Loop","Sunder","Machine Learning","Echo Form","Genetic Algorithm"],"relics":["Cracked Core","Golden Idol","Mercury Hourglass","Omamori","Ornamental Fan","Velvet Choker"],"potions_floor_usage":[11,16],"damage_taken":[{"damage":0,"enemies":"Small Slimes","floor":1,"turns":4},{"damage":0,"enemies":"2 Louse","floor":2,"turns":2},{"damage":7,"enemies":"Jaw Worm","floor":5,"turns":3},{"damage":1,"enemies":"Exordium Wildlife","floor":11,"turns":2},{"damage":1,"enemies":"Looter","floor":12,"turns":3},{"damage":0,"enemies":"2 Fungi Beasts","floor":13,"turns":3},{"damage":17,"enemies":"Lagavulin","floor":14,"turns":6},{"damage":16,"enemies":"Hexaghost","floor":16,"turns":10},{"damage":7,"enemies":"3 Byrds","floor":18,"turns":3},{"damage":63,"enemies":"Masked Bandits","floor":19,"turns":3}],"seed_played":"7277644898617617358","potions_obtained":[{"floor":1,"key":"Poison Potion"},{"floor":2,"key":"Ancient Potion"},{"floor":11,"key":"SpeedPotion"}],"is_trial":false,"path_per_floor":["M","M","?","?","M","R","?","?","T","$","M","M","M","E","R","B",null,"M","?"],"character_chosen":"DEFECT","items_purchased":["Omamori"],"campfire_rested":1,"item_purchase_floors":[10],"current_hp_per_floor":[71,71,71,48,41,41,41,30,30,30,29,28,28,11,32,16,57,50,0],"gold":264,"neow_bonus":"TEN_PERCENT_HP_BONUS","is_prod":false,"is_daily":false,"chose_seed":false,"campfire_upgraded":1,"win_rate":0,"timestamp":1556041996,"path_taken":["M","M","?","?","M","R","?","?","T","$","M","M","M","E","R","BOSS","M","?"],"build_version":"2019-01-23","purchased_purges":1,"victory":false,"max_hp_per_floor":[78,78,78,78,78,78,71,71,71,71,71,71,71,71,71,71,71,71,71],"card_choices":[{"not_picked":["Lockon","Rebound","Storm"],"picked":"SKIP","floor":1},{"not_picked":["Hologram","Ball Lightning"],"picked":"Capacitor","floor":2},{"not_picked":["Fusion","Streamline","Storm"],"picked":"SKIP","floor":5},{"not_picked":["Sweeping Beam","Go for the Eyes"],"picked":"FTL","floor":11},{"not_picked":["Lockon","Self Repair"],"picked":"Loop","floor":12},{"not_picked":["Ball Lightning","Hello World"],"picked":"Sunder","floor":13},{"not_picked":["Turbo","Sweeping Beam"],"picked":"Machine Learning","floor":14},{"not_picked":["Reboot","Machine Learning"],"picked":"Echo Form","floor":16},{"not_picked":["Hologram","Leap"],"picked":"Genetic Algorithm","floor":18}],"player_experience":876818,"relics_obtained":[{"floor":9,"key":"Mercury Hourglass"},{"floor":14,"key":"Ornamental Fan"}],"event_choices":[{"cards_removed":["Strike_B"],"damage_healed":0,"gold_gain":0,"player_choice":"Forget","damage_taken":0,"max_hp_gain":0,"max_hp_loss":0,"event_name":"Living Wall","floor":3,"gold_loss":0},{"damage_healed":0,"gold_gain":0,"player_choice":"Entered Light","damage_taken":23,"max_hp_gain":0,"max_hp_loss":0,"event_name":"Shining Light","floor":4,"gold_loss":0,"cards_upgraded":["Capacitor","Defend_B"]},{"damage_healed":0,"gold_gain":0,"player_choice":"Lose Max HP","damage_taken":0,"relics_obtained":["Golden Idol"],"max_hp_gain":0,"max_hp_loss":7,"event_name":"Golden Idol","floor":7,"gold_loss":0},{"damage_healed":0,"gold_gain":75,"player_choice":"Gather Gold","damage_taken":11,"max_hp_gain":0,"max_hp_loss":0,"event_name":"World of Goop","floor":8,"gold_loss":0},{"damage_healed":0,"gold_gain":0,"player_choice":"Fought Bandits","damage_taken":0,"max_hp_gain":0,"max_hp_loss":0,"event_name":"Masked Bandits","floor":19,"gold_loss":0}],"is_beta":false,"boss_relics":[{"not_picked":["Fusion Hammer","Runic Pyramid"],"picked":"Velvet Choker"}],"items_purged_floors":[10],"is_endless":false,"potions_floor_spawned":[1,2,11],"killed_by":"Masked Bandits","ascension_level":15}