{"gold_per_floor":[118,133,143,155,155,185,196,214,214,179,179,179,233,248,248,373,373,393,393,416,439,120,120,120,120,120,120,155,180,180,180,180,180],"floor_reached":33,"playtime":1296,"items_purged":["Strike_R"],"score":267,"play_id":"5e6578b2-a30a-4cd2-a116-3b46b383e9b8","local_time":"20190419120429","is_ascension_mode":false,"campfire_choices":[{"data":"Rage","floor":12,"key":"SMITH"},{"data":"Metallicize","floor":15,"key":"SMITH"},{"floor":23,"key":"REST"},{"data":"The Bomb","floor":25,"key":"SMITH"},{"data":"Body Slam","floor":27,"key":"SMITH"},{"data":"Seeing Red","floor":30,"key":"SMITH"},{"data":"RitualDagger","floor":32,"key":"SMITH"}],"neow_cost":"NONE","seed_source_timestamp":320863897912100,"circlet_count":0,"master_deck":["Strike_R","Strike_R","Strike_R","Strike_R","Defend_R","Defend_R","Defend_R","Defend_R","Bash+1","Rage+1","Headbutt","Body Slam+1","Whirlwind","Carnage","Metallicize+1","Perfected Strike","Immolate","Seeing Red+1","Anger+1","Anger","The Bomb+1","Shrug It Off","Reaper","Iron Wave+1","RitualDagger+1"],"relics":["Burning Blood","Red Skull","Pen Nib","Golden Idol","Tiny Chest","Velvet Choker","Enchiridion","Mummified Hand","Boot","Orichalcum"],"potions_floor_usage":[6,33,33],"damage_taken":[{"damage":1,"enemies":"Cultist","floor":1,"turns":3},{"damage":5,"enemies":"Jaw Worm","floor":2,"turns":4},{"damage":5,"enemies":"2 Louse","floor":3,"turns":4},{"damage":12,"enemies":"Looter","floor":4,"turns":3},{"damage":31,"enemies":"Lagavulin","floor":6,"turns":5},{"damage":3,"enemies":"2 Fungi Beasts","floor":7,"turns":3},{"damage":3,"enemies":"Blue Slaver","floor":8,"turns":4},{"damage":13,"enemies":"Exordium Thugs","floor":14,"turns":5},{"damage":51,"enemies":"The Guardian","floor":16,"turns":11},{"damage":20,"enemies":"2 Thieves","floor":18,"turns":3},{"damage":6,"enemies":"Chosen","floor":20,"turns":3},{"damage":12,"enemies":"Snake Plant","floor":21,"turns":3},{"damage":22,"enemies":"Book of Stabbing","floor":28,"turns":4},{"damage":0,"enemies":"Cultist and Chosen","floor":29,"turns":4},{"damage":65,"enemies":"Champ","floor":33,"turns":7}],"seed_played":"7120296050843125576","potions_obtained":[{"floor":2,"key":"Weak Potion"},{"floor":4,"key":"Ancient Potion"},{"floor":5,"key":"SteroidPotion"},{"floor":5,"key":"Poison Potion"},{"floor":6,"key":"SpeedPotion"},{"floor":20,"key":"PowerPotion"}],"is_trial":false,"path_per_floor":["M","M","M","M","?","E","M","M","T","?","?","R","T","M","R","B",null,"M","?","M","M","$","R","?","R","T","R","E","M","R","?","R","B"],"character_chosen":"IRONCLAD","items_purchased":["The Bomb","Shrug It Off"],"campfire_rested":1,"item_purchase_floors":[22,22],"current_hp_per_floor":[80,80,80,74,74,49,52,55,55,75,74,74,74,67,67,22,74,60,44,44,38,38,60,60,60,60,60,44,50,50,44,44,0],"gold":180,"neow_bonus":"UPGRADE_CARD","is_prod":false,"is_daily":false,"chose_seed":false,"campfire_upgraded":6,"win_rate":0,"timestamp":1555689869,"path_taken":["M","M","?","M","?","E","M","?","T","?","?","R","?","M","R","BOSS","M","?","M","M","$","R","?","R","T","R","E","?","R","?","R","BOSS"],"build_version":"2019-01-23","purchased_purges":1,"victory":false,"max_hp_per_floor":[80,80,80,80,80,80,80,80,80,80,74,74,74,74,74,74,74,74,74,74,74,74,74,74,74,74,74,74,74,74,74,74,74],"card_choices":[{"not_picked":["Clothesline","Corruption","True Grit"],"picked":"SKIP","floor":1},{"not_picked":["Armaments","Disarm"],"picked":"Rage","floor":2},{"not_picked":["Heavy Blade","Thunderclap"],"picked":"Headbutt","floor":3},{"not_picked":["Battle Trance","Headbutt"],"picked":"Body Slam","floor":4},{"not_picked":["Iron Wave","Clothesline"],"picked":"Whirlwind","floor":6},{"not_picked":["Flex","Pommel Strike"],"picked":"Carnage","floor":7},{"not_picked":["Fiend Fire","Wild Strike"],"picked":"Metallicize","floor":8},{"not_picked":["Evolve","Warcry"],"picked":"Perfected Strike","floor":14},{"not_picked":["Berserk","Exhume"],"picked":"Immolate","floor":16},{"not_picked":["Warcry","Hemokinesis"],"picked":"Seeing Red","floor":18},{"not_picked":["Hemokinesis","Warcry+1"],"picked":"Anger+1","floor":20},{"not_picked":["Headbutt","Thunderclap"],"picked":"Anger","floor":21},{"not_picked":["Body Slam","Cleave"],"picked":"Reaper","floor":28},{"not_picked":["Clash+1","Carnage+1"],"picked":"Iron Wave+1","floor":29}],"player_experience":186234,"relics_obtained":[{"floor":6,"key":"Red Skull"},{"floor":9,"key":"Pen Nib"},{"floor":13,"key":"Tiny Chest"},{"floor":19,"key":"Enchiridion"},{"floor":26,"key":"Boot"},{"floor":28,"key":"Orichalcum"}],"event_choices":[{"damage_healed":0,"gold_gain":0,"player_choice":"Got Potions","damage_taken":0,"max_hp_gain":0,"max_hp_loss":0,"event_name":"Lab","floor":5,"gold_loss":0},{"damage_healed":20,"gold_gain":0,"player_choice":"Healed","damage_taken":0,"max_hp_gain":0,"max_hp_loss":0,"event_name":"The Cleric","floor":10,"gold_loss":35},{"damage_healed":0,"gold_gain":0,"player_choice":"Lose Max HP","damage_taken":0,"relics_obtained":["Golden Idol"],"max_hp_gain":0,"max_hp_loss":6,"event_name":"Golden Idol","floor":11,"gold_loss":0},{"damage_healed":0,"gold_gain":0,"player_choice":"Obtained Book","damage_taken":16,"max_hp_gain":0,"max_hp_loss":0,"event_name":"Cursed Tome","floor":19,"gold_loss":0},{"damage_healed":0,"gold_gain":0,"player_choice":"Opened","damage_taken":0,"relics_obtained":["Mummified Hand"],"max_hp_gain":0,"max_hp_loss":0,"event_name":"The Mausoleum","floor":24,"gold_loss":0},{"damage_healed":0,"gold_gain":0,"player_choice":"Joined the Cult","damage_taken":6,"max_hp_gain":0,"max_hp_loss":0,"event_name":"Nest","floor":31,"gold_loss":0,"cards_obtained":["RitualDagger"]}],"is_beta":false,"boss_relics":[{"not_picked":["Philosopher\u0027s Stone","Ectoplasm"],"picked":"Velvet Choker"}],"items_purged_floors":[22],"is_endless":false,"potions_floor_spawned":[2,4,6,8,20,28],"killed_by":"Champ","ascension_level":0}