{"gold_per_floor":[109,109,109,184,203,203,227,14,14,14,58,58,51,72,72,201,201,222,222,240,126,126,126,126],"floor_reached":24,"playtime":1194,"items_purged":["Strike_G"],"score":243,"play_id":"54f53c16-be97-4629-b67a-2f986cab227e","local_time":"20180923153517","is_ascension_mode":true,"campfire_choices":[{"floor":6,"key":"REST"},{"floor":10,"key":"REST"},{"data":"Noxious Fumes","floor":12,"key":"SMITH"},{"floor":15,"key":"REST"},{"floor":23,"key":"REST"}],"neow_cost":"NONE","seed_source_timestamp":876639903964950,"circlet_count":0,"master_deck":["Defend_G+1","Defend_G","Defend_G+1","Defend_G","Defend_G","Strike_G","Strike_G","Strike_G","Strike_G","Survivor","Neutralize","Terror","PiercingWail","Backflip","Adrenaline","Noxious Fumes+1","Crippling Poison","Quick Slash+1","Flechettes+1","Tools of the Trade","Noxious Fumes","Cloak And Dagger+1","Infinite Blades","Neutralize+1","Blind"],"relics":["Ring of the Snake","Potion Belt","Golden Idol","Sundial","Molten Egg 2","White Beast Statue"],"potions_floor_usage":[11,20,24],"damage_taken":[{"damage":1,"enemies":"Jaw Worm","floor":1,"turns":5},{"damage":1,"enemies":"Cultist","floor":5,"turns":4},{"damage":0,"enemies":"Small Slimes","floor":7,"turns":5},{"damage":13,"enemies":"3 Sentries","floor":11,"turns":10},{"damage":6,"enemies":"Exordium Thugs","floor":13,"turns":6},{"damage":7,"enemies":"Lots of Slimes","floor":14,"turns":3},{"damage":20,"enemies":"Hexaghost","floor":16,"turns":9},{"damage":8,"enemies":"3 Byrds","floor":18,"turns":6},{"damage":25,"enemies":"Colosseum Slavers","floor":19,"turns":5},{"damage":8,"enemies":"Shell Parasite","floor":20,"turns":7},{"damage":45,"enemies":"Shelled Parasite and Fungi","floor":24,"turns":5}],"seed_played":"4905156210861925556","potions_obtained":[{"floor":5,"key":"SpeedPotion"},{"floor":7,"key":"SkillPotion"},{"floor":18,"key":"Fire Potion"},{"floor":20,"key":"LiquidBronze"}],"is_trial":false,"path_per_floor":["M","?","?","?","M","R","M","$","T","R","E","R","M","M","R","B",null,"M","?","M","$","?","R"],"character_chosen":"THE_SILENT","items_purchased":["Adrenaline","Noxious Fumes","Infinite Blades"],"campfire_rested":4,"item_purchase_floors":[8,8,21],"current_hp_per_floor":[69,52,38,27,26,47,47,47,47,68,55,55,49,42,63,43,63,55,30,22,22,22,43,0],"gold":126,"neow_bonus":"RANDOM_COMMON_RELIC","is_prod":false,"is_daily":false,"chose_seed":false,"campfire_upgraded":1,"win_rate":0,"timestamp":1537731317,"path_taken":["M","?","?","?","M","R","M","$","T","R","E","R","M","M","R","BOSS","M","?","M","$","?","R","M"],"build_version":"2018-09-20","purchased_purges":1,"victory":false,"max_hp_per_floor":[70,70,70,70,70,70,70,70,70,70,70,70,70,70,70,70,70,70,70,70,70,70,70,70],"card_choices":[{"not_picked":["Poisoned Stab","Flying Knee"],"picked":"Terror","floor":1},{"not_picked":["Accuracy","Choke"],"picked":"PiercingWail","floor":5},{"not_picked":["Outmaneuver","Envenom"],"picked":"Backflip","floor":7},{"not_picked":["Blade Dance","Deadly Poison"],"picked":"Crippling Poison","floor":11},{"not_picked":["Outmaneuver","Backflip"],"picked":"Quick Slash+1","floor":13},{"not_picked":["Terror","Prepared"],"picked":"Flechettes+1","floor":14},{"not_picked":["Unload+1","Grand Finale+1"],"picked":"Tools of the Trade","floor":16},{"not_picked":["Well Laid Plans","Slice+1"],"picked":"Noxious Fumes","floor":18},{"not_picked":["Flechettes+1","Expertise+1"],"picked":"Cloak And Dagger+1","floor":20}],"player_experience":143409,"relics_obtained":[{"floor":9,"key":"Sundial"},{"floor":11,"key":"Molten Egg 2"}],"event_choices":[{"event_name":"Golden Idol","player_choice":"Take Damage","floor":2,"damage_taken":0},{"event_name":"Shining Light","player_choice":"Entered Light","floor":3,"damage_taken":0},{"event_name":"World of Goop","player_choice":"Gather Gold","floor":4,"damage_taken":0},{"event_name":"Colosseum","player_choice":"Fight","floor":19,"damage_taken":0},{"event_name":"Colosseum","player_choice":"Fled From Nobs","floor":19,"damage_taken":0},{"event_name":"Match and Keep!","player_choice":"2 cards matched","floor":22,"damage_taken":0}],"is_beta":false,"boss_relics":[{"not_picked":["Philosopher\u0027s Stone","Orrery"],"picked":"White Beast Statue"}],"items_purged_floors":[21],"is_endless":false,"potions_floor_spawned":[5,7,18,19,20],"killed_by":"Shelled Parasite and Fungi","ascension_level":5}