{"gold_per_floor":[109,124,51,51,65,94,19,51,87,99,111,48,75,85,85,184,184,199,219,44,44,64,64,93,109,178,178,178,197,29,29],"floor_reached":31,"playtime":2933,"items_purged":["Strike_G","Strike_G"],"score":300,"play_id":"e7edd0e2-07e0-4e7c-accc-fe71eb9f5549","local_time":"20190319145403","is_ascension_mode":true,"campfire_choices":[{"floor":10,"key":"REST"},{"floor":15,"key":"REST"},{"data":"Tactician","floor":23,"key":"SMITH"},{"floor":28,"key":"REST"}],"neow_cost":"NONE","seed_source_timestamp":356198771398368,"circlet_count":0,"master_deck":["Defend_G","Defend_G","Defend_G","Defend_G+1","Defend_G","Strike_G","Survivor","Neutralize","Acrobatics","Deflect+1","Noxious Fumes","Crippling Poison","PiercingWail","Well Laid Plans","Dagger Throw","Underhanded Strike","Leg Sweep","A Thousand Cuts","Footwork","Catalyst","Tactician+1","Slice","Escape Plan+1","Backflip","Deadly Poison","Reflex"],"relics":["Ring of the Snake","NeowsBlessing","WarpedTongs","War Paint","MawBank","Art of War","Pantograph","Empty Cage","Potion Belt","The Courier","MealTicket"],"potions_floor_usage":[24,25,25,31,31],"damage_taken":[{"damage":0,"enemies":"2 Louse","floor":1,"turns":1},{"damage":0,"enemies":"Cultist","floor":2,"turns":1},{"damage":1,"enemies":"Jaw Worm","floor":5,"turns":1},{"damage":10,"enemies":"3 Sentries","floor":6,"turns":8},{"damage":27,"enemies":"Lagavulin","floor":8,"turns":8},{"damage":41,"enemies":"Gremlin Nob","floor":13,"turns":6},{"damage":0,"enemies":"Blue Slaver","floor":14,"turns":4},{"damage":6,"enemies":"Hexaghost","floor":16,"turns":12},{"damage":5,"enemies":"Spheric Guardian","floor":18,"turns":6},{"damage":14,"enemies":"Shell Parasite","floor":19,"turns":7},{"damage":6,"enemies":"Centurion and Healer","floor":22,"turns":9},{"damage":30,"enemies":"Gremlin Leader","floor":24,"turns":6},{"damage":5,"enemies":"Snake Plant","floor":25,"turns":5},{"damage":8,"enemies":"Snecko","floor":29,"turns":6},{"damage":25,"enemies":"Slavers","floor":31,"turns":2}],"seed_played":"-837353163974413860","potions_obtained":[{"floor":1,"key":"LiquidBronze"},{"floor":8,"key":"GamblersBrew"},{"floor":13,"key":"Block Potion"},{"floor":24,"key":"AttackPotion"},{"floor":29,"key":"PowerPotion"}],"is_trial":false,"path_per_floor":["M","M","$","?","M","E","$","E","T","R","?","$","E","M","R","B",null,"M","M","$","?","M","R","E","M","T","?","R","M","$","E"],"character_chosen":"THE_SILENT","items_purchased":["Noxious Fumes","Well Laid Plans","Tactician","MealTicket"],"campfire_rested":3,"item_purchase_floors":[3,7,20,30],"current_hp_per_floor":[70,70,70,70,69,59,59,32,32,53,53,53,12,12,33,52,70,65,51,51,51,45,45,15,10,10,10,31,23,23,0],"gold":29,"neow_bonus":"THREE_ENEMY_KILL","is_prod":false,"is_daily":false,"chose_seed":false,"campfire_upgraded":1,"win_rate":0,"timestamp":1552974843,"path_taken":["M","M","$","?","?","E","$","E","T","R","?","?","E","M","R","BOSS","M","M","$","?","M","R","E","?","T","?","R","M","?","E"],"build_version":"2019-01-23","purchased_purges":2,"victory":false,"max_hp_per_floor":[70,70,70,70,70,70,70,70,70,70,70,70,70,70,70,70,70,70,70,70,70,70,70,70,70,70,70,70,70,70,70],"card_choices":[{"not_picked":["Choke","Dodge and Roll"],"picked":"Acrobatics","floor":1},{"not_picked":["Choke","Riddle With Holes"],"picked":"Deflect","floor":2},{"not_picked":["Flechettes","Slice"],"picked":"Crippling Poison","floor":5},{"not_picked":["Deadly Poison","Heel Hook"],"picked":"PiercingWail","floor":6},{"not_picked":["Eviscerate","Flying Knee"],"picked":"Dagger Throw","floor":8},{"not_picked":["Dagger Spray","Sucker Punch"],"picked":"Underhanded Strike","floor":13},{"not_picked":["Predator","Die Die Die"],"picked":"Leg Sweep","floor":14},{"not_picked":["Doppelganger","Adrenaline"],"picked":"A Thousand Cuts","floor":16},{"not_picked":["Outmaneuver","Prepared"],"picked":"Footwork","floor":18},{"not_picked":["Flying Knee","Acrobatics"],"picked":"Catalyst","floor":19},{"not_picked":["Sucker Punch","Flying Knee+1"],"picked":"Escape Plan+1","floor":22},{"not_picked":["Dodge and Roll","Venomology"],"picked":"Backflip","floor":24},{"not_picked":["Skewer","Slice"],"picked":"Deadly Poison","floor":25},{"not_picked":["PiercingWail+1","Deflect"],"picked":"Reflex","floor":29}],"player_experience":430375,"relics_obtained":[{"floor":6,"key":"War Paint"},{"floor":8,"key":"MawBank"},{"floor":9,"key":"Art of War"},{"floor":13,"key":"Pantograph"},{"floor":24,"key":"Potion Belt"},{"floor":26,"key":"The Courier"}],"event_choices":[{"damage_healed":0,"gold_gain":0,"player_choice":"Rummage","damage_taken":0,"relics_obtained":["WarpedTongs"],"max_hp_gain":0,"max_hp_loss":0,"event_name":"Accursed Blacksmith","floor":4,"gold_loss":0,"cards_obtained":["Pain"]},{"cards_removed":["Pain"],"damage_healed":0,"gold_gain":0,"player_choice":"Forget","damage_taken":0,"max_hp_gain":0,"max_hp_loss":0,"event_name":"Living Wall","floor":11,"gold_loss":0},{"damage_healed":0,"gold_gain":0,"player_choice":"1 cards matched","damage_taken":0,"max_hp_gain":0,"max_hp_loss":0,"event_name":"Match and Keep!","floor":21,"gold_loss":0,"cards_obtained":["Slice"]},{"damage_healed":0,"gold_gain":0,"player_choice":"Ignored","damage_taken":0,"max_hp_gain":0,"max_hp_loss":0,"event_name":"Vampires","floor":27,"gold_loss":0}],"is_beta":false,"boss_relics":[{"not_picked":["Sozu","Calling Bell"],"picked":"Empty Cage"}],"items_purged_floors":[12,20],"is_endless":false,"potions_floor_spawned":[1,8,13,16,18,22,24,29],"killed_by":"Slavers","ascension_level":2}