{"gold_per_floor":[119,69,83,258,268,268,45,59,59,59],"floor_reached":10,"playtime":295,"items_purged":[],"score":99,"play_id":"2967c6fd-518b-4282-b489-ae2ea320b6c7","local_time":"20190416010827","is_ascension_mode":true,"campfire_choices":[],"neow_cost":"NONE","seed_source_timestamp":17900300298768,"circlet_count":0,"master_deck":["AscendersBane","Strike_B","Strike_B","Strike_B","Defend_B","Defend_B","Defend_B","Defend_B","Zap","Dualcast","Streamline","Recycle","Doubt","Reinforced Body","Injury","Hyperbeam","Skim"],"relics":["Sozu","Golden Idol","Juzu Bracelet","WingedGreaves"],"potions_floor_usage":[],"damage_taken":[{"damage":7,"enemies":"Jaw Worm","floor":1,"turns":3},{"damage":11,"enemies":"Small Slimes","floor":3,"turns":3},{"damage":2,"enemies":"2 Louse","floor":5,"turns":2},{"damage":8,"enemies":"Exordium Wildlife","floor":8,"turns":4},{"damage":63,"enemies":"Gremlin Nob","floor":10,"turns":5}],"seed_played":"157672995897428962","potions_obtained":[],"is_trial":false,"path_per_floor":["M","?","M","?","M","?","$","M","T","E"],"character_chosen":"DEFECT","items_purchased":["Hyperbeam","Juzu Bracelet"],"campfire_rested":0,"item_purchase_floors":[7,7],"current_hp_per_floor":[57,57,46,46,44,44,44,36,36,0],"gold":59,"neow_bonus":"BOSS_RELIC","is_prod":false,"is_daily":false,"chose_seed":false,"campfire_upgraded":0,"win_rate":0,"timestamp":1555344507,"path_taken":["M","?","M","?","M","?","$","M","T","E"],"build_version":"2019-01-23","purchased_purges":0,"victory":false,"max_hp_per_floor":[71,71,71,71,71,71,71,71,71,71],"card_choices":[{"not_picked":["Turbo","Hologram"],"picked":"Streamline","floor":1},{"not_picked":["Rip and Tear","Sweeping Beam"],"picked":"Recycle","floor":3},{"not_picked":["Turbo","Barrage"],"picked":"Reinforced Body","floor":5},{"not_picked":["Storm","Leap"],"picked":"Skim","floor":8}],"player_experience":765370,"relics_obtained":[{"floor":9,"key":"WingedGreaves"}],"event_choices":[{"cards_removed":["Strike_B"],"damage_healed":0,"gold_gain":0,"player_choice":"Card Removal","damage_taken":0,"max_hp_gain":0,"max_hp_loss":0,"event_name":"The Cleric","floor":2,"gold_loss":50},{"damage_healed":0,"gold_gain":175,"player_choice":"AGREE","damage_taken":0,"max_hp_gain":0,"max_hp_loss":0,"event_name":"Liars Game","floor":4,"gold_loss":0,"cards_obtained":["Doubt"]},{"damage_healed":0,"gold_gain":0,"player_choice":"Take Wound","damage_taken":0,"relics_obtained":["Golden Idol"],"max_hp_gain":0,"max_hp_loss":0,"event_name":"Golden Idol","floor":6,"gold_loss":0,"cards_obtained":["Injury"]}],"is_beta":false,"boss_relics":[],"items_purged_floors":[],"is_endless":false,"potions_floor_spawned":[],"killed_by":"Gremlin Nob","ascension_level":14}