{"gold_per_floor":[119,119,44,9,9,9,44,44,44,119,119,130,150,55,55,155,155,175,175,175,175,192,192,130,130],"floor_reached":25,"playtime":576,"items_purged":["Strike_B","Strike_B"],"score":308,"play_id":"b7fe1bec-be64-4120-9bdb-33a8448f8956","local_time":"20190405030642","is_ascension_mode":true,"campfire_choices":[{"data":"Zap","floor":6.0,"key":"SMITH"},{"data":"Recycle","floor":8.0,"key":"SMITH"},{"data":"Dualcast","floor":11.0,"key":"SMITH"},{"data":"Streamline","floor":15.0,"key":"SMITH"},{"data":"Hologram","floor":23.0,"key":"SMITH"}],"neow_cost":"NONE","seed_source_timestamp":12434191730510,"circlet_count":0,"master_deck":["Defend_B","Defend_B","Defend_B","Defend_B","Zap+1","Dualcast+1","Steam","Recycle+1","Gash","Gash","Streamline+1","Seek","Gash+1","Hologram+1"],"special_seed":0,"relics":["Cracked Core","NeowsBlessing","Bag of Marbles","Smiling Mask","Calling Bell","PreservedInsect","Pear","Ginger","Toxic Egg 2","Lantern"],"potions_floor_usage":[],"damage_taken":[{"damage":0.0,"enemies":"2 Louse","floor":1.0,"turns":1.0},{"damage":0.0,"enemies":"3 Sentries","floor":7.0,"turns":1.0},{"damage":0.0,"enemies":"Small Slimes","floor":12.0,"turns":1.0},{"damage":8.0,"enemies":"Jaw Worm","floor":13.0,"turns":4.0},{"damage":21.0,"enemies":"Slime Boss","floor":16.0,"turns":10.0},{"damage":25.0,"enemies":"Shell Parasite","floor":18.0,"turns":6.0},{"damage":8.0,"enemies":"2 Thieves","floor":22.0,"turns":3.0},{"damage":59,"enemies":"Snecko","floor":25,"turns":4}],"seed_played":"5881156736223366824","potions_obtained":[{"floor":12.0,"key":"Poison Potion"},{"floor":13.0,"key":"Poison Potion"},{"floor":18.0,"key":"AttackPotion"}],"is_trial":false,"path_per_floor":["M","?","$","?","?","R","E","R","T","?","R","M","M","$","R","B",null,"M","?","?","?","M","R","?","M"],"character_chosen":"DEFECT","items_purchased":["Streamline"],"campfire_rested":0,"item_purchase_floors":[14],"current_hp_per_floor":[68,61,61,75,75,75,75,75,75,64,64,64,56,56,56,35,75,50,50,50,50,42,42,42,0],"gold":130,"neow_bonus":"THREE_ENEMY_KILL","is_prod":false,"is_daily":false,"chose_seed":false,"campfire_upgraded":5,"win_rate":0,"timestamp":1554401202,"path_taken":["M","?","$","?","?","R","E","R","T","?","R","M","M","?","R","BOSS","M","?","?","?","M","R","?","?"],"build_version":"2019-01-23","purchased_purges":2,"victory":false,"max_hp_per_floor":[75,75,75,75,75,75,75,75,75,75,75,75,75,75,75,75,85,85,85,85,85,85,85,85,85],"card_choices":[{"not_picked":["Barrage","Heatsinks"],"picked":"Steam","floor":1.0},{"not_picked":["Sweeping Beam","Conserve Battery"],"picked":"Recycle","floor":7.0},{"not_picked":["Cold Snap","Rebound"],"picked":"Gash","floor":12.0},{"not_picked":["Static Discharge","Ball Lightning"],"picked":"Gash","floor":13.0},{"not_picked":["Hyperbeam","Rainbow"],"picked":"Seek","floor":16.0},{"not_picked":["Coolheaded+1","Stack+1"],"picked":"Gash+1","floor":18.0},{"not_picked":["Redo+1","Capacitor+1","Barrage"],"picked":"SKIP","floor":22.0}],"player_experience":680035,"relics_obtained":[{"floor":7.0,"key":"Bag of Marbles"},{"floor":9.0,"key":"Smiling Mask"},{"floor":17.0,"key":"PreservedInsect"},{"floor":17.0,"key":"Pear"},{"floor":17.0,"key":"Ginger"}],"event_choices":[{"cards_removed":["Strike_B"],"damage_healed":0.0,"max_hp_gain":0.0,"max_hp_loss":0.0,"gold_gain":0.0,"event_name":"Golden Wing","player_choice":"Card Removal","floor":2.0,"gold_loss":0.0,"damage_taken":7.0},{"damage_healed":18.0,"max_hp_gain":0.0,"max_hp_loss":0.0,"gold_gain":0.0,"event_name":"The Cleric","player_choice":"Healed","floor":4.0,"gold_loss":35.0,"damage_taken":0.0},{"cards_removed":["Strike_B"],"damage_healed":0.0,"max_hp_gain":0.0,"max_hp_loss":0.0,"gold_gain":0.0,"event_name":"Living Wall","player_choice":"Forget","floor":5.0,"gold_loss":0.0,"damage_taken":0.0},{"damage_healed":0.0,"max_hp_gain":0.0,"max_hp_loss":0.0,"gold_gain":75.0,"event_name":"World of Goop","player_choice":"Gather Gold","floor":10.0,"gold_loss":0.0,"damage_taken":11.0},{"damage_healed":0.0,"max_hp_gain":0.0,"max_hp_loss":0.0,"gold_gain":0.0,"event_name":"Ghosts","player_choice":"Ignored","floor":19.0,"gold_loss":0.0,"damage_taken":0.0},{"damage_healed":0.0,"max_hp_gain":0.0,"max_hp_loss":0.0,"gold_gain":0.0,"event_name":"The Library","player_choice":"Read","floor":20.0,"gold_loss":0.0,"damage_taken":0.0,"cards_obtained":["Hologram"]},{"damage_healed":0.0,"max_hp_gain":0.0,"max_hp_loss":0.0,"gold_gain":0.0,"event_name":"The Mausoleum","player_choice":"Opened","floor":21.0,"gold_loss":0.0,"damage_taken":0.0,"relics_obtained":["Toxic Egg 2"]},{"damage_healed":0.0,"max_hp_gain":0.0,"max_hp_loss":0.0,"gold_gain":0.0,"event_name":"WeMeetAgain","player_choice":"Paid Gold","floor":24.0,"gold_loss":62.0,"damage_taken":0.0,"relics_obtained":["Lantern"]}],"is_beta":false,"boss_relics":[{"not_picked":["Busted Crown","Fusion Hammer"],"picked":"Calling Bell"}],"items_purged_floors":[3,14],"is_endless":false,"potions_floor_spawned":[12,13,18],"killed_by":"Snecko","ascension_level":8}