{"gold_per_floor":[119,138,148,161,161,161,181,210,210,242,254,274,274,288,288,361,361,341,356,375,47,47,47,82,82,82,132,148,166,186,203,203,203],"floor_reached":33,"playtime":1615,"items_purged":[],"score":570,"play_id":"41704e31-34d3-4353-9a5c-f515a0bce6b8","local_time":"20190414084418","is_ascension_mode":true,"campfire_choices":[{"data":"Armaments","floor":6.0,"key":"SMITH"},{"data":"Iron Wave","floor":13.0,"key":"SMITH"},{"data":"Iron Wave","floor":15.0,"key":"SMITH"},{"data":"Armaments","floor":23.0,"key":"SMITH"},{"floor":25.0,"key":"REST"},{"floor":32.0,"key":"REST"}],"neow_cost":"NONE","seed_source_timestamp":120254563270000,"circlet_count":0,"master_deck":["AscendersBane","Strike_R","Strike_R","Strike_R","Strike_R","Strike_R","Defend_R","Defend_R","Bash","Armaments+1","Perfected Strike","Twin Strike","Twin Strike","Iron Wave+1","Iron Wave+1","Feel No Pain","Double Tap","Flame Barrier","Armaments+1","Thunderclap","Flame Barrier","Thunderclap"],"special_seed":0,"relics":["Burning Blood","Red Skull","Vajra","Smiling Mask","White Beast Statue","Potion Belt","Pen Nib","Mercury Hourglass","Ancient Tea Set"],"potions_floor_usage":[33,33,33],"damage_taken":[{"damage":12.0,"enemies":"Jaw Worm","floor":1.0,"turns":3.0},{"damage":2.0,"enemies":"2 Louse","floor":2.0,"turns":3.0},{"damage":1.0,"enemies":"Cultist","floor":3.0,"turns":3.0},{"damage":9.0,"enemies":"Gremlin Gang","floor":4.0,"turns":5.0},{"damage":12.0,"enemies":"3 Louse","floor":7.0,"turns":3.0},{"damage":25.0,"enemies":"3 Sentries","floor":8.0,"turns":7.0},{"damage":8.0,"enemies":"Gremlin Nob","floor":10.0,"turns":3.0},{"damage":0.0,"enemies":"2 Fungi Beasts","floor":11.0,"turns":2.0},{"damage":6.0,"enemies":"Large Slime","floor":12.0,"turns":3.0},{"damage":8.0,"enemies":"Exordium Wildlife","floor":14.0,"turns":3.0},{"damage":34.0,"enemies":"Hexaghost","floor":16.0,"turns":8.0},{"damage":20.0,"enemies":"2 Thieves","floor":18.0,"turns":4.0},{"damage":0.0,"enemies":"3 Byrds","floor":19.0,"turns":5.0},{"damage":16.0,"enemies":"Centurion and Healer","floor":20.0,"turns":7.0},{"damage":34.0,"enemies":"Gremlin Leader","floor":24.0,"turns":5.0},{"damage":12.0,"enemies":"Shelled Parasite and Fungi","floor":28.0,"turns":3.0},{"damage":13.0,"enemies":"Sentry and Sphere","floor":29.0,"turns":5.0},{"damage":0.0,"enemies":"Snecko","floor":30.0,"turns":2.0},{"damage":20.0,"enemies":"Shelled Parasite and Fungi","floor":31.0,"turns":3.0},{"damage":56,"enemies":"Collector","floor":33,"turns":6}],"seed_played":"-8562676441026091071","potions_obtained":[{"floor":1.0,"key":"EssenceOfSteel"},{"floor":3.0,"key":"SteroidPotion"},{"floor":8.0,"key":"Dexterity Potion"},{"floor":10.0,"key":"Fire Potion"},{"floor":18.0,"key":"SkillPotion"},{"floor":19.0,"key":"Explosive Potion"},{"floor":20.0,"key":"EntropicBrew"},{"floor":24.0,"key":"SpeedPotion"},{"floor":28.0,"key":"GamblersBrew"},{"floor":29.0,"key":"Fire Potion"},{"floor":30.0,"key":"Dexterity Potion"},{"floor":31.0,"key":"Regen Potion"}],"is_trial":false,"path_per_floor":["M","M","M","M","?","R","M","E","T","E","M","M","R","M","R","B",null,"M","M","M","$","?","R","E","R","T","?","M","M","M","M","R","B"],"character_chosen":"IRONCLAD","items_purchased":["Potion Belt","Pen Nib"],"campfire_rested":2,"item_purchase_floors":[21,21],"current_hp_per_floor":[62,66,71,68,61,61,55,36,36,34,40,40,40,38,38,10,59,45,51,41,41,41,41,13,35,35,35,29,22,28,14,36,0],"gold":203,"neow_bonus":"REMOVE_CARD","is_prod":false,"is_daily":false,"chose_seed":false,"campfire_upgraded":4,"win_rate":0,"timestamp":1555245858,"path_taken":["M","M","M","M","?","R","M","E","T","E","M","M","R","M","R","BOSS","M","M","M","$","?","R","E","R","T","?","M","M","?","M","R","BOSS"],"build_version":"2019-01-23","purchased_purges":0,"victory":false,"max_hp_per_floor":[75,75,75,75,75,75,75,75,75,75,75,75,75,75,75,75,75,75,75,75,75,75,75,75,75,75,75,75,75,75,75,75,75],"card_choices":[{"not_picked":["Inflame","Searing Blow"],"picked":"Armaments","floor":1.0},{"not_picked":["Rupture","Heavy Blade"],"picked":"Perfected Strike","floor":2.0},{"not_picked":["Anger","Corruption"],"picked":"Twin Strike","floor":3.0},{"not_picked":["Heavy Blade","Shrug It Off"],"picked":"Twin Strike","floor":4.0},{"not_picked":["Intimidate","Uppercut","Warcry"],"picked":"SKIP","floor":7.0},{"not_picked":["Corruption","Dropkick"],"picked":"Iron Wave","floor":8.0},{"not_picked":["Searing Blow","Sever Soul","Power Through"],"picked":"SKIP","floor":10.0},{"not_picked":["Flex","Havoc"],"picked":"Iron Wave","floor":11.0},{"not_picked":["Rage","Dark Embrace"],"picked":"Feel No Pain","floor":12.0},{"not_picked":["Searing Blow","Iron Wave","Heavy Blade"],"picked":"SKIP","floor":14.0},{"not_picked":["Fiend Fire","Dark Embrace"],"picked":"Double Tap","floor":16.0},{"not_picked":["Reckless Charge","Warcry"],"picked":"Flame Barrier","floor":18.0},{"not_picked":["Body Slam","Rage"],"picked":"Armaments","floor":19.0},{"not_picked":["Combust","Anger+1","Reckless Charge"],"picked":"SKIP","floor":20.0},{"not_picked":["Fiend Fire","Searing Blow","Cleave"],"picked":"SKIP","floor":24.0},{"not_picked":["Headbutt","Clash","Disarm"],"picked":"SKIP","floor":28.0},{"not_picked":["Shrug It Off","Clash"],"picked":"Thunderclap","floor":29.0},{"not_picked":["Headbutt","Bludgeon"],"picked":"Flame Barrier","floor":30.0},{"not_picked":["Dropkick","Bloodletting"],"picked":"Thunderclap","floor":31.0}],"player_experience":313580,"relics_obtained":[{"floor":8.0,"key":"Red Skull"},{"floor":9.0,"key":"Vajra"},{"floor":10.0,"key":"Smiling Mask"},{"floor":24.0,"key":"Mercury Hourglass"},{"floor":26.0,"key":"Ancient Tea Set"}],"event_choices":[{"cards_removed":["Defend_R"],"damage_healed":0.0,"max_hp_gain":0.0,"max_hp_loss":0.0,"gold_gain":0.0,"event_name":"Golden Wing","player_choice":"Card Removal","floor":5.0,"gold_loss":0.0,"damage_taken":7.0},{"damage_healed":0.0,"max_hp_gain":0.0,"max_hp_loss":0.0,"gold_gain":100.0,"event_name":"The Joust","player_choice":"Bet on Murderer","floor":27.0,"gold_loss":50.0,"damage_taken":0.0}],"is_beta":false,"boss_relics":[{"not_picked":["Empty Cage","Pandora\u0027s Box"],"picked":"White Beast Statue"}],"items_purged_floors":[],"is_endless":false,"potions_floor_spawned":[1,3,8,10,18,19,20,24,28,29,30,31],"killed_by":"Collector","ascension_level":20}