{"gold_per_floor":[113,124,199,209,37,69,69,95,144,163,174,174,174],"floor_reached":13,"playtime":767,"items_purged":[],"score":95,"play_id":"1c13175a-b5b5-4c38-a745-08e5fb12e87b","local_time":"20190408220755","is_ascension_mode":false,"campfire_choices":[{"data":"Bash","floor":7.0,"key":"SMITH"}],"neow_cost":"NONE","seed_source_timestamp":0,"circlet_count":0,"master_deck":["Strike_R","Strike_R","Strike_R","Strike_R","Strike_R","Defend_R","Defend_R","Defend_R","Defend_R","Bash+1","Headbutt","Iron Wave","Shrug It Off","Offering","Hemokinesis","Infernal Blade","Exhume","True Grit"],"special_seed":0,"relics":["Burning Blood","NeowsBlessing","Bottled Flame","Pen Nib","Ancient Tea Set","PreservedInsect"],"potions_floor_usage":[10,10,13],"damage_taken":[{"damage":0.0,"enemies":"Cultist","floor":1.0,"turns":1.0},{"damage":0.0,"enemies":"Jaw Worm","floor":2.0,"turns":1.0},{"damage":0.0,"enemies":"Small Slimes","floor":4.0,"turns":1.0},{"damage":35.0,"enemies":"Lagavulin","floor":6.0,"turns":5.0},{"damage":28.0,"enemies":"Gremlin Nob","floor":8.0,"turns":3.0},{"damage":17,"enemies":"Exordium Thugs","floor":10,"turns":4},{"damage":0,"enemies":"Large Slime","floor":11,"turns":1},{"damage":22,"enemies":"Lagavulin","floor":13,"turns":3}],"seed_played":"2597601772796568977","potions_obtained":[{"floor":2.0,"key":"BloodPotion"},{"floor":6.0,"key":"Regen Potion"},{"floor":8.0,"key":"SteroidPotion"}],"is_trial":false,"path_per_floor":["M","M","?","M","$","E","R","E","T","M","M","?","E"],"character_chosen":"IRONCLAD","items_purchased":["Offering","Hemokinesis"],"campfire_rested":0,"item_purchase_floors":[5,5],"current_hp_per_floor":[80,80,69,75,75,46,46,24,24,21,27,15,0],"gold":174,"neow_bonus":"THREE_ENEMY_KILL","is_prod":false,"is_daily":false,"chose_seed":false,"campfire_upgraded":1,"win_rate":0,"timestamp":1554786475,"path_taken":["M","M","?","M","?","E","R","E","T","?","M","?","E"],"build_version":"2019-01-23","purchased_purges":0,"victory":false,"max_hp_per_floor":[80,80,80,80,80,80,80,80,80,80,80,80,80],"card_choices":[{"not_picked":["Cleave","Blood for Blood"],"picked":"Headbutt","floor":1.0},{"not_picked":["Seeing Red","Cleave"],"picked":"Iron Wave","floor":2.0},{"not_picked":["Entrench","Clash"],"picked":"Shrug It Off","floor":4.0},{"not_picked":["Evolve","Warcry","Thunderclap"],"picked":"SKIP","floor":6.0},{"not_picked":["Twin Strike","Havoc"],"picked":"Infernal Blade","floor":8.0},{"not_picked":["Sword Boomerang","Twin Strike"],"picked":"Exhume","floor":10},{"not_picked":["Sentinel","Shrug It Off"],"picked":"True Grit","floor":11}],"player_experience":139122,"relics_obtained":[{"floor":6.0,"key":"Bottled Flame"},{"floor":8.0,"key":"Pen Nib"},{"floor":9.0,"key":"Ancient Tea Set"}],"event_choices":[{"damage_healed":0.0,"max_hp_gain":0.0,"max_hp_loss":0.0,"gold_gain":75.0,"event_name":"World of Goop","player_choice":"Gather Gold","floor":3.0,"gold_loss":0.0,"damage_taken":11.0},{"damage_healed":0,"gold_gain":0,"player_choice":"Success","damage_taken":12,"relics_obtained":["PreservedInsect"],"max_hp_gain":0,"max_hp_loss":0,"event_name":"Scrap Ooze","floor":12,"gold_loss":0}],"is_beta":false,"boss_relics":[],"items_purged_floors":[],"is_endless":false,"potions_floor_spawned":[2,6,8],"killed_by":"Lagavulin","ascension_level":0}