{"gold_per_floor":[114,114,134,134,8,8,43,118,118,157,173,217,217,217,217,310,310,329,342,361,361,361,361,361],"floor_reached":24,"playtime":1068,"items_purged":["Pain"],"score":445,"play_id":"40574f9b-b989-4071-96af-4cb8dc4f3b7a","local_time":"20190319172118","is_ascension_mode":true,"campfire_choices":[{"data":"Armaments","floor":6,"key":"SMITH"},{"data":"Entrench","floor":13,"key":"SMITH"},{"floor":15,"key":"REST"},{"floor":23,"key":"REST"}],"neow_cost":"NONE","seed_source_timestamp":366887380565858,"circlet_count":0,"master_deck":["AscendersBane","Bash","Power Through","Disarm","Armaments+1","Impervious","Shrug It Off","Entrench+1","Fiend Fire","Thunderclap","Barricade","Disarm","Feed","Whirlwind","Juggernaut","Metallicize","Dark Embrace","Corruption"],"special_seed":0,"relics":["Burning Blood","NeowsBlessing","WarpedTongs","Golden Idol","Pocketwatch","Matryoshka","Pantograph","Kunai","Pandora\u0027s Box"],"potions_floor_usage":[12,16,16,16,16,20],"damage_taken":[{"damage":0.0,"enemies":"Small Slimes","floor":1.0,"turns":1.0},{"damage":1.0,"enemies":"Cultist","floor":3.0,"turns":1.0},{"damage":0,"enemies":"Gremlin Nob","floor":7,"turns":1},{"damage":27,"enemies":"3 Sentries","floor":10,"turns":10},{"damage":7,"enemies":"2 Louse","floor":11,"turns":3},{"damage":25,"enemies":"Lagavulin","floor":12,"turns":7},{"damage":36,"enemies":"The Guardian","floor":16,"turns":10},{"damage":26,"enemies":"Shell Parasite","floor":18,"turns":5},{"damage":8,"enemies":"Chosen","floor":19,"turns":7},{"damage":15,"enemies":"Shelled Parasite and Fungi","floor":20,"turns":6},{"damage":62,"enemies":"Slavers","floor":24,"turns":6}],"seed_played":"715651052704513087","potions_obtained":[{"floor":10,"key":"Poison Potion"},{"floor":11,"key":"EntropicBrew"},{"floor":12,"key":"Swift Potion"},{"floor":19,"key":"PowerPotion"},{"floor":20,"key":"SpeedPotion"}],"is_trial":false,"path_per_floor":["M","?","M","?","$","R","E","?","T","E","M","E","R","?","R","B",null,"M","M","M","?","?","R","E"],"character_chosen":"IRONCLAD","items_purchased":["Armaments"],"campfire_rested":2,"item_purchase_floors":[5],"current_hp_per_floor":[74,74,75,57,57,57,63,52,52,31,30,11,11,11,33,28,63,43,41,32,32,32,54,0],"gold":361,"neow_bonus":"THREE_ENEMY_KILL","is_prod":false,"is_daily":false,"chose_seed":false,"campfire_upgraded":2,"win_rate":0,"timestamp":1552983678,"path_taken":["M","?","?","?","$","R","E","?","T","E","M","E","R","?","R","BOSS","M","M","?","?","?","R","E"],"build_version":"2019-01-23","purchased_purges":1,"victory":false,"max_hp_per_floor":[75,75,75,75,75,75,75,75,75,75,75,75,75,75,75,75,75,75,75,75,75,75,75,79],"card_choices":[{"not_picked":["Anger","Iron Wave"],"picked":"Power Through","floor":1.0},{"not_picked":["Dropkick","Reckless Charge"],"picked":"Disarm","floor":3.0},{"not_picked":["Sentinel","Heavy Blade"],"picked":"Impervious","floor":7},{"not_picked":["Perfected Strike","Disarm"],"picked":"Searing Blow","floor":10},{"not_picked":["Battle Trance","Metallicize"],"picked":"Shrug It Off","floor":11},{"not_picked":["Anger","Armaments"],"picked":"Entrench","floor":12},{"not_picked":["Limit Break","Dark Embrace"],"picked":"Fiend Fire","floor":16},{"not_picked":["Twin Strike","Flex"],"picked":"Metallicize","floor":18},{"not_picked":["Combust","Twin Strike+1","Pummel"],"picked":"SKIP","floor":19},{"not_picked":["Wild Strike","Burning Pact","Infernal Blade"],"picked":"SKIP","floor":20}],"player_experience":436332,"relics_obtained":[{"floor":7,"key":"Pocketwatch"},{"floor":9,"key":"Matryoshka"},{"floor":10,"key":"Pantograph"},{"floor":12,"key":"Kunai"}],"event_choices":[{"damage_healed":0.0,"max_hp_gain":0.0,"max_hp_loss":0.0,"gold_gain":0.0,"event_name":"Accursed Blacksmith","player_choice":"Rummage","floor":2.0,"gold_loss":0.0,"damage_taken":0.0,"relics_obtained":["WarpedTongs"],"cards_obtained":["Pain"]},{"damage_healed":0.0,"max_hp_gain":0.0,"max_hp_loss":0.0,"gold_gain":0.0,"event_name":"Golden Idol","player_choice":"Take Damage","floor":4.0,"gold_loss":0.0,"damage_taken":18.0,"relics_obtained":["Golden Idol"]},{"damage_healed":0,"gold_gain":75,"player_choice":"Gather Gold","damage_taken":11,"max_hp_gain":0,"max_hp_loss":0,"event_name":"World of Goop","floor":8,"gold_loss":0},{"cards_removed":["Strike_R"],"damage_healed":0,"gold_gain":0,"player_choice":"Purged","damage_taken":0,"max_hp_gain":0,"max_hp_loss":0,"event_name":"Purifier","floor":14,"gold_loss":0},{"cards_removed":["Searing Blow"],"damage_healed":0,"gold_gain":0,"player_choice":"Elegance","damage_taken":0,"max_hp_gain":0,"max_hp_loss":0,"event_name":"Back to Basics","floor":21,"gold_loss":0},{"damage_healed":0,"gold_gain":0,"cards_transformed":["Pummel","Searing Blow"],"player_choice":"Became Test Subject","damage_taken":0,"max_hp_gain":0,"max_hp_loss":0,"event_name":"Drug Dealer","floor":22,"gold_loss":0,"cards_obtained":["Dark Embrace","Corruption"]}],"is_beta":false,"boss_relics":[{"not_picked":["Black Blood","Tiny House"],"picked":"Pandora\u0027s Box"}],"items_purged_floors":[5],"is_endless":false,"potions_floor_spawned":[10,11,12,19,20],"killed_by":"Slavers","ascension_level":14}