{"gold_per_floor":[119,44,55,74,88,88,105,105,157,167,194,194,210,226,226,328,328,341,266,286,305,305,305,305],"floor_reached":24,"playtime":1802,"items_purged":["Strike_B"],"score":313,"play_id":"ffa88cf9-a9a7-4852-9f0a-772d8f68fed6","local_time":"20190412120048","is_ascension_mode":true,"campfire_choices":[{"data":"Coolheaded","floor":6.0,"key":"SMITH"},{"data":"Fusion","floor":12.0,"key":"SMITH"},{"data":"Recycle","floor":15.0,"key":"SMITH"},{"floor":23.0,"key":"REST"}],"neow_cost":"NONE","seed_source_timestamp":3890293941052,"circlet_count":0,"master_deck":["AscendersBane","Strike_B","Strike_B","Defend_B","Defend_B","Defend_B","Defend_B","Zap","Dualcast","Coolheaded+1","Melter","Echo Form","Cold Snap","Conserve Battery","Self Repair","Fusion+1","Chaos","Recycle+1","Seek","Coolheaded","White Noise","Self Repair+1","Writhe"],"special_seed":0,"relics":["Cracked Core","Blood Vial","Letter Opener","Juzu Bracelet","Lantern","Eternal Feather","Smiling Mask"],"potions_floor_usage":[24],"damage_taken":[{"damage":7.0,"enemies":"Jaw Worm","floor":1.0,"turns":3.0},{"damage":3.0,"enemies":"2 Louse","floor":3.0,"turns":4.0},{"damage":0.0,"enemies":"Cultist","floor":4.0,"turns":3.0},{"damage":13.0,"enemies":"Blue Slaver","floor":5.0,"turns":4.0},{"damage":6.0,"enemies":"2 Fungi Beasts","floor":7.0,"turns":3.0},{"damage":11.0,"enemies":"Large Slime","floor":10.0,"turns":5.0},{"damage":25.0,"enemies":"3 Sentries","floor":11.0,"turns":9.0},{"damage":11.0,"enemies":"Gremlin Gang","floor":13.0,"turns":4.0},{"damage":6.0,"enemies":"Blue Slaver","floor":14.0,"turns":6.0},{"damage":27.0,"enemies":"The Guardian","floor":16.0,"turns":15.0},{"damage":15.0,"enemies":"Shell Parasite","floor":18.0,"turns":7.0},{"damage":22.0,"enemies":"Chosen","floor":20.0,"turns":9.0},{"damage":34.0,"enemies":"Snake Plant","floor":21.0,"turns":7.0},{"damage":60,"enemies":"Slavers","floor":24,"turns":4}],"seed_played":"2391430239821063267","potions_obtained":[{"floor":4.0,"key":"LiquidBronze"},{"floor":5.0,"key":"FearPotion"}],"is_trial":false,"path_per_floor":["M","$","M","M","M","R","M","?","T","M","E","R","M","M","R","B",null,"M","?","M","M","?","R","E"],"character_chosen":"DEFECT","items_purchased":[],"campfire_rested":1,"item_purchase_floors":[],"current_hp_per_floor":[63,63,62,64,53,53,49,42,42,33,24,24,22,32,32,14,60,61,61,55,23,23,57,0],"gold":305,"neow_bonus":"RANDOM_COMMON_RELIC","is_prod":false,"is_daily":false,"chose_seed":false,"campfire_upgraded":3,"win_rate":0,"timestamp":1555038048,"path_taken":["M","$","M","M","M","R","M","?","T","M","E","R","M","M","R","BOSS","M","?","M","M","?","R","E"],"build_version":"2019-01-23","purchased_purges":1,"victory":false,"max_hp_per_floor":[75,75,75,75,75,75,75,75,75,75,75,75,75,75,75,75,75,75,75,75,75,75,75,75],"card_choices":[{"not_picked":["Leap","Redo"],"picked":"Coolheaded","floor":1.0},{"not_picked":["Rip and Tear","Steam"],"picked":"Melter","floor":3.0},{"not_picked":["Streamline","Sweeping Beam"],"picked":"Echo Form","floor":4.0},{"not_picked":["Ball Lightning","Leap"],"picked":"Cold Snap","floor":5.0},{"not_picked":["Redo","Cold Snap"],"picked":"Conserve Battery","floor":7.0},{"not_picked":["Stack","Machine Learning"],"picked":"Self Repair","floor":10.0},{"not_picked":["Gash","Steam"],"picked":"Fusion","floor":11.0},{"not_picked":["Doom and Gloom","Static Discharge"],"picked":"Chaos","floor":13.0},{"not_picked":["Steam","Compile Driver"],"picked":"Recycle","floor":14.0},{"not_picked":["Biased Cognition","Fission"],"picked":"Seek","floor":16.0},{"not_picked":["Conserve Battery","Static Discharge"],"picked":"Coolheaded","floor":18.0},{"not_picked":["Go for the Eyes","Auto Shields"],"picked":"White Noise","floor":20.0},{"not_picked":["BootSequence","Compile Driver"],"picked":"Self Repair+1","floor":21.0}],"player_experience":548555,"relics_obtained":[{"floor":9.0,"key":"Juzu Bracelet"},{"floor":11.0,"key":"Lantern"}],"event_choices":[{"damage_healed":0.0,"max_hp_gain":0.0,"max_hp_loss":0.0,"gold_gain":0.0,"event_name":"Scrap Ooze","player_choice":"Success","floor":8.0,"gold_loss":0.0,"damage_taken":7.0,"relics_obtained":["Letter Opener"]},{"cards_removed":["Strike_B"],"damage_healed":0.0,"max_hp_gain":0.0,"max_hp_loss":0.0,"gold_gain":0.0,"event_name":"Beggar","player_choice":"Gave Gold","floor":19.0,"gold_loss":75.0,"damage_taken":0.0},{"damage_healed":0.0,"max_hp_gain":0.0,"max_hp_loss":0.0,"gold_gain":0.0,"event_name":"The Mausoleum","player_choice":"Opened","floor":22.0,"gold_loss":0.0,"damage_taken":0.0,"relics_obtained":["Smiling Mask"],"cards_obtained":["Writhe"]}],"is_beta":false,"boss_relics":[{"not_picked":["Nuclear Battery","Cursed Key"],"picked":"Eternal Feather"}],"items_purged_floors":[2],"is_endless":false,"potions_floor_spawned":[4,5,10,13,16],"killed_by":"Slavers","ascension_level":11}