{"gold_per_floor":[212,58,58,76,76,111,66,66,66,66],"floor_reached":10,"playtime":297,"items_purged":["Strike_R"],"score":102,"play_id":"4971d916-d1f3-4909-bbe3-d3f92a7f2678","local_time":"20190318144139","is_ascension_mode":true,"campfire_choices":[{"data":"Body Slam","floor":8,"key":"SMITH"}],"neow_cost":"NONE","seed_source_timestamp":271684458309515,"circlet_count":0,"master_deck":["AscendersBane","Strike_R","Strike_R","Strike_R","Strike_R","Defend_R","Defend_R","Defend_R","Defend_R","Bash","Thunderclap","Wild Strike","Armaments","Regret","Offering","Body Slam+1"],"relics":["Burning Blood","Bag of Marbles","Golden Idol","Dream Catcher","Art of War"],"potions_floor_usage":[6],"damage_taken":[{"damage":10,"enemies":"Small Slimes","floor":1,"turns":3},{"damage":0,"enemies":"2 Louse","floor":4,"turns":2},{"damage":19,"enemies":"Gremlin Nob","floor":6,"turns":3},{"damage":45,"enemies":"3 Sentries","floor":10,"turns":6}],"seed_played":"3102295440730972799","potions_obtained":[{"floor":1,"key":"AttackPotion"}],"is_trial":false,"path_per_floor":["M","$","?","M","?","E","$","R","T","E"],"character_chosen":"IRONCLAD","items_purchased":["Wild Strike","Armaments","Body Slam"],"campfire_rested":0,"item_purchase_floors":[2,2,7],"current_hp_per_floor":[68,68,68,74,54,41,41,41,41,0],"gold":66,"neow_bonus":"HUNDRED_GOLD","is_prod":false,"is_daily":false,"chose_seed":false,"campfire_upgraded":1,"win_rate":0,"timestamp":1552887699,"path_taken":["M","$","?","M","?","E","$","R","T","E"],"build_version":"2019-01-23","purchased_purges":1,"victory":false,"max_hp_per_floor":[80,80,80,80,80,80,80,80,80,80],"card_choices":[{"not_picked":["Blood for Blood","Iron Wave"],"picked":"Thunderclap","floor":1},{"not_picked":["Anger","Armaments","Pummel"],"picked":"SKIP","floor":4},{"not_picked":["Searing Blow","Pommel Strike"],"picked":"Offering","floor":6}],"player_experience":412224,"relics_obtained":[{"floor":6,"key":"Dream Catcher"},{"floor":9,"key":"Art of War"}],"event_choices":[{"damage_healed":0,"gold_gain":0,"player_choice":"Box","damage_taken":0,"relics_obtained":["Bag of Marbles"],"max_hp_gain":0,"max_hp_loss":0,"event_name":"Big Fish","floor":3,"gold_loss":0,"cards_obtained":["Regret"]},{"damage_healed":0,"gold_gain":0,"player_choice":"Take Damage","damage_taken":20,"relics_obtained":["Golden Idol"],"max_hp_gain":0,"max_hp_loss":0,"event_name":"Golden Idol","floor":5,"gold_loss":0}],"is_beta":false,"boss_relics":[],"items_purged_floors":[2],"is_endless":false,"potions_floor_spawned":[1],"killed_by":"3 Sentries","ascension_level":12}