{"gold_per_floor":[112,125,141,141,151,151,76,76,99,99,111,33,47,65,65,136,136,151,76,76,93,113,136,136,152,177,177],"floor_reached":27,"playtime":1319,"items_purged":["Defend_R"],"score":414,"play_id":"1bf8c392-c316-4f38-a3a1-16b95cf142fd","local_time":"20190412152808","is_ascension_mode":true,"campfire_choices":[{"data":"Rampage","floor":6.0,"key":"SMITH"},{"data":"Strike_R","floor":10.0,"key":"SMITH"},{"floor":15.0,"key":"REST"},{"data":"Metallicize","floor":24,"key":"SMITH"}],"neow_cost":"NONE","seed_source_timestamp":25241137000700,"circlet_count":0,"master_deck":["AscendersBane","Strike_R","Strike_R+1","Strike_R","Strike_R+1","Defend_R","Defend_R+1","Bash+1","Rampage+1","Metallicize+1","Rampage","Inflame","Shrug It Off","Pain","Headbutt","Pain"],"special_seed":0,"relics":["Burning Blood","Ancient Tea Set","Cursed Key","MutagenicStrength","Smiling Mask","Regal Pillow"],"potions_floor_usage":[25],"damage_taken":[{"damage":6.0,"enemies":"Jaw Worm","floor":1.0,"turns":5.0},{"damage":10.0,"enemies":"Small Slimes","floor":2.0,"turns":5.0},{"damage":3.0,"enemies":"2 Louse","floor":3.0,"turns":3.0},{"damage":8.0,"enemies":"Exordium Thugs","floor":5.0,"turns":4.0},{"damage":5.0,"enemies":"Gremlin Gang","floor":11.0,"turns":4.0},{"damage":7.0,"enemies":"Exordium Wildlife","floor":13.0,"turns":4.0},{"damage":31.0,"enemies":"Large Slime","floor":14.0,"turns":5.0},{"damage":36,"enemies":"The Guardian","floor":16,"turns":10},{"damage":22,"enemies":"Spheric Guardian","floor":18,"turns":6},{"damage":14,"enemies":"3 Byrds","floor":21,"turns":5},{"damage":18,"enemies":"Snecko","floor":22,"turns":4},{"damage":18,"enemies":"Centurion and Healer","floor":25,"turns":6},{"damage":30,"enemies":"Shelled Parasite and Fungi","floor":27,"turns":1}],"seed_played":"4306292069275209168","potions_obtained":[{"floor":1.0,"key":"EssenceOfSteel"},{"floor":3.0,"key":"Strength Potion"},{"floor":11.0,"key":"Explosive Potion"},{"floor":21,"key":"Swift Potion"}],"is_trial":false,"path_per_floor":["M","M","M","?","M","R","$","?","T","R","M","$","M","M","R","B",null,"M","?","?","M","M","T","R","M","T","M"],"character_chosen":"IRONCLAD","items_purchased":["Metallicize"],"campfire_rested":1,"item_purchase_floors":[12],"current_hp_per_floor":[68,64,67,44,42,42,42,42,42,42,43,43,42,17,39,9,59,43,43,43,35,23,23,23,11,11,0],"gold":177,"neow_bonus":"UPGRADE_CARD","is_prod":false,"is_daily":false,"chose_seed":false,"campfire_upgraded":3,"win_rate":0,"timestamp":1555097288,"path_taken":["M","M","M","?","M","R","$","?","T","R","M","$","M","M","R","BOSS","M","?","?","?","M","?","R","?","T","M"],"build_version":"2019-01-23","purchased_purges":1,"victory":false,"max_hp_per_floor":[75,75,75,75,75,75,75,75,75,75,75,75,75,75,75,75,75,75,75,75,75,75,75,75,75,75,75],"card_choices":[{"not_picked":["Blood for Blood","Shockwave","Infernal Blade"],"picked":"SKIP","floor":1.0},{"not_picked":["Whirlwind","Flex","Blood for Blood"],"picked":"SKIP","floor":2.0},{"not_picked":["Uppercut","Flex"],"picked":"Rampage","floor":3.0},{"not_picked":["Body Slam","Warcry","Sword Boomerang"],"picked":"SKIP","floor":5.0},{"not_picked":["Armaments","Bloodletting","True Grit"],"picked":"SKIP","floor":11.0},{"not_picked":["Power Through","Dropkick"],"picked":"Rampage","floor":13.0},{"not_picked":["Burning Pact","Dual Wield"],"picked":"Inflame","floor":14.0},{"not_picked":["Intimidate","Sword Boomerang+1","Thunderclap"],"picked":"SKIP","floor":18},{"not_picked":["Pummel+1","Corruption","Warcry"],"picked":"SKIP","floor":21},{"not_picked":["Flex","Anger"],"picked":"Shrug It Off","floor":22},{"not_picked":["Heavy Blade","Sword Boomerang"],"picked":"Headbutt","floor":25}],"player_experience":292937,"relics_obtained":[{"floor":9.0,"key":"Ancient Tea Set"},{"floor":23,"key":"Smiling Mask"},{"floor":26,"key":"Regal Pillow"}],"event_choices":[{"damage_healed":0.0,"max_hp_gain":0.0,"max_hp_loss":0.0,"gold_gain":0.0,"event_name":"Shining Light","player_choice":"Entered Light","floor":4.0,"gold_loss":0.0,"damage_taken":23.0,"cards_upgraded":["Strike_R","Defend_R"]},{"cards_removed":["Strike_R"],"damage_healed":0.0,"max_hp_gain":0.0,"max_hp_loss":0.0,"gold_gain":0.0,"event_name":"Living Wall","player_choice":"Forget","floor":8.0,"gold_loss":0.0,"damage_taken":0.0},{"cards_removed":["Defend_R"],"damage_healed":0,"gold_gain":0,"player_choice":"Gave Gold","damage_taken":0,"max_hp_gain":0,"max_hp_loss":0,"event_name":"Beggar","floor":19,"gold_loss":75},{"damage_healed":0,"gold_gain":0,"player_choice":"Inject Mutagens","damage_taken":0,"relics_obtained":["MutagenicStrength"],"max_hp_gain":0,"max_hp_loss":0,"event_name":"Drug Dealer","floor":20,"gold_loss":0}],"is_beta":false,"boss_relics":[{"not_picked":["White Beast Statue","Astrolabe"],"picked":"Cursed Key"}],"items_purged_floors":[7],"is_endless":false,"potions_floor_spawned":[1,3,11,21],"killed_by":"Shelled Parasite and Fungi","ascension_level":20}