{"gold_per_floor":[118,137,151,151,172,172,225,239,239,257,272,113,137,137,137,263,263,276,295,309,309],"floor_reached":21,"playtime":2304,"items_purged":["Strike_R"],"score":177,"play_id":"bc354dc9-71da-4f26-97bf-742701065af7","local_time":"20190411114526","is_ascension_mode":false,"campfire_choices":[{"data":"Anger","floor":6,"key":"SMITH"},{"data":"Entrench","floor":15,"key":"SMITH"}],"neow_cost":"NONE","seed_source_timestamp":8123150393764,"circlet_count":0,"master_deck":["Strike_R","Strike_R","Strike_R","Strike_R","Defend_R","Defend_R","Defend_R","Defend_R","Anger+1","Entrench+1","Flash of Steel","Metallicize+1"],"relics":["Burning Blood","Golden Idol","Oddly Smooth Stone","Champion Belt","Runic Cube"],"potions_floor_usage":[16,21],"damage_taken":[{"damage":6,"enemies":"2 Louse","floor":1,"turns":2},{"damage":11,"enemies":"Jaw Worm","floor":2,"turns":3},{"damage":1,"enemies":"Cultist","floor":3,"turns":4},{"damage":6,"enemies":"Blue Slaver","floor":5,"turns":4},{"damage":28,"enemies":"Gremlin Gang","floor":8,"turns":9},{"damage":12,"enemies":"Exordium Thugs","floor":10,"turns":6},{"damage":1,"enemies":"3 Louse","floor":11,"turns":4},{"damage":2,"enemies":"Lots of Slimes","floor":13,"turns":5},{"damage":38,"enemies":"Hexaghost","floor":16,"turns":12},{"damage":5,"enemies":"Chosen","floor":18,"turns":6},{"damage":32,"enemies":"Spheric Guardian","floor":19,"turns":6},{"damage":22,"enemies":"Centurion and Healer","floor":20,"turns":10},{"damage":42,"enemies":"Chosen and Byrds","floor":21,"turns":10}],"seed_played":"3891600071776448261","potions_obtained":[{"floor":1,"key":"Ancient Potion"},{"floor":10,"key":"Dexterity Potion"},{"floor":13,"key":"SkillPotion"},{"floor":14,"key":"EssenceOfSteel"},{"floor":14,"key":"FearPotion"},{"floor":16,"key":"GamblersBrew"}],"is_trial":false,"path_per_floor":["M","M","M","?","M","R","T","M","T","M","M","$","M","?","R","B",null,"M","M","M","M"],"character_chosen":"IRONCLAD","items_purchased":["Flash of Steel"],"campfire_rested":0,"item_purchase_floors":[12],"current_hp_per_floor":[80,75,80,60,60,60,60,38,38,32,37,37,41,41,41,9,80,80,54,38,0],"gold":309,"neow_bonus":"REMOVE_CARD","is_prod":false,"is_daily":false,"chose_seed":false,"campfire_upgraded":2,"win_rate":0.0,"timestamp":1554975926,"path_taken":["M","M","M","?","M","R","?","M","T","?","M","$","M","?","R","BOSS","M","M","M","M"],"build_version":"2019-01-23","purchased_purges":1,"victory":false,"max_hp_per_floor":[80,80,80,80,80,80,80,80,80,80,80,80,80,80,80,80,80,80,80,80,80],"card_choices":[{"not_picked":["Infernal Blade","Armaments"],"picked":"Anger","floor":1},{"not_picked":["Warcry","Clash"],"picked":"Entrench","floor":2},{"not_picked":["Pommel Strike","Cleave","Power Through"],"picked":"SKIP","floor":3},{"not_picked":["Iron Wave","Power Through","Twin Strike"],"picked":"SKIP","floor":5},{"not_picked":["Iron Wave","Clothesline","Intimidate"],"picked":"SKIP","floor":8},{"not_picked":["True Grit","Disarm","Flex"],"picked":"SKIP","floor":10},{"not_picked":["Sword Boomerang","Inflame","Dark Embrace"],"picked":"SKIP","floor":11},{"not_picked":["Inflame","Blood for Blood","Armaments"],"picked":"SKIP","floor":13},{"not_picked":["Anger","Thunderclap","Wild Strike+1"],"picked":"SKIP","floor":18},{"not_picked":["Shrug It Off+1","Clash+1"],"picked":"Metallicize+1","floor":19},{"not_picked":["Second Wind+1","Spot Weakness","Shockwave+1"],"picked":"SKIP","floor":20}],"player_experience":35195,"relics_obtained":[{"floor":7,"key":"Oddly Smooth Stone"},{"floor":9,"key":"Champion Belt"}],"event_choices":[{"damage_healed":0,"gold_gain":0,"player_choice":"Take Damage","damage_taken":20,"relics_obtained":["Golden Idol"],"max_hp_gain":0,"max_hp_loss":0,"event_name":"Golden Idol","floor":4,"gold_loss":0},{"damage_healed":0,"gold_gain":0,"player_choice":"Got Potions","damage_taken":0,"max_hp_gain":0,"max_hp_loss":0,"event_name":"Lab","floor":14,"gold_loss":0}],"is_beta":false,"boss_relics":[{"not_picked":["Ectoplasm","Eternal Feather"],"picked":"Runic Cube"}],"items_purged_floors":[12],"is_endless":false,"potions_floor_spawned":[1,10,13,16,20],"killed_by":"Chosen and Byrds","ascension_level":0}