{"gold_per_floor":[110,12,12,22,35,35,64,64,87,87,105,117,91,107,107,182,182,195,195,209,221,20,20,30,30],"floor_reached":25,"playtime":1236,"items_purged":["Strike_B"],"score":349,"play_id":"365794ec-f76d-49b3-8efa-ce4412a9da0b","local_time":"20190415132816","is_ascension_mode":true,"campfire_choices":[{"data":"Genetic Algorithm","floor":6.0,"key":"SMITH"},{"floor":8.0,"key":"REST"},{"data":"Thunder Strike","floor":10.0,"key":"SMITH"},{"floor":15.0,"key":"REST"},{"floor":23,"key":"REST"}],"neow_cost":"NONE","seed_source_timestamp":12015213424129,"circlet_count":0,"master_deck":["AscendersBane","Strike_B","Strike_B","Defend_B","Defend_B+1","Defend_B","Defend_B","Zap","Dualcast+1","Tempest","Coolheaded","Genetic Algorithm+1","Sweeping Beam","Thunder Strike+1","Coolheaded","Static Discharge","Undo","Electrodynamics","Reinforced Body+1","Static Discharge","Echo Form","Impatience","Cold Snap+1","Undo"],"special_seed":0,"relics":["Cracked Core","NeowsBlessing","War Paint","Bag of Marbles","Sozu","OrangePellets"],"potions_floor_usage":[24,25],"damage_taken":[{"damage":0.0,"enemies":"2 Louse","floor":1.0,"turns":1.0},{"damage":0.0,"enemies":"Small Slimes","floor":4.0,"turns":1.0},{"damage":0.0,"enemies":"Cultist","floor":5.0,"turns":1.0},{"damage":43.0,"enemies":"3 Sentries","floor":7.0,"turns":7.0},{"damage":14.0,"enemies":"Red Slaver","floor":11.0,"turns":3.0},{"damage":3.0,"enemies":"Looter","floor":12.0,"turns":4.0},{"damage":4.0,"enemies":"Blue Slaver","floor":14.0,"turns":3.0},{"damage":31.0,"enemies":"Hexaghost","floor":16.0,"turns":12.0},{"damage":11.0,"enemies":"3 Byrds","floor":18.0,"turns":3.0},{"damage":23,"enemies":"Shell Parasite","floor":20,"turns":4},{"damage":14,"enemies":"Snake Plant","floor":21,"turns":5},{"damage":21,"enemies":"Centurion and Healer","floor":24,"turns":6},{"damage":6,"enemies":"3 Cultists","floor":25,"turns":2}],"seed_played":"5771382220965561057","potions_obtained":[{"floor":4.0,"key":"Strength Potion"},{"floor":5.0,"key":"GamblersBrew"},{"floor":11.0,"key":"SpeedPotion"}],"is_trial":false,"path_per_floor":["M","$","?","M","M","R","E","R","T","R","M","M","?","M","R","B",null,"M","?","M","M","$","R","M","M"],"character_chosen":"DEFECT","items_purchased":["Coolheaded","OrangePellets"],"campfire_rested":3,"item_purchase_floors":[2,22],"current_hp_per_floor":[64,64,57,57,57,57,14,35,35,35,21,18,18,14,35,4,54,43,43,20,6,6,27,6,0],"gold":30,"neow_bonus":"THREE_ENEMY_KILL","is_prod":false,"is_daily":false,"chose_seed":false,"campfire_upgraded":2,"win_rate":0,"timestamp":1555302496,"path_taken":["M","$","?","M","M","R","E","R","T","R","M","M","?","M","R","BOSS","M","?","M","M","?","R","?","M"],"build_version":"2019-01-23","purchased_purges":1,"victory":false,"max_hp_per_floor":[71,71,71,71,71,71,71,71,71,71,71,71,71,71,71,71,71,71,71,71,71,71,71,71,71],"card_choices":[{"not_picked":["Go for the Eyes","Stack"],"picked":"Tempest","floor":1.0},{"not_picked":["Compile Driver","Barrage"],"picked":"Genetic Algorithm","floor":4.0},{"not_picked":["Redo","Turbo"],"picked":"Sweeping Beam","floor":5.0},{"not_picked":["Storm","Compile Driver"],"picked":"Thunder Strike","floor":7.0},{"not_picked":["Steam Power","Double Energy"],"picked":"Coolheaded","floor":11.0},{"not_picked":["Go for the Eyes","Scrape"],"picked":"Static Discharge","floor":12.0},{"not_picked":["Beam Cell","Stack"],"picked":"Undo","floor":14.0},{"not_picked":["Buffer","Amplify"],"picked":"Electrodynamics","floor":16.0},{"not_picked":["Storm","Chaos"],"picked":"Reinforced Body+1","floor":18.0},{"not_picked":["Compile Driver","Coolheaded"],"picked":"Cold Snap+1","floor":20},{"not_picked":["Compile Driver","Rip and Tear"],"picked":"Undo","floor":21},{"not_picked":["Skim","Compile Driver","Beam Cell"],"picked":"SKIP","floor":24}],"player_experience":578762,"relics_obtained":[{"floor":7.0,"key":"War Paint"},{"floor":9.0,"key":"Bag of Marbles"}],"event_choices":[{"cards_removed":["Strike_B"],"damage_healed":0.0,"max_hp_gain":0.0,"max_hp_loss":0.0,"gold_gain":0.0,"event_name":"Golden Wing","player_choice":"Card Removal","floor":3.0,"gold_loss":0.0,"damage_taken":7.0},{"damage_healed":0.0,"max_hp_gain":0.0,"max_hp_loss":0.0,"gold_gain":0.0,"event_name":"World of Goop","player_choice":"Left Gold","floor":13.0,"gold_loss":26.0,"damage_taken":0.0},{"damage_healed":0.0,"max_hp_gain":0.0,"max_hp_loss":0.0,"gold_gain":0.0,"event_name":"Match and Keep!","player_choice":"3 cards matched","floor":19.0,"gold_loss":0.0,"damage_taken":0.0,"cards_obtained":["Static Discharge","Echo Form","Impatience"]}],"is_beta":false,"boss_relics":[{"not_picked":["FrozenCore","Eternal Feather"],"picked":"Sozu"}],"items_purged_floors":[2],"is_endless":false,"potions_floor_spawned":[4,5,11,20],"killed_by":"3 Cultists","ascension_level":14}