{"gold_per_floor":[110,127,127,127,139,139,139,159,183,183,81,107,107,124,124,219,219,233,251,278,94,108,108,142,142],"floor_reached":25,"playtime":1832,"items_purged":["Regret","Defend_G"],"score":221,"play_id":"0eab0bee-fef3-4af6-8af7-8f1fa21988c0","local_time":"20190414224900","is_ascension_mode":false,"campfire_choices":[{"floor":6.0,"key":"RECALL"},{"data":"Well Laid Plans","floor":13,"key":"SMITH"},{"data":"Terror","floor":15,"key":"SMITH"},{"floor":23,"key":"REST"}],"neow_cost":"NONE","seed_source_timestamp":0,"circlet_count":0,"master_deck":["Defend_G","Defend_G","Defend_G","Defend_G","Strike_G","Strike_G","Strike_G","Strike_G","Survivor","Neutralize+1","Backflip","Noxious Fumes+1","Backflip","Well Laid Plans+1","Dash","Terror+1","After Image","Blur+1","Quick Slash","Caltrops","PiercingWail","Catalyst+1","Quick Slash"],"special_seed":0,"relics":["Ring of the Snake","Strawberry","MawBank","Paper Crane","Cursed Key","Red Mask","Bottled Flame"],"potions_floor_usage":[12,20,25],"damage_taken":[{"damage":5.0,"enemies":"2 Louse","floor":1.0,"turns":3.0},{"damage":0.0,"enemies":"Small Slimes","floor":2.0,"turns":4.0},{"damage":0.0,"enemies":"Cultist","floor":5.0,"turns":4.0},{"damage":11.0,"enemies":"3 Louse","floor":8.0,"turns":3.0},{"damage":10,"enemies":"3 Sentries","floor":12,"turns":7},{"damage":2,"enemies":"Exordium Wildlife","floor":14,"turns":6},{"damage":10,"enemies":"The Guardian","floor":16,"turns":11},{"damage":5,"enemies":"Spheric Guardian","floor":18,"turns":7},{"damage":10,"enemies":"Shell Parasite","floor":19,"turns":7},{"damage":49,"enemies":"Masked Bandits","floor":20,"turns":6},{"damage":9,"enemies":"Snake Plant","floor":22,"turns":5},{"damage":21,"enemies":"Slavers","floor":24,"turns":7},{"damage":6,"enemies":"Shelled Parasite and Fungi","floor":25,"turns":2}],"seed_played":"-4528612061491358966","potions_obtained":[{"floor":8.0,"key":"Block Potion"},{"floor":19,"key":"Block Potion"},{"floor":24,"key":"Fire Potion"}],"is_trial":false,"path_per_floor":["M","M","?","?","M","R","?","M","T","?","$","E","R","M","R","B",null,"M","M","?","$","M","R","E","M"],"character_chosen":"THE_SILENT","items_purchased":["Well Laid Plans","Caltrops","PiercingWail"],"campfire_rested":1,"item_purchase_floors":[11,21,21],"current_hp_per_floor":[72,72,72,65,65,65,65,54,54,54,54,44,44,42,42,32,77,72,62,13,13,4,27,6,0],"gold":142,"neow_bonus":"RANDOM_COMMON_RELIC","is_prod":false,"is_daily":false,"chose_seed":false,"campfire_upgraded":2,"win_rate":0,"timestamp":1555307340,"path_taken":["M","M","?","?","M","R","?","?","T","?","?","E","R","M","R","BOSS","M","M","?","$","M","R","E","M"],"build_version":"2019-01-23","purchased_purges":2,"victory":false,"max_hp_per_floor":[77,77,77,77,77,77,77,77,77,77,77,77,77,77,77,77,77,77,77,77,77,77,77,77,77],"card_choices":[{"not_picked":["Poisoned Stab","Quick Slash"],"picked":"Backflip","floor":1.0},{"not_picked":["Sucker Punch","Reflex","Dagger Spray"],"picked":"SKIP","floor":2.0},{"not_picked":["Underhanded Strike","Sucker Punch"],"picked":"Noxious Fumes","floor":5.0},{"not_picked":["Underhanded Strike","Expertise"],"picked":"Backflip","floor":8.0},{"not_picked":["All Out Attack","Outmaneuver"],"picked":"Dash","floor":12},{"not_picked":["Deadly Poison","Glass Knife"],"picked":"Terror","floor":14},{"not_picked":["Grand Finale","Doppelganger"],"picked":"After Image","floor":16},{"not_picked":["Underhanded Strike","Outmaneuver+1","Slice+1"],"picked":"SKIP","floor":18},{"not_picked":["Poisoned Stab","Quick Slash"],"picked":"Blur+1","floor":19},{"not_picked":["Deadly Poison","Bane"],"picked":"Quick Slash","floor":20},{"not_picked":["Blur","Deadly Poison+1"],"picked":"Catalyst+1","floor":22},{"not_picked":["Outmaneuver","Poisoned Stab+1"],"picked":"Quick Slash","floor":24}],"player_experience":168144,"relics_obtained":[{"floor":12,"key":"Paper Crane"},{"floor":20,"key":"Red Mask"},{"floor":24,"key":"Bottled Flame"}],"event_choices":[{"damage_healed":0.0,"max_hp_gain":0.0,"max_hp_loss":0.0,"gold_gain":0.0,"event_name":"Living Wall","player_choice":"Grow","floor":3.0,"gold_loss":0.0,"damage_taken":0.0,"cards_upgraded":["Neutralize"]},{"cards_removed":["Strike_G"],"damage_healed":0.0,"max_hp_gain":0.0,"max_hp_loss":0.0,"gold_gain":0.0,"event_name":"Golden Wing","player_choice":"Card Removal","floor":4.0,"gold_loss":0.0,"damage_taken":7.0},{"damage_healed":0.0,"max_hp_gain":0.0,"max_hp_loss":0.0,"gold_gain":0.0,"event_name":"Upgrade Shrine","player_choice":"Upgraded","floor":7.0,"gold_loss":0.0,"damage_taken":0.0,"cards_upgraded":["Noxious Fumes"]},{"damage_healed":0.0,"max_hp_gain":0.0,"max_hp_loss":0.0,"gold_gain":0.0,"event_name":"Big Fish","player_choice":"Box","floor":10.0,"gold_loss":0.0,"damage_taken":0.0,"relics_obtained":["MawBank"],"cards_obtained":["Regret"]},{"damage_healed":0,"gold_gain":0,"player_choice":"Fought Bandits","damage_taken":0,"max_hp_gain":0,"max_hp_loss":0,"event_name":"Masked Bandits","floor":20,"gold_loss":0}],"is_beta":false,"boss_relics":[{"not_picked":["HoveringKite","Runic Dome"],"picked":"Cursed Key"}],"items_purged_floors":[11,21],"is_endless":false,"potions_floor_spawned":[8,19,24],"killed_by":"Shelled Parasite and Fungi","ascension_level":0}