{"gold_per_floor":[369,369,519,100,100,100,125,125,125,156,156,175,100,113,113,192,192,132,44,0,0,0,0],"floor_reached":23,"playtime":916,"items_purged":["Doubt"],"score":390,"play_id":"6ac157b6-112d-4ba8-82f2-826ddcdd47fb","local_time":"20190413104938","is_ascension_mode":true,"campfire_choices":[{"data":"Bash","floor":6,"key":"SMITH"},{"floor":8,"key":"REST"},{"floor":11,"key":"REST"},{"floor":15,"key":"REST"}],"neow_cost":"TEN_PERCENT_HP_LOSS","seed_source_timestamp":42459321330200,"circlet_count":0,"master_deck":["AscendersBane","Strike_R","Strike_R","Strike_R","Strike_R","Defend_R","Defend_R","Bash+1","Twin Strike","Dark Embrace","Inflame","Feed+1","Clash+1","Metallicize","Corruption"],"relics":["Burning Blood","Molten Egg 2","Pen Nib","Gremlin Horn","Blood Vial","Ectoplasm"],"potions_floor_usage":[7,10,16,16,16],"damage_taken":[{"damage":6,"enemies":"Cultist","floor":1,"turns":3},{"damage":40,"enemies":"Lagavulin","floor":7,"turns":6},{"damage":45,"enemies":"3 Sentries","floor":10,"turns":7},{"damage":7,"enemies":"2 Louse","floor":12,"turns":2},{"damage":8,"enemies":"Small Slimes","floor":14,"turns":3},{"damage":64,"enemies":"Hexaghost","floor":16,"turns":8},{"damage":23,"enemies":"2 Thieves","floor":18,"turns":3},{"damage":18,"enemies":"Chosen","floor":22,"turns":4},{"damage":38,"enemies":"Book of Stabbing","floor":23,"turns":3}],"seed_played":"6069023170500921732","potions_obtained":[{"floor":7,"key":"Weak Potion"},{"floor":14,"key":"EntropicBrew"}],"is_trial":false,"path_per_floor":["M","?","?","$","?","R","E","R","T","E","R","M","?","M","R","B",null,"M","$","?","?","M","E"],"character_chosen":"IRONCLAD","items_purchased":["Molten Egg 2","Poison Potion","Metallicize"],"campfire_rested":3,"item_purchase_floors":[4,4,19],"current_hp_per_floor":[68,61,61,61,61,61,27,47,47,8,28,29,29,29,49,8,53,42,42,42,42,32,0],"gold":0,"neow_bonus":"TWO_FIFTY_GOLD","is_prod":false,"is_daily":false,"chose_seed":false,"campfire_upgraded":1,"win_rate":0,"timestamp":1555166978,"path_taken":["M","?","?","$","?","R","E","R","T","E","R","?","?","M","R","BOSS","M","$","?","?","?","E"],"build_version":"2019-01-23","purchased_purges":1,"victory":false,"max_hp_per_floor":[68,68,68,68,68,68,68,68,68,68,68,68,68,68,68,68,68,72,72,72,72,72,72],"card_choices":[{"not_picked":["Anger","Warcry"],"picked":"Twin Strike","floor":1},{"not_picked":["Wild Strike+1","Seeing Red"],"picked":"Inflame","floor":7},{"not_picked":["Juggernaut","Flex","Sever Soul+1"],"picked":"SKIP","floor":10},{"not_picked":["Anger+1","Flex","Wild Strike+1"],"picked":"SKIP","floor":12},{"not_picked":["Warcry","Clash+1"],"picked":"Feed+1","floor":14},{"not_picked":["Sever Soul+1","Bloodletting"],"picked":"Clash+1","floor":18},{"not_picked":["Armaments","Pommel Strike+1"],"picked":"Corruption","floor":22}],"player_experience":302785,"relics_obtained":[{"floor":7,"key":"Pen Nib"},{"floor":9,"key":"Gremlin Horn"},{"floor":10,"key":"Blood Vial"}],"event_choices":[{"cards_removed":["Defend_R"],"damage_healed":0,"gold_gain":0,"player_choice":"Card Removal","damage_taken":7,"max_hp_gain":0,"max_hp_loss":0,"event_name":"Golden Wing","floor":2,"gold_loss":0},{"damage_healed":0,"gold_gain":150,"player_choice":"AGREE","damage_taken":0,"max_hp_gain":0,"max_hp_loss":0,"event_name":"Liars Game","floor":3,"gold_loss":0,"cards_obtained":["Doubt"]},{"damage_healed":0,"gold_gain":0,"cards_transformed":["Defend_R"],"player_choice":"Transformed","damage_taken":0,"max_hp_gain":0,"max_hp_loss":0,"event_name":"Transmorgrifier","floor":5,"gold_loss":0,"cards_obtained":["Dark Embrace"]},{"cards_removed":["Strike_R"],"damage_healed":0,"gold_gain":0,"player_choice":"Card Removal","damage_taken":0,"max_hp_gain":0,"max_hp_loss":0,"event_name":"The Cleric","floor":13,"gold_loss":75},{"damage_healed":0,"gold_gain":0,"player_choice":"Paid Fearfully","damage_taken":0,"max_hp_gain":0,"max_hp_loss":0,"event_name":"Masked Bandits","floor":20,"gold_loss":44},{"damage_healed":0,"gold_gain":0,"player_choice":"Ignored","damage_taken":0,"max_hp_gain":0,"max_hp_loss":0,"event_name":"Beggar","floor":21,"gold_loss":0}],"is_beta":false,"boss_relics":[{"not_picked":["Philosopher\u0027s Stone","Fusion Hammer"],"picked":"Ectoplasm"}],"items_purged_floors":[4],"is_endless":false,"potions_floor_spawned":[7,14],"killed_by":"Book of Stabbing","ascension_level":20}