{"gold_per_floor":[109,127,58,58,58,58,89,89,89,9,9,19,19,19,19,115,115,99,60,135,135],"floor_reached":21,"playtime":922,"items_purged":[],"score":276,"play_id":"4419c82a-5a1b-4192-b540-64f71f0e47e0","local_time":"20190315184339","is_ascension_mode":true,"campfire_choices":[{"data":"Barricade","floor":6.0,"key":"SMITH"},{"floor":11.0,"key":"REST"},{"data":"Body Slam","floor":15.0,"key":"SMITH"}],"neow_cost":"PERCENT_DAMAGE","seed_source_timestamp":26208832689756,"circlet_count":0,"master_deck":["Strike_R","Strike_R","Strike_R","Defend_R","Defend_R","Defend_R","Defend_R","Bash","Barricade+1","Seeing Red","Body Slam+1","Evolve","Feel No Pain","Juggernaut","Normality","Parasite","Decay","Entrench","Entrench"],"special_seed":0,"relics":["Burning Blood","Letter Opener","Mango","Dodecahedron","Calling Bell","Red Skull","Gremlin Horn","Champion Belt","Pear"],"potions_floor_usage":[16,18],"damage_taken":[{"damage":6.0,"enemies":"Cultist","floor":1.0,"turns":3.0},{"damage":15.0,"enemies":"Small Slimes","floor":2.0,"turns":5.0},{"damage":40.0,"enemies":"3 Sentries","floor":7.0,"turns":12.0},{"damage":7.0,"enemies":"2 Louse","floor":12.0,"turns":4.0},{"damage":55,"enemies":"Slime Boss","floor":16,"turns":14},{"damage":47,"enemies":"2 Thieves","floor":18,"turns":4},{"damage":45,"enemies":"Spheric Guardian","floor":21,"turns":6}],"seed_played":"-6898865809415978987","potions_obtained":[{"floor":1.0,"key":"Regen Potion"},{"floor":2.0,"key":"Swift Potion"},{"floor":12.0,"key":"AttackPotion"},{"floor":16,"key":"BloodPotion"}],"is_trial":false,"path_per_floor":["M","M","$","T","$","R","E","?","T","$","R","M","?","?","R","B",null,"M","$","T","M"],"character_chosen":"IRONCLAD","items_purchased":["Evolve","Feel No Pain","Entrench"],"campfire_rested":1,"item_purchase_floors":[3,10,19],"current_hp_per_floor":[51,56,56,56,56,56,36,36,36,36,64,63,63,63,63,14,74,42,42,52,7],"gold":135,"neow_bonus":"THREE_RARE_CARDS","is_prod":false,"is_daily":false,"chose_seed":false,"campfire_upgraded":2,"win_rate":0,"timestamp":1552643019,"path_taken":["M","M","$","?","$","R","E","?","T","$","R","M","?","?","R","BOSS","M","$","?","M"],"build_version":"2019-01-23","purchased_purges":0,"victory":false,"max_hp_per_floor":[80,80,80,80,80,80,94,94,94,94,94,94,94,94,94,94,94,94,94,104,104],"card_choices":[{"not_picked":["Berserk","Juggernaut"],"picked":"Barricade","floor":0.0},{"not_picked":["Headbutt","Flex"],"picked":"Seeing Red","floor":1.0},{"not_picked":["Wild Strike","Clash"],"picked":"Body Slam","floor":2.0},{"not_picked":["Intimidate","True Grit","Rampage"],"picked":"SKIP","floor":7.0},{"not_picked":["Cleave","Intimidate","Twin Strike"],"picked":"SKIP","floor":12.0},{"not_picked":["Berserk","Barricade"],"picked":"Juggernaut","floor":16},{"not_picked":["Iron Wave+1","Combust"],"picked":"Entrench","floor":18}],"player_experience":384544,"relics_obtained":[{"floor":4.0,"key":"Letter Opener"},{"floor":7.0,"key":"Mango"},{"floor":9.0,"key":"Dodecahedron"},{"floor":17,"key":"Red Skull"},{"floor":17,"key":"Gremlin Horn"},{"floor":17,"key":"Champion Belt"},{"floor":20,"key":"Pear"}],"event_choices":[{"cards_removed":["Strike_R"],"damage_healed":0.0,"max_hp_gain":0.0,"max_hp_loss":0.0,"gold_gain":0.0,"event_name":"Living Wall","player_choice":"Forget","floor":8.0,"gold_loss":0.0,"damage_taken":0.0},{"damage_healed":0.0,"max_hp_gain":0.0,"max_hp_loss":0.0,"gold_gain":0.0,"event_name":"The Cleric","player_choice":"Leave","floor":13.0,"gold_loss":0.0,"damage_taken":0.0},{"cards_removed":["Strike_R"],"damage_healed":0.0,"max_hp_gain":0.0,"max_hp_loss":0.0,"gold_gain":0.0,"event_name":"Bonfire Elementals","player_choice":"Offered Basic","floor":14.0,"gold_loss":0.0,"damage_taken":0.0}],"is_beta":false,"boss_relics":[{"not_picked":["Busted Crown","Ectoplasm"],"picked":"Calling Bell"}],"items_purged_floors":[],"is_endless":false,"potions_floor_spawned":[1,2,12,16],"killed_by":"Spheric Guardian","ascension_level":9}