{"gold_per_floor":[119,119,119,44,62,62,90,90,158,183,211,211,211,230,230,230],"floor_reached":16,"playtime":362,"items_purged":["Strike_R"],"score":223,"play_id":"e005060e-2eda-47e1-bd28-5c38d00c7976","local_time":"20190319184603","is_ascension_mode":true,"campfire_choices":[{"data":"Bash","floor":6,"key":"SMITH"},{"data":"Body Slam","floor":8,"key":"SMITH"},{"data":"Armaments","floor":13,"key":"SMITH"},{"data":"Defend_R","floor":15,"key":"SMITH"}],"neow_cost":"NONE","seed_source_timestamp":372691324005508,"circlet_count":0,"master_deck":["AscendersBane","Strike_R+1","Strike_R","Strike_R+1","Defend_R+1","Defend_R","Defend_R","Defend_R","Bash+1","Body Slam+1","Feed","Armaments+1"],"relics":["Burning Blood","NeowsBlessing","Whetstone","Frozen Egg 2","Nunchaku","Odd Mushroom"],"potions_floor_usage":[11,16],"damage_taken":[{"damage":0,"enemies":"2 Louse","floor":1,"turns":1},{"damage":0,"enemies":"Small Slimes","floor":5,"turns":1},{"damage":0,"enemies":"Lagavulin","floor":7,"turns":1},{"damage":18,"enemies":"Gremlin Nob","floor":10,"turns":4},{"damage":23,"enemies":"The Mushroom Lair","floor":11,"turns":4},{"damage":0,"enemies":"Cultist","floor":14,"turns":2},{"damage":69,"enemies":"Hexaghost","floor":16,"turns":9}],"seed_played":"6492429384834402256","potions_obtained":[{"floor":7,"key":"Regen Potion"},{"floor":14,"key":"Strength Potion"}],"is_trial":false,"path_per_floor":["M","?","?","$","M","R","E","R","T","E","?","?","R","M","R","B"],"character_chosen":"IRONCLAD","items_purchased":[],"campfire_rested":0,"item_purchase_floors":[],"current_hp_per_floor":[74,74,74,74,75,75,75,75,75,63,58,58,58,68,68,0],"gold":230,"neow_bonus":"THREE_ENEMY_KILL","is_prod":false,"is_daily":false,"chose_seed":false,"campfire_upgraded":4,"win_rate":0,"timestamp":1552988763,"path_taken":["M","?","?","$","?","R","E","R","T","E","?","?","R","?","R","BOSS"],"build_version":"2019-01-23","purchased_purges":1,"victory":false,"max_hp_per_floor":[75,75,75,75,75,75,75,75,75,75,78,78,78,82,82,82],"card_choices":[{"not_picked":["True Grit","Headbutt","Intimidate"],"picked":"SKIP","floor":1},{"not_picked":["Havoc","True Grit","Sword Boomerang"],"picked":"SKIP","floor":5},{"not_picked":["Clothesline","Warcry"],"picked":"Body Slam","floor":7},{"not_picked":["Anger","Infernal Blade"],"picked":"Feed","floor":10},{"not_picked":["Iron Wave","Wild Strike","Flex"],"picked":"SKIP","floor":14},{"not_picked":["Iron Wave","Wild Strike","Flex"],"picked":"SKIP","floor":14}],"player_experience":441637,"relics_obtained":[{"floor":7,"key":"Whetstone"},{"floor":9,"key":"Frozen Egg 2"},{"floor":10,"key":"Nunchaku"},{"floor":11,"key":"Odd Mushroom"}],"event_choices":[{"cards_removed":["Strike_R"],"damage_healed":0,"gold_gain":0,"player_choice":"Forget","damage_taken":0,"max_hp_gain":0,"max_hp_loss":0,"event_name":"Living Wall","floor":2,"gold_loss":0},{"damage_healed":0,"gold_gain":0,"player_choice":"Bought 0 Potions","damage_taken":0,"max_hp_gain":0,"max_hp_loss":0,"event_name":"The Woman in Blue","floor":3,"gold_loss":0},{"damage_healed":0,"gold_gain":0,"player_choice":"Fought Mushrooms","damage_taken":0,"max_hp_gain":0,"max_hp_loss":0,"event_name":"Mushrooms","floor":11,"gold_loss":0},{"damage_healed":0,"gold_gain":0,"player_choice":"1 cards matched","damage_taken":0,"max_hp_gain":0,"max_hp_loss":0,"event_name":"Match and Keep!","floor":12,"gold_loss":0,"cards_obtained":["Armaments"]}],"is_beta":false,"boss_relics":[],"items_purged_floors":[4],"is_endless":false,"potions_floor_spawned":[7,14],"killed_by":"Hexaghost","ascension_level":14}