{"gold_per_floor":[363,376,396,26,36,36,66,80,80,95,107,107,139,12,12,89,89,105,116,132,145,160,160,192,192,242,242,260,291,301,301,301,374,374,391,405,420,438,438,438],"floor_reached":40,"playtime":2779,"items_purged":["Strike_B"],"score":777,"play_id":"4e5a7f0b-e898-4d8f-aa70-82b2722b3484","local_time":"20190412231834","is_ascension_mode":true,"campfire_choices":[{"data":"Apotheosis","floor":6.0,"key":"SMITH"},{"data":"Reboot","floor":15.0,"key":"SMITH"},{"floor":23.0,"key":"REST"},{"floor":25.0,"key":"REST"},{"floor":32.0,"key":"REST"}],"neow_cost":"PERCENT_DAMAGE","seed_source_timestamp":92886969925633,"circlet_count":0,"master_deck":["AscendersBane","Strike_B","Strike_B+1","Defend_B","Defend_B","Defend_B","Defend_B","Zap","Dualcast","Coolheaded","Static Discharge","Apotheosis+1","Conserve Battery","Go for the Eyes+1","Conserve Battery","Electrodynamics","Hologram","Reboot+1","Coolheaded","Creative AI","Self Repair","Storm","Coolheaded","Chaos+1","Fission","Stack+1","Double Energy+1"],"special_seed":0,"relics":["Cracked Core","Lee\u0027s Waffle","Centennial Puzzle","Gremlin Horn","Whetstone","Fusion Hammer","Du-Vu Doll","Strawberry","Ancient Tea Set","Sozu"],"potions_floor_usage":[],"damage_taken":[{"damage":5.0,"enemies":"Small Slimes","floor":1.0,"turns":4.0},{"damage":1.0,"enemies":"Cultist","floor":2.0,"turns":3.0},{"damage":16.0,"enemies":"Jaw Worm","floor":3.0,"turns":4.0},{"damage":19.0,"enemies":"Lots of Slimes","floor":5.0,"turns":5.0},{"damage":2.0,"enemies":"Lagavulin","floor":7.0,"turns":6.0},{"damage":5.0,"enemies":"2 Fungi Beasts","floor":8.0,"turns":4.0},{"damage":1.0,"enemies":"Looter","floor":10.0,"turns":2.0},{"damage":0.0,"enemies":"Exordium Wildlife","floor":11.0,"turns":2.0},{"damage":0.0,"enemies":"3 Sentries","floor":13.0,"turns":3.0},{"damage":29.0,"enemies":"Hexaghost","floor":16.0,"turns":16.0},{"damage":5.0,"enemies":"Chosen","floor":18.0,"turns":4.0},{"damage":2.0,"enemies":"Spheric Guardian","floor":19.0,"turns":5.0},{"damage":3.0,"enemies":"Centurion and Healer","floor":20.0,"turns":4.0},{"damage":13.0,"enemies":"Chosen and Byrds","floor":21.0,"turns":6.0},{"damage":22.0,"enemies":"Shelled Parasite and Fungi","floor":22.0,"turns":8.0},{"damage":30.0,"enemies":"Gremlin Leader","floor":24.0,"turns":5.0},{"damage":15.0,"enemies":"Sentry and Sphere","floor":28.0,"turns":5.0},{"damage":27.0,"enemies":"Slavers","floor":29.0,"turns":5.0},{"damage":6.0,"enemies":"3 Cultists","floor":30.0,"turns":3.0},{"damage":68.0,"enemies":"Collector","floor":33.0,"turns":10.0},{"damage":16.0,"enemies":"Orb Walker","floor":35.0,"turns":4.0},{"damage":7.0,"enemies":"3 Shapes","floor":36.0,"turns":3.0},{"damage":31.0,"enemies":"3 Darklings","floor":37.0,"turns":5.0},{"damage":24.0,"enemies":"Transient","floor":38.0,"turns":5.0},{"damage":21,"enemies":"Maw","floor":40,"turns":7}],"seed_played":"5037222851889019928","potions_obtained":[{"floor":1.0,"key":"EssenceOfSteel"},{"floor":2.0,"key":"Ancient Potion"},{"floor":7.0,"key":"Fire Potion"},{"floor":27.0,"key":"EntropicBrew"},{"floor":33.0,"key":"Swift Potion"}],"is_trial":false,"path_per_floor":["M","M","M","$","M","R","E","M","T","M","M","?","E","$","R","B",null,"M","M","M","M","M","R","E","R","T","?","M","E","M","?","R","B",null,"M","M","M","M","?","M"],"character_chosen":"DEFECT","items_purchased":["Lee\u0027s Waffle","Apotheosis","Coolheaded"],"campfire_rested":3,"item_purchase_floors":[4,4,14],"current_hp_per_floor":[45,44,28,82,63,63,61,56,56,55,55,55,55,55,55,26,68,63,68,75,76,64,82,62,82,89,89,84,57,61,61,87,29,74,58,58,34,20,20,0],"gold":438,"neow_bonus":"TWO_FIFTY_GOLD","is_prod":false,"is_daily":false,"chose_seed":false,"campfire_upgraded":2,"win_rate":0,"timestamp":1555078714,"path_taken":["M","M","M","$","M","R","E","M","T","M","M","?","E","$","R","BOSS","M","M","M","?","M","R","E","R","T","?","M","E","?","?","R","BOSS","M","M","M","M","?","M"],"build_version":"2019-01-23","purchased_purges":1,"victory":false,"max_hp_per_floor":[75,75,75,82,82,82,82,82,82,82,82,82,82,82,82,82,82,82,82,82,82,82,82,82,82,89,89,89,89,89,89,89,89,89,89,89,89,89,89,89],"card_choices":[{"not_picked":["Rip and Tear","Hologram","Reprogram"],"picked":"SKIP","floor":1.0},{"not_picked":["Heatsinks","Genetic Algorithm"],"picked":"Coolheaded","floor":2.0},{"not_picked":["Skim","Chaos"],"picked":"Static Discharge","floor":3.0},{"not_picked":["Hologram","BootSequence"],"picked":"Conserve Battery","floor":5.0},{"not_picked":["Beam Cell","Chaos"],"picked":"Go for the Eyes","floor":7.0},{"not_picked":["Cold Snap","Turbo"],"picked":"Conserve Battery","floor":8.0},{"not_picked":["Hologram","Go for the Eyes"],"picked":"Electrodynamics","floor":10.0},{"not_picked":["Scrape","Cold Snap"],"picked":"Hologram","floor":11.0},{"not_picked":["Stack","Hello World"],"picked":"Reboot","floor":13.0},{"not_picked":["Thunder Strike","Seek"],"picked":"Creative AI","floor":16.0},{"not_picked":["Cold Snap+1","Auto Shields"],"picked":"Self Repair","floor":18.0},{"not_picked":["Double Energy+1","FTL"],"picked":"Storm","floor":19.0},{"not_picked":["Go for the Eyes","Steam Power","Skim"],"picked":"SKIP","floor":20.0},{"not_picked":["Turbo","Hologram"],"picked":"Coolheaded","floor":21.0},{"not_picked":["Compile Driver","Coolheaded+1","Steam"],"picked":"SKIP","floor":22.0},{"not_picked":["Skim","Beam Cell","Darkness"],"picked":"SKIP","floor":24.0},{"not_picked":["Hello World","Coolheaded"],"picked":"Chaos+1","floor":28.0},{"not_picked":["Coolheaded","Conserve Battery","Stack"],"picked":"SKIP","floor":29.0},{"not_picked":["Sweeping Beam","Rebound","Blizzard"],"picked":"SKIP","floor":30.0},{"not_picked":["Machine Learning","All For One"],"picked":"Fission","floor":33.0},{"not_picked":["Steam","Ball Lightning"],"picked":"Stack+1","floor":35.0},{"not_picked":["BootSequence","Genetic Algorithm+1"],"picked":"Double Energy+1","floor":36.0},{"not_picked":["Streamline","Sweeping Beam","Coolheaded"],"picked":"SKIP","floor":37.0},{"not_picked":["Gash","Static Discharge","Double Energy"],"picked":"SKIP","floor":38.0}],"player_experience":562036,"relics_obtained":[{"floor":7.0,"key":"Centennial Puzzle"},{"floor":9.0,"key":"Gremlin Horn"},{"floor":13.0,"key":"Whetstone"},{"floor":24.0,"key":"Du-Vu Doll"},{"floor":26.0,"key":"Strawberry"},{"floor":29.0,"key":"Ancient Tea Set"}],"event_choices":[{"cards_removed":["Strike_B"],"damage_healed":0.0,"max_hp_gain":0.0,"max_hp_loss":0.0,"gold_gain":0.0,"event_name":"Purifier","player_choice":"Purged","floor":12.0,"gold_loss":0.0,"damage_taken":0.0},{"damage_healed":0.0,"max_hp_gain":0.0,"max_hp_loss":0.0,"gold_gain":0.0,"event_name":"Lab","player_choice":"Got Potions","floor":27.0,"gold_loss":0.0,"damage_taken":0.0},{"damage_healed":0.0,"max_hp_gain":0.0,"max_hp_loss":0.0,"gold_gain":0.0,"event_name":"The Mausoleum","player_choice":"Ignored","floor":31.0,"gold_loss":0.0,"damage_taken":0.0},{"damage_healed":0,"gold_gain":0,"player_choice":"Ignored","damage_taken":0,"max_hp_gain":0,"max_hp_loss":0,"event_name":"Mysterious Sphere","floor":39,"gold_loss":0}],"is_beta":false,"boss_relics":[{"not_picked":["Ectoplasm","Velvet Choker"],"picked":"Fusion Hammer"},{"not_picked":["Coffee Dripper","White Beast Statue"],"picked":"Sozu"}],"items_purged_floors":[14],"is_endless":false,"potions_floor_spawned":[1,2,7,10,18,21,24,28,33],"killed_by":"Maw","ascension_level":13}