{"gold_per_floor":[109,109,122,132,132,132,166,166,243,253,253,253],"floor_reached":12,"playtime":476,"items_purged":[],"score":78,"play_id":"dd94a567-af26-42bc-8c0c-cfddc36cf29f","local_time":"20190308120506","is_ascension_mode":false,"campfire_choices":[{"data":"Bloodletting","floor":6,"key":"SMITH"},{"floor":8,"key":"RECALL"},{"data":"Ghostly Armor","floor":11,"key":"SMITH"}],"neow_cost":"NONE","seed_source_timestamp":1957967120314265,"circlet_count":0,"master_deck":["Strike_R","Strike_R","Strike_R","Strike_R","Defend_R","Defend_R","Defend_R","Defend_R","Bash","Bloodletting+1","Defend_R","Perfected Strike","Ghostly Armor+1","Decay","Juggernaut","Power Through"],"relics":["Runic Pyramid","Pen Nib","Shuriken"],"potions_floor_usage":[12],"damage_taken":[{"damage":4,"enemies":"2 Louse","floor":1,"turns":3},{"damage":4,"enemies":"Cultist","floor":3,"turns":3},{"damage":15,"enemies":"Small Slimes","floor":4,"turns":3},{"damage":34,"enemies":"Gremlin Nob","floor":7,"turns":4},{"damage":3,"enemies":"2 Fungi Beasts","floor":10,"turns":3},{"damage":23,"enemies":"3 Sentries","floor":12,"turns":5}],"seed_played":"2562778487747908770","potions_obtained":[{"floor":1,"key":"Poison Potion"},{"floor":4,"key":"Block Potion"}],"is_trial":false,"path_per_floor":["M","?","M","M","?","R","E","R","T","M","R","?"],"character_chosen":"IRONCLAD","items_purchased":[],"campfire_rested":0,"item_purchase_floors":[],"current_hp_per_floor":[76,76,72,57,57,57,23,23,23,20,20,0],"gold":253,"neow_bonus":"BOSS_RELIC","is_prod":false,"is_daily":false,"chose_seed":false,"campfire_upgraded":2,"win_rate":0,"timestamp":1552014306,"path_taken":["M","?","?","M","?","R","E","R","T","?","R","?"],"build_version":"2019-01-23","purchased_purges":0,"victory":false,"max_hp_per_floor":[80,80,80,80,80,80,80,80,80,80,80,80],"card_choices":[{"not_picked":["Iron Wave","Clothesline"],"picked":"Bloodletting","floor":1},{"not_picked":["Cleave","Iron Wave"],"picked":"Perfected Strike","floor":3},{"not_picked":["True Grit","Thunderclap"],"picked":"Ghostly Armor","floor":4},{"not_picked":["Berserk","Shockwave"],"picked":"Juggernaut","floor":7},{"not_picked":["True Grit","Flex"],"picked":"Power Through","floor":10}],"player_experience":212417,"relics_obtained":[{"floor":7,"key":"Pen Nib"},{"floor":9,"key":"Shuriken"}],"event_choices":[{"cards_removed":["Strike_R"],"damage_healed":0,"gold_gain":0,"player_choice":"Took Card","damage_taken":0,"max_hp_gain":0,"max_hp_loss":0,"event_name":"NoteForYourself","floor":2,"gold_loss":0,"cards_obtained":["Defend_R"]},{"damage_healed":0,"gold_gain":0,"player_choice":"Cursed","damage_taken":0,"max_hp_gain":0,"max_hp_loss":0,"event_name":"Wheel of Change","floor":5,"gold_loss":0,"cards_obtained":["Decay"]},{"damage_healed":0,"gold_gain":0,"player_choice":"Searched \u00271\u0027 times","damage_taken":0,"max_hp_gain":0,"max_hp_loss":0,"event_name":"Dead Adventurer","floor":12,"gold_loss":0}],"is_beta":false,"boss_relics":[],"items_purged_floors":[],"is_endless":false,"potions_floor_spawned":[1,4],"killed_by":"3 Sentries","ascension_level":0}