{"gold_per_floor":[114,37,37,37,37,68,68,104,104,29,62,62,135,153,153,153],"floor_reached":16,"playtime":708,"items_purged":["Strike_G"],"score":230,"play_id":"5819afaa-ff4c-4b47-af9d-f2045a600a04","local_time":"20190325121608","is_ascension_mode":true,"campfire_choices":[{"data":"Infinite Blades","floor":7,"key":"SMITH"},{"data":"Leg Sweep","floor":15,"key":"SMITH"}],"neow_cost":"NONE","seed_source_timestamp":352103247259639,"circlet_count":0,"master_deck":["Defend_G","Defend_G","Defend_G","Defend_G","Defend_G+1","Strike_G","Strike_G","Strike_G","Strike_G","Survivor+1","Neutralize","Dagger Spray","Infinite Blades+1","Reflex","Accuracy","Acrobatics","Blur","Leg Sweep+1"],"relics":["Ring of the Snake","NeowsBlessing","Golden Idol","PreservedInsect","Pocketwatch","Blue Candle","Omamori","Letter Opener","Bag of Preparation"],"potions_floor_usage":[11],"damage_taken":[{"damage":0,"enemies":"2 Louse","floor":1,"turns":1},{"damage":0,"enemies":"3 Sentries","floor":6,"turns":1},{"damage":0,"enemies":"Lagavulin","floor":8,"turns":2},{"damage":12,"enemies":"3 Sentries","floor":11,"turns":7},{"damage":25,"enemies":"Lagavulin Event","floor":13,"turns":8},{"damage":0,"enemies":"Jaw Worm","floor":14,"turns":6},{"damage":10,"enemies":"Hexaghost","floor":16,"turns":9}],"seed_played":"-1549761605128467352","potions_obtained":[{"floor":8,"key":"Regen Potion"},{"floor":11,"key":"SmokeBomb"}],"is_trial":false,"path_per_floor":["M","$","?","?","$","E","R","E","T","$","E","?","?","M","R","B"],"character_chosen":"THE_SILENT","items_purchased":["Infinite Blades"],"campfire_rested":0,"item_purchase_floors":[2],"current_hp_per_floor":[63,63,46,32,32,32,32,32,32,32,35,35,10,10,10,0],"gold":153,"neow_bonus":"THREE_ENEMY_KILL","is_prod":false,"is_daily":false,"chose_seed":false,"campfire_upgraded":2,"win_rate":0,"timestamp":1553483768,"path_taken":["M","$","?","?","?","E","R","E","T","$","E","?","?","M","R","BOSS"],"build_version":"2019-01-23","purchased_purges":1,"victory":false,"max_hp_per_floor":[70,70,70,70,70,70,70,70,70,70,70,70,70,70,70,70],"card_choices":[{"not_picked":["Dash","Quick Slash"],"picked":"Dagger Spray","floor":1},{"not_picked":["Bane","Deflect"],"picked":"Reflex","floor":6},{"not_picked":["Outmaneuver","Riddle With Holes"],"picked":"Accuracy","floor":8},{"not_picked":["Bouncing Flask","Slice"],"picked":"Acrobatics","floor":11},{"not_picked":["Choke","Caltrops"],"picked":"Blur","floor":13},{"not_picked":["Quick Slash","PiercingWail"],"picked":"Leg Sweep","floor":14}],"player_experience":575673,"relics_obtained":[{"floor":6,"key":"PreservedInsect"},{"floor":8,"key":"Pocketwatch"},{"floor":9,"key":"Blue Candle"},{"floor":11,"key":"Omamori"},{"floor":13,"key":"Bag of Preparation"}],"event_choices":[{"damage_healed":0,"gold_gain":0,"player_choice":"Take Damage","damage_taken":17,"relics_obtained":["Golden Idol"],"max_hp_gain":0,"max_hp_loss":0,"event_name":"Golden Idol","floor":3,"gold_loss":0},{"damage_healed":0,"gold_gain":0,"player_choice":"Entered Light","damage_taken":14,"max_hp_gain":0,"max_hp_loss":0,"event_name":"Shining Light","floor":4,"gold_loss":0,"cards_upgraded":["Defend_G","Survivor"]},{"damage_healed":0,"gold_gain":0,"player_choice":"Box","damage_taken":0,"relics_obtained":["Letter Opener"],"max_hp_gain":0,"max_hp_loss":0,"event_name":"Big Fish","floor":12,"gold_loss":0,"cards_obtained":["Regret"]},{"damage_healed":0,"gold_gain":0,"player_choice":"Searched \u00272\u0027 times","damage_taken":0,"max_hp_gain":0,"max_hp_loss":0,"event_name":"Dead Adventurer","floor":13,"gold_loss":0}],"is_beta":false,"boss_relics":[],"items_purged_floors":[10],"is_endless":false,"potions_floor_spawned":[8,11],"killed_by":"Hexaghost","ascension_level":8}