{"gold_per_floor":[119,131,81,81,98,98,98,114,169,185,199,199,210,224,224,326,326,337,337,112,27,27,27,60,60,60,78,93,113,113,127,127,127],"floor_reached":33,"playtime":1576,"items_purged":["Writhe"],"score":389,"play_id":"e2c733f7-2def-4b8b-8e66-f8d5527b8b6d","local_time":"20190312153250","is_ascension_mode":true,"campfire_choices":[{"data":"Apotheosis","floor":7.0,"key":"SMITH"},{"floor":12.0,"key":"REST"},{"floor":15.0,"key":"REST"},{"data":"Double Tap","floor":23.0,"key":"SMITH"},{"data":"Dark Embrace","floor":25.0,"key":"SMITH"},{"floor":32.0,"key":"REST"}],"neow_cost":"TEN_PERCENT_HP_LOSS","seed_source_timestamp":2314788258313271,"circlet_count":0,"master_deck":["Strike_R","Strike_R+1","Defend_R","Defend_R","Defend_R","Bash","Apotheosis+1","Metamorphosis+1","Evolve","Pommel Strike","Pommel Strike","Wild Strike","Body Slam","True Grit","Havoc","Flex","Dark Embrace+1","Second Wind+1","Double Tap+1","Feel No Pain","True Grit+1","Pommel Strike","Second Wind+1","Dual Wield+1"],"special_seed":0,"relics":["Burning Blood","Tiny Chest","Busted Crown","Bag of Marbles","Happy Flower","Bottled Tornado","Strawberry","Toxic Egg 2"],"potions_floor_usage":[],"damage_taken":[{"damage":0.0,"enemies":"Cultist","floor":1.0,"turns":4.0},{"damage":12.0,"enemies":"Small Slimes","floor":2.0,"turns":4.0},{"damage":4.0,"enemies":"Jaw Worm","floor":5.0,"turns":3.0},{"damage":25.0,"enemies":"Large Slime","floor":8.0,"turns":4.0},{"damage":10.0,"enemies":"2 Fungi Beasts","floor":10.0,"turns":3.0},{"damage":21.0,"enemies":"Blue Slaver","floor":11.0,"turns":3.0},{"damage":18.0,"enemies":"Red Slaver","floor":13.0,"turns":5.0},{"damage":13.0,"enemies":"3 Louse","floor":14.0,"turns":3.0},{"damage":0.0,"enemies":"Slime Boss","floor":16.0,"turns":3.0},{"damage":26.0,"enemies":"2 Thieves","floor":18.0,"turns":3.0},{"damage":35.0,"enemies":"Gremlin Leader","floor":24.0,"turns":5.0},{"damage":0.0,"enemies":"Spheric Guardian","floor":27.0,"turns":3.0},{"damage":15.0,"enemies":"Centurion and Healer","floor":28.0,"turns":4.0},{"damage":11.0,"enemies":"Cultist and Chosen","floor":29.0,"turns":4.0},{"damage":11.0,"enemies":"Shelled Parasite and Fungi","floor":31.0,"turns":2.0},{"damage":39,"enemies":"Automaton","floor":33,"turns":6}],"seed_played":"3607036110176668034","potions_obtained":[{"floor":2.0,"key":"Ancient Potion"},{"floor":8.0,"key":"Swift Potion"},{"floor":14.0,"key":"Regen Potion"},{"floor":16.0,"key":"FearPotion"},{"floor":24.0,"key":"LiquidBronze"},{"floor":27.0,"key":"SteroidPotion"},{"floor":31.0,"key":"FearPotion"}],"is_trial":false,"path_per_floor":["M","M","?","?","M","?","R","M","T","M","M","R","M","M","R","B",null,"M","?","$","?","T","R","E","R","T","M","M","M","?","M","R","B"],"character_chosen":"IRONCLAD","items_purchased":["Double Tap","Feel No Pain"],"campfire_rested":3,"item_purchase_floors":[20,20],"current_hp_per_floor":[72,66,66,66,68,54,54,35,35,31,16,37,25,18,39,54,68,48,48,48,48,48,48,26,26,26,32,23,18,18,13,36,0],"gold":127,"neow_bonus":"RANDOM_COLORLESS_2","is_prod":false,"is_daily":false,"chose_seed":false,"campfire_upgraded":3,"win_rate":0,"timestamp":1552372370,"path_taken":["M","M","?","?","?","?","R","M","T","M","M","R","M","M","R","BOSS","M","?","$","?","?","R","E","R","T","M","?","M","?","M","R","BOSS"],"build_version":"2019-01-23","purchased_purges":1,"victory":false,"max_hp_per_floor":[72,72,72,72,72,72,72,72,72,72,72,72,72,72,72,72,72,72,72,72,72,72,72,79,79,79,79,79,79,79,79,79,79],"card_choices":[{"not_picked":["Metallicize","Sword Boomerang"],"picked":"Evolve","floor":1.0},{"not_picked":["Clash","Cleave"],"picked":"Pommel Strike","floor":2.0},{"not_picked":["Shockwave","Wild Strike"],"picked":"Pommel Strike","floor":5.0},{"not_picked":["Bloodletting","Sword Boomerang"],"picked":"Wild Strike","floor":8.0},{"not_picked":["Wild Strike","True Grit"],"picked":"Body Slam","floor":10.0},{"not_picked":["Warcry","Cleave"],"picked":"True Grit","floor":11.0},{"not_picked":["Anger","Sentinel"],"picked":"Havoc","floor":13.0},{"not_picked":["Clash","Blood for Blood"],"picked":"Flex","floor":14.0},{"not_picked":["Berserk","Juggernaut"],"picked":"Dark Embrace","floor":16.0},{"not_picked":[],"picked":"Second Wind+1","floor":18.0},{"not_picked":["Evolve"],"picked":"SKIP","floor":24.0},{"not_picked":["Reckless Charge"],"picked":"SKIP","floor":27.0},{"not_picked":[],"picked":"True Grit+1","floor":28.0},{"not_picked":[],"picked":"Pommel Strike","floor":29.0},{"not_picked":["Pummel"],"picked":"SKIP","floor":31.0}],"player_experience":329029,"relics_obtained":[{"floor":9.0,"key":"Tiny Chest"},{"floor":22.0,"key":"Bottled Tornado"},{"floor":24.0,"key":"Strawberry"},{"floor":26.0,"key":"Toxic Egg 2"}],"event_choices":[{"cards_removed":["Strike_R"],"damage_healed":0.0,"max_hp_gain":0.0,"max_hp_loss":0.0,"gold_gain":0.0,"event_name":"The Cleric","player_choice":"Card Removal","floor":3.0,"gold_loss":50.0,"damage_taken":0.0},{"cards_removed":["Defend_R"],"damage_healed":0.0,"max_hp_gain":0.0,"max_hp_loss":0.0,"gold_gain":0.0,"event_name":"Purifier","player_choice":"Purged","floor":4.0,"gold_loss":0.0,"damage_taken":0.0},{"damage_healed":0.0,"max_hp_gain":0.0,"max_hp_loss":0.0,"gold_gain":0.0,"event_name":"Shining Light","player_choice":"Entered Light","floor":6.0,"gold_loss":0.0,"damage_taken":14.0,"cards_upgraded":["Metamorphosis","Strike_R"]},{"damage_healed":0.0,"max_hp_gain":0.0,"max_hp_loss":0.0,"gold_gain":0.0,"event_name":"The Mausoleum","player_choice":"Opened","floor":19.0,"gold_loss":0.0,"damage_taken":0.0,"relics_obtained":["Bag of Marbles"],"cards_obtained":["Writhe"]},{"damage_healed":0.0,"max_hp_gain":0.0,"max_hp_loss":0.0,"gold_gain":0.0,"event_name":"Addict","player_choice":"Obtained Relic","floor":21.0,"gold_loss":85.0,"damage_taken":0.0,"relics_obtained":["Happy Flower"]},{"damage_healed":0.0,"max_hp_gain":0.0,"max_hp_loss":0.0,"gold_gain":0.0,"cards_transformed":["Strike_R","Strike_R"],"event_name":"Drug Dealer","player_choice":"Became Test Subject","floor":30.0,"gold_loss":0.0,"damage_taken":0.0,"cards_obtained":["Second Wind","Dual Wield"]}],"is_beta":false,"boss_relics":[{"not_picked":["Black Star","Coffee Dripper"],"picked":"Busted Crown"}],"items_purged_floors":[20],"is_endless":false,"potions_floor_spawned":[2,8,14,16,24,27,31],"killed_by":"Automaton","ascension_level":5}