{"gold_per_floor":[110,110,130,145,160,160,160,160,160,187,207,223,223,51,51,177,177,197,197,197,213,226,226,240,7,7,7,0,16,16,16,16,147,147,167,45,45,45,45,45,63,63,118,133,466,566,566,577,577,577],"floor_reached":51,"playtime":3713,"items_purged":["Regret"],"score":610,"play_id":"dd95bea0-7e52-4953-a379-e3d701ed240e","local_time":"20190410224612","is_ascension_mode":false,"campfire_choices":[{"data":"Neutralize","floor":6.0,"key":"SMITH"},{"data":"Accuracy","floor":13.0,"key":"SMITH"},{"data":"Footwork","floor":15.0,"key":"SMITH"},{"data":"After Image","floor":23.0,"key":"SMITH"},{"data":"Noxious Fumes","floor":30,"key":"SMITH"},{"floor":32,"key":"REST"},{"data":"Wraith Form v2","floor":40,"key":"SMITH"},{"floor":42,"key":"REST"},{"floor":49,"key":"REST"}],"neow_cost":"NONE","seed_source_timestamp":0,"circlet_count":0,"master_deck":["Defend_G","Defend_G","Defend_G","Defend_G","Strike_G","Strike_G+1","Strike_G","Survivor","Neutralize+1","Accuracy+1","Blade Dance","Cloak And Dagger","Blade Dance","Tools of the Trade","Footwork+1","Backflip","After Image+1","Blade Dance+1","Necronomicurse","Underhanded Strike+1","PiercingWail+1","Terror","Adrenaline","Noxious Fumes+1","Catalyst","Wraith Form v2+1","Cloak And Dagger","Well Laid Plans","Madness","Madness","Prepared+1","Finisher","Footwork+1"],"special_seed":0,"relics":["Ring of the Snake","Gremlin Horn","Smiling Mask","Bottled Tornado","Happy Flower","Sozu","Necronomicon","Meat on the Bone","WristBlade","Whetstone","Calipers"],"potions_floor_usage":[33],"damage_taken":[{"damage":3.0,"enemies":"Small Slimes","floor":1.0,"turns":4.0},{"damage":0.0,"enemies":"2 Louse","floor":3.0,"turns":3.0},{"damage":3.0,"enemies":"Jaw Worm","floor":4.0,"turns":6.0},{"damage":4.0,"enemies":"Looter","floor":5.0,"turns":4.0},{"damage":4.0,"enemies":"3 Louse","floor":11.0,"turns":4.0},{"damage":0.0,"enemies":"Lots of Slimes","floor":12.0,"turns":2.0},{"damage":9.0,"enemies":"The Guardian","floor":16.0,"turns":14.0},{"damage":0.0,"enemies":"Chosen","floor":18.0,"turns":5.0},{"damage":4.0,"enemies":"2 Thieves","floor":21.0,"turns":4.0},{"damage":6.0,"enemies":"Snecko","floor":22.0,"turns":4.0},{"damage":5.0,"enemies":"Chosen and Byrds","floor":24.0,"turns":6.0},{"damage":14,"enemies":"Cultist and Chosen","floor":29,"turns":5},{"damage":50,"enemies":"Collector","floor":33,"turns":7},{"damage":19,"enemies":"3 Darklings","floor":35,"turns":6},{"damage":6,"enemies":"Orb Walker","floor":41,"turns":4},{"damage":23,"enemies":"3 Darklings","floor":44,"turns":6},{"damage":0,"enemies":"Mind Bloom Boss Battle","floor":46,"turns":5},{"damage":15,"enemies":"Writhing Mass","floor":48,"turns":4},{"damage":29,"enemies":"Donu and Deca","floor":50,"turns":10}],"seed_played":"-6030733864726642504","potions_obtained":[{"floor":1.0,"key":"Block Potion"},{"floor":11.0,"key":"SpeedPotion"},{"floor":12.0,"key":"Block Potion"}],"is_trial":false,"path_per_floor":["M","?","M","M","M","R","?","?","T","T","M","M","R","$","R","B",null,"M","?","?","M","M","R","M","$","T","$","?","M","R","?","R","B",null,"M","$","?","?","$","R","M","R","T","M","?","?","?","M","R","B",null],"character_chosen":"THE_SILENT","items_purchased":["Footwork","Backflip","Adrenaline","Noxious Fumes","Cloak And Dagger","Well Laid Plans"],"campfire_rested":3,"item_purchase_floors":[14,14,25,25,36,36],"current_hp_per_floor":[67,50,50,47,43,43,43,36,36,36,32,32,32,32,32,23,70,70,70,54,50,44,44,39,39,39,39,39,37,37,37,58,20,70,51,51,51,42,42,42,36,57,57,46,46,46,46,43,64,47],"gold":577,"neow_bonus":"REMOVE_CARD","is_prod":false,"is_daily":false,"chose_seed":false,"campfire_upgraded":6,"win_rate":0,"timestamp":1554961572,"path_taken":["M","?","M","M","M","R","?","?","T","?","M","?","R","$","R","BOSS","M","?","?","M","M","R","M","$","T","$","?","M","R","?","R","BOSS","M","$","?","?","$","R","M","R","T","M","?","?","?","M","R","BOSS"],"build_version":"2019-01-23","purchased_purges":1,"victory":true,"max_hp_per_floor":[70,70,70,70,70,70,70,70,70,70,70,70,70,70,70,70,70,70,70,70,70,70,70,70,70,70,70,70,70,70,70,70,70,70,70,70,70,70,70,70,70,70,70,70,70,70,70,70,70,70],"card_choices":[{"not_picked":["Bouncing Flask","Prepared"],"picked":"Accuracy","floor":1.0},{"not_picked":["Dagger Throw","Prepared"],"picked":"Blade Dance","floor":3.0},{"not_picked":["Deadly Poison","Flying Knee","Slice"],"picked":"SKIP","floor":4.0},{"not_picked":["Calculated Gamble","Poisoned Stab"],"picked":"Cloak And Dagger","floor":5.0},{"not_picked":["Slice","Sucker Punch"],"picked":"Blade Dance","floor":11.0},{"not_picked":["Tactician","Bane"],"picked":"Tools of the Trade","floor":12.0},{"not_picked":["Doppelganger","Wraith Form v2"],"picked":"After Image","floor":16.0},{"not_picked":["Acrobatics+1","Dagger Throw"],"picked":"Blade Dance+1","floor":18.0},{"not_picked":["Leg Sweep","Heel Hook"],"picked":"Underhanded Strike","floor":21.0},{"not_picked":["Acrobatics","Dodge and Roll"],"picked":"PiercingWail+1","floor":22.0},{"not_picked":["Endless Agony+1","Flechettes+1"],"picked":"Terror","floor":24.0},{"not_picked":["Dodge and Roll","Bullet Time"],"picked":"Catalyst","floor":29},{"not_picked":["Phantasmal Killer","Doppelganger"],"picked":"Wraith Form v2","floor":33},{"not_picked":["Distraction","Leg Sweep","Sucker Punch+1"],"picked":"SKIP","floor":35},{"not_picked":["Acrobatics","Poisoned Stab+1"],"picked":"Prepared+1","floor":41},{"not_picked":["Deflect+1","Masterful Stab"],"picked":"Finisher","floor":44},{"not_picked":["Tactician","Underhanded Strike"],"picked":"Footwork+1","floor":48}],"player_experience":153705,"relics_obtained":[{"floor":9.0,"key":"Bottled Tornado"},{"floor":10.0,"key":"Happy Flower"},{"floor":20.0,"key":"Necronomicon"},{"floor":26.0,"key":"Meat on the Bone"},{"floor":43,"key":"Whetstone"},{"floor":46,"key":"Calipers"}],"event_choices":[{"damage_healed":0.0,"max_hp_gain":0.0,"max_hp_loss":0.0,"gold_gain":0.0,"event_name":"Golden Idol","player_choice":"Take Damage","floor":2.0,"gold_loss":0.0,"damage_taken":17.0,"relics_obtained":["Golden Idol"]},{"damage_healed":0.0,"max_hp_gain":0.0,"max_hp_loss":0.0,"gold_gain":0.0,"event_name":"Big Fish","player_choice":"Box","floor":7.0,"gold_loss":0.0,"damage_taken":0.0,"relics_obtained":["Gremlin Horn"],"cards_obtained":["Regret"]},{"damage_healed":0.0,"max_hp_gain":0.0,"max_hp_loss":0.0,"gold_gain":0.0,"event_name":"Scrap Ooze","player_choice":"Success","floor":8.0,"gold_loss":0.0,"damage_taken":7.0,"relics_obtained":["Smiling Mask"]},{"cards_removed":["Defend_G"],"damage_healed":0.0,"max_hp_gain":0.0,"max_hp_loss":0.0,"gold_gain":0.0,"event_name":"Back to Basics","player_choice":"Elegance","floor":19.0,"gold_loss":0.0,"damage_taken":0.0},{"damage_healed":0.0,"max_hp_gain":0.0,"max_hp_loss":0.0,"gold_gain":0.0,"event_name":"Cursed Tome","player_choice":"Obtained Book","floor":20.0,"gold_loss":0.0,"damage_taken":16.0},{"damage_healed":0.0,"max_hp_gain":0.0,"max_hp_loss":0.0,"gold_gain":0.0,"event_name":"Masked Bandits","player_choice":"Paid Fearfully","floor":28.0,"gold_loss":7.0,"damage_taken":0.0},{"damage_healed":0,"gold_gain":0,"player_choice":"Got Potions","damage_taken":0,"max_hp_gain":0,"max_hp_loss":0,"event_name":"Lab","floor":31,"gold_loss":0},{"cards_removed":["Strike_G"],"damage_healed":0,"gold_gain":0,"player_choice":"Removed Attack","damage_taken":0,"max_hp_gain":0,"max_hp_loss":0,"event_name":"Falling","floor":37,"gold_loss":0},{"damage_healed":0,"gold_gain":0,"player_choice":"Embrace Madness","damage_taken":9,"max_hp_gain":0,"max_hp_loss":0,"event_name":"Winding Halls","floor":38,"gold_loss":0,"cards_obtained":["Madness","Madness"]},{"damage_healed":0,"gold_gain":333,"player_choice":"Gave Idol","damage_taken":0,"max_hp_gain":0,"max_hp_loss":0,"event_name":"The Moai Head","floor":45,"relics_lost":["Golden Idol"],"gold_loss":0},{"damage_healed":0,"gold_gain":0,"player_choice":"Fight","damage_taken":0,"max_hp_gain":0,"max_hp_loss":0,"event_name":"MindBloom","floor":46,"gold_loss":0},{"damage_healed":0,"gold_gain":0,"player_choice":"Ignored","damage_taken":0,"max_hp_gain":0,"max_hp_loss":0,"event_name":"Mysterious Sphere","floor":47,"gold_loss":0}],"is_beta":false,"boss_relics":[{"not_picked":["Snecko Eye","Black Star"],"picked":"Sozu"},{"not_picked":["Philosopher\u0027s Stone","Orrery"],"picked":"WristBlade"}],"items_purged_floors":[14],"is_endless":false,"potions_floor_spawned":[1,11,12,21,29,41,46,48],"ascension_level":0}