{"gold_per_floor":[112,112,132,132,151,151,182,182,209,248,248,272,75,25,25,121,121,144,160,160,39,57,57],"floor_reached":23,"playtime":884,"items_purged":["Strike_G"],"score":338,"play_id":"9050f6c9-3de6-4cba-9d4e-87e971161337","local_time":"20190330010019","is_ascension_mode":true,"campfire_choices":[{"data":"Tactician","floor":6.0,"key":"SMITH"},{"data":"Bouncing Flask","floor":8.0,"key":"SMITH"},{"data":"Well Laid Plans","floor":15.0,"key":"SMITH"}],"neow_cost":"NONE","seed_source_timestamp":45708252855762,"circlet_count":0,"master_deck":["AscendersBane","Defend_G","Defend_G","Defend_G","Defend_G","Defend_G","Strike_G","Strike_G","Survivor","Neutralize","Outmaneuver","Tactician+1","Bouncing Flask+1","Prepared","Dagger Throw","Grand Finale","Well Laid Plans+1","Backflip","Doppelganger"],"special_seed":0,"relics":["Ring of the Snake","NeowsBlessing","Golden Idol","Bronze Scales","Omamori","Pantograph","HoveringKite","Tiny Chest"],"potions_floor_usage":[19,19],"damage_taken":[{"damage":0.0,"enemies":"2 Louse","floor":1.0,"turns":1.0},{"damage":0.0,"enemies":"Cultist","floor":3.0,"turns":1.0},{"damage":0.0,"enemies":"Small Slimes","floor":5.0,"turns":1.0},{"damage":30.0,"enemies":"Gremlin Nob","floor":7.0,"turns":5.0},{"damage":15.0,"enemies":"Lagavulin","floor":10.0,"turns":6.0},{"damage":9.0,"enemies":"Looter","floor":12.0,"turns":3.0},{"damage":22.0,"enemies":"Slime Boss","floor":16.0,"turns":9.0},{"damage":7.0,"enemies":"Shell Parasite","floor":18.0,"turns":5.0},{"damage":0,"enemies":"Chosen","floor":19,"turns":4},{"damage":21,"enemies":"Snake Plant","floor":22,"turns":3},{"damage":29,"enemies":"Slavers","floor":23,"turns":2}],"seed_played":"7514506217694343917","potions_obtained":[{"floor":7.0,"key":"SkillPotion"},{"floor":12.0,"key":"Strength Potion"},{"floor":16.0,"key":"SkillPotion"},{"floor":19,"key":"SteroidPotion"}],"is_trial":false,"path_per_floor":["M","?","M","?","M","R","E","R","T","E","?","M","$","?","R","B",null,"M","M","?","$","M","E"],"character_chosen":"THE_SILENT","items_purchased":["Well Laid Plans","Backflip","Tiny Chest"],"campfire_rested":0,"item_purchase_floors":[13,13,21],"current_hp_per_floor":[59,59,59,59,59,59,29,29,29,14,29,20,20,20,20,23,52,45,45,45,45,24,0],"gold":57,"neow_bonus":"THREE_ENEMY_KILL","is_prod":false,"is_daily":false,"chose_seed":false,"campfire_upgraded":3,"win_rate":0,"timestamp":1553875219,"path_taken":["M","?","?","?","M","R","E","R","T","E","?","M","?","?","R","BOSS","M","M","?","?","M","E"],"build_version":"2019-01-23","purchased_purges":1,"victory":false,"max_hp_per_floor":[66,66,66,61,61,61,61,61,61,61,61,61,61,61,61,61,61,61,61,61,61,61,61],"card_choices":[{"not_picked":["Blade Dance","Outmaneuver","Sucker Punch"],"picked":"SKIP","floor":1.0},{"not_picked":["Dash","Escape Plan"],"picked":"Tactician","floor":3.0},{"not_picked":["Expertise","PiercingWail"],"picked":"Bouncing Flask","floor":5.0},{"not_picked":["Predator","Sucker Punch"],"picked":"Prepared","floor":7.0},{"not_picked":["Deflect","Calculated Gamble"],"picked":"Dagger Throw","floor":10.0},{"not_picked":["Dodge and Roll","Leg Sweep"],"picked":"Grand Finale","floor":12.0},{"not_picked":["Glass Knife","Phantasmal Killer"],"picked":"Doppelganger","floor":16.0},{"not_picked":["Flying Knee","Deadly Poison","Crippling Poison"],"picked":"SKIP","floor":18.0},{"not_picked":["Riddle With Holes","Crippling Poison","Poisoned Stab"],"picked":"SKIP","floor":19},{"not_picked":["Bane","Backstab","Dagger Spray"],"picked":"SKIP","floor":22}],"player_experience":627687,"relics_obtained":[{"floor":7.0,"key":"Bronze Scales"},{"floor":9.0,"key":"Omamori"},{"floor":10.0,"key":"Pantograph"}],"event_choices":[{"damage_healed":0.0,"max_hp_gain":0.0,"max_hp_loss":0.0,"gold_gain":0.0,"cards_transformed":["Strike_G"],"event_name":"Transmorgrifier","player_choice":"Transformed","floor":2.0,"gold_loss":0.0,"damage_taken":0.0,"cards_obtained":["Outmaneuver"]},{"damage_healed":0.0,"max_hp_gain":0.0,"max_hp_loss":5.0,"gold_gain":0.0,"event_name":"Golden Idol","player_choice":"Lose Max HP","floor":4.0,"gold_loss":0.0,"damage_taken":0.0,"relics_obtained":["Golden Idol"]},{"damage_healed":15.0,"max_hp_gain":0.0,"max_hp_loss":0.0,"gold_gain":0.0,"event_name":"Mushrooms","player_choice":"Healed and dodged fight","floor":11.0,"gold_loss":0.0,"damage_taken":0.0,"cards_obtained":["Parasite"]},{"cards_removed":["Strike_G"],"damage_healed":0.0,"max_hp_gain":0.0,"max_hp_loss":0.0,"gold_gain":0.0,"event_name":"The Cleric","player_choice":"Card Removal","floor":14.0,"gold_loss":50.0,"damage_taken":0.0},{"damage_healed":0,"gold_gain":0,"player_choice":"Cursed","damage_taken":0,"max_hp_gain":0,"max_hp_loss":0,"event_name":"Wheel of Change","floor":20,"gold_loss":0,"cards_obtained":["Decay"]}],"is_beta":false,"boss_relics":[{"not_picked":["Lizard Tail","Velvet Choker"],"picked":"HoveringKite"}],"items_purged_floors":[13],"is_endless":false,"potions_floor_spawned":[7,12,16,18,19],"killed_by":"Slavers","ascension_level":14}