{"gold_per_floor":[110,130,130,130,148,180,180,209,257,257,277,310,327,24,24,96,96,110,110,130,62,62,62,91,91,146,146,159,175,201,201,201,278,278,295,308,324,424,441,473,473,528,528,541,541,92,92,110,110,110],"floor_reached":51,"playtime":3749,"items_purged":["Strike_B","Defend_B+1"],"score":1213,"play_id":"3b549217-81f0-4a4c-b76e-61bbe5afffbd","local_time":"20190413213214","is_ascension_mode":true,"campfire_choices":[{"floor":7.0,"key":"REST"},{"data":"Fission","floor":10.0,"key":"SMITH"},{"floor":15.0,"key":"REST"},{"floor":23.0,"key":"REST"},{"data":"Defragment","floor":25.0,"key":"SMITH"},{"data":"Creative AI","floor":27.0,"key":"SMITH"},{"floor":32.0,"key":"REST"},{"data":"Blizzard","floor":41.0,"key":"SMITH"},{"data":"Reinforced Body","floor":47.0,"key":"SMITH"},{"floor":49,"key":"REST"}],"neow_cost":"NONE","seed_source_timestamp":171673497362946,"circlet_count":0,"master_deck":["AscendersBane","Strike_B+1","Defend_B+1","Defend_B+1","Defend_B+1","Zap","Dualcast+1","Fission+1","Coolheaded","Reinforced Body+1","Ball Lightning","Glacier+1","Turbo+1","Compile Driver","Redo+1","Defragment+1","Creative AI+1","Blizzard+1","Coolheaded+1","Capacitor","Core Surge","Consume+1","Reboot+1","Core Surge","Biased Cognition","Go for the Eyes+1","Self Repair","Force Field+1","Self Repair","Glacier+1","Capacitor","Multi-Cast+1"],"special_seed":0,"relics":["FrozenCore","Toxic Egg 2","Potion Belt","Boot","Centennial Puzzle","Juzu Bracelet","Matryoshka","Kunai","Bag of Preparation","Anchor","Philosopher\u0027s Stone","Torii","Bronze Scales","Gambling Chip","Orichalcum","Molten Egg 2","Oddly Smooth Stone"],"potions_floor_usage":[50,50,50,50,50,50],"damage_taken":[{"damage":1.0,"enemies":"Small Slimes","floor":1.0,"turns":4.0},{"damage":0.0,"enemies":"Jaw Worm","floor":2.0,"turns":6.0},{"damage":3.0,"enemies":"Cultist","floor":5.0,"turns":5.0},{"damage":19.0,"enemies":"3 Sentries","floor":6.0,"turns":8.0},{"damage":1.0,"enemies":"Lagavulin","floor":8.0,"turns":10.0},{"damage":5.0,"enemies":"Exordium Thugs","floor":11.0,"turns":5.0},{"damage":32.0,"enemies":"Gremlin Nob","floor":12.0,"turns":4.0},{"damage":0.0,"enemies":"Blue Slaver","floor":13.0,"turns":3.0},{"damage":4.0,"enemies":"The Guardian","floor":16.0,"turns":15.0},{"damage":1.0,"enemies":"3 Byrds","floor":18.0,"turns":5.0},{"damage":10.0,"enemies":"Shell Parasite","floor":20.0,"turns":8.0},{"damage":11.0,"enemies":"Book of Stabbing","floor":24.0,"turns":6.0},{"damage":5.0,"enemies":"Snake Plant","floor":28.0,"turns":6.0},{"damage":2.0,"enemies":"Centurion and Healer","floor":29.0,"turns":9.0},{"damage":50.0,"enemies":"Slavers","floor":30.0,"turns":5.0},{"damage":24.0,"enemies":"Automaton","floor":33.0,"turns":12.0},{"damage":0.0,"enemies":"3 Shapes","floor":35.0,"turns":5.0},{"damage":0.0,"enemies":"Orb Walker","floor":36.0,"turns":4.0},{"damage":27.0,"enemies":"Sphere and 2 Shapes","floor":37.0,"turns":6.0},{"damage":0.0,"enemies":"Mind Bloom Boss Battle","floor":38.0,"turns":9.0},{"damage":0.0,"enemies":"Spire Growth","floor":39.0,"turns":7.0},{"damage":33.0,"enemies":"Nemesis","floor":40.0,"turns":9.0},{"damage":0.0,"enemies":"2 Orb Walkers","floor":42.0,"turns":6.0},{"damage":0.0,"enemies":"Transient","floor":44.0,"turns":5.0},{"damage":6,"enemies":"Writhing Mass","floor":48,"turns":12},{"damage":0,"enemies":"Donu and Deca","floor":50,"turns":14}],"seed_played":"-329971915882703470","potions_obtained":[{"floor":5.0,"key":"GamblersBrew"},{"floor":11.0,"key":"SteroidPotion"},{"floor":13.0,"key":"AttackPotion"},{"floor":16.0,"key":"FearPotion"},{"floor":20.0,"key":"Regen Potion"},{"floor":29.0,"key":"Explosive Potion"},{"floor":30.0,"key":"Ancient Potion"},{"floor":33.0,"key":"Strength Potion"},{"floor":35.0,"key":"EntropicBrew"},{"floor":38.0,"key":"Swift Potion"},{"floor":44.0,"key":"Energy Potion"}],"is_trial":false,"path_per_floor":["M","M","?","?","M","E","R","E","T","R","M","E","M","$","R","B",null,"M","?","M","$","?","R","E","R","T","R","M","M","E","?","R","B",null,"M","M","M","?","M","E","R","?","T","M","?","$","R","M","R","B",null],"character_chosen":"DEFECT","items_purchased":["Defragment","Juzu Bracelet","Capacitor","Capacitor","Multi-Cast+1","Oddly Smooth Stone"],"campfire_rested":5,"item_purchase_floors":[14,14,21,46,46,46],"current_hp_per_floor":[67,67,52,52,49,30,52,51,51,51,46,14,14,14,36,32,64,63,63,53,53,53,75,64,64,64,64,59,57,21,21,43,19,61,61,61,41,48,55,36,36,43,43,50,50,50,50,58,71,71],"gold":110,"neow_bonus":"ONE_RANDOM_RARE_CARD","is_prod":false,"is_daily":false,"chose_seed":false,"campfire_upgraded":5,"win_rate":0,"timestamp":1555158734,"path_taken":["M","M","?","?","M","E","R","E","T","R","?","E","M","$","R","BOSS","M","?","M","$","?","R","E","R","T","R","M","M","E","?","R","BOSS","M","M","M","?","M","E","R","?","T","M","?","$","R","M","R","BOSS"],"build_version":"2019-01-23","purchased_purges":2,"victory":true,"max_hp_per_floor":[75,75,75,75,75,75,75,75,75,75,75,75,75,75,75,75,75,75,75,75,75,75,75,75,75,75,75,75,75,75,75,75,75,75,75,75,75,75,75,75,75,75,75,75,71,71,71,71,71,71],"card_choices":[{"not_picked":["Ball Lightning","Rebound"],"picked":"Coolheaded","floor":1.0},{"not_picked":["Ball Lightning","Coolheaded"],"picked":"Reinforced Body","floor":2.0},{"not_picked":["Doom and Gloom","Reprogram"],"picked":"Ball Lightning","floor":5.0},{"not_picked":["Compile Driver","Buffer"],"picked":"Glacier","floor":6.0},{"not_picked":["Stack+1","Steam Power+1"],"picked":"Turbo+1","floor":8.0},{"not_picked":["Stack+1","Streamline","Turbo+1"],"picked":"SKIP","floor":11.0},{"not_picked":["Beam Cell","Turbo+1"],"picked":"Compile Driver","floor":12.0},{"not_picked":["Sweeping Beam","Go for the Eyes"],"picked":"Redo+1","floor":13.0},{"not_picked":["Biased Cognition","Seek+1"],"picked":"Creative AI","floor":16.0},{"not_picked":["Stack+1","Redo+1"],"picked":"Blizzard","floor":18.0},{"not_picked":["Rebound","Beam Cell+1"],"picked":"Coolheaded+1","floor":20.0},{"not_picked":["Go for the Eyes","Steam+1"],"picked":"Core Surge","floor":24.0},{"not_picked":["Go for the Eyes","Capacitor"],"picked":"Consume+1","floor":28.0},{"not_picked":["Reprogram+1","Go for the Eyes","Streamline"],"picked":"SKIP","floor":29.0},{"not_picked":["Steam+1","Coolheaded+1"],"picked":"Reboot+1","floor":30.0},{"not_picked":["Machine Learning","Core Surge"],"picked":"Biased Cognition","floor":33.0},{"not_picked":["Static Discharge","Leap+1"],"picked":"Go for the Eyes+1","floor":35.0},{"not_picked":["Compile Driver","Undo+1"],"picked":"Self Repair","floor":36.0},{"not_picked":["Leap+1","Steam Power+1"],"picked":"Force Field+1","floor":37.0},{"not_picked":["Steam+1","Skim+1"],"picked":"Self Repair","floor":39.0},{"not_picked":["Stack+1","Rip and Tear+1"],"picked":"Glacier+1","floor":40.0},{"not_picked":["Go for the Eyes+1","Steam+1","Self Repair"],"picked":"SKIP","floor":44.0},{"not_picked":["Chaos+1","Stack+1","Rebound+1"],"picked":"SKIP","floor":48}],"player_experience":564815,"relics_obtained":[{"floor":6.0,"key":"Toxic Egg 2"},{"floor":8.0,"key":"Potion Belt"},{"floor":9.0,"key":"Boot"},{"floor":12.0,"key":"Centennial Puzzle"},{"floor":24.0,"key":"Matryoshka"},{"floor":26.0,"key":"Kunai"},{"floor":26.0,"key":"Bag of Preparation"},{"floor":30.0,"key":"Anchor"},{"floor":38.0,"key":"Torii"},{"floor":40.0,"key":"Bronze Scales"},{"floor":42.0,"key":"Gambling Chip"},{"floor":43.0,"key":"Orichalcum"},{"floor":43.0,"key":"Molten Egg 2"}],"event_choices":[{"damage_healed":0.0,"max_hp_gain":0.0,"max_hp_loss":0.0,"gold_gain":0.0,"event_name":"Shining Light","player_choice":"Entered Light","floor":3.0,"gold_loss":0.0,"damage_taken":15.0,"cards_upgraded":["Dualcast","Defend_B"]},{"cards_removed":["Strike_B"],"damage_healed":0.0,"max_hp_gain":0.0,"max_hp_loss":0.0,"gold_gain":0.0,"event_name":"Bonfire Elementals","player_choice":"Offered Basic","floor":4.0,"gold_loss":0.0,"damage_taken":0.0},{"damage_healed":0.0,"max_hp_gain":0.0,"max_hp_loss":0.0,"gold_gain":0.0,"event_name":"Vampires","player_choice":"Ignored","floor":19.0,"gold_loss":0.0,"damage_taken":0.0},{"damage_healed":0.0,"max_hp_gain":0.0,"max_hp_loss":0.0,"gold_gain":0.0,"event_name":"Back to Basics","player_choice":"Simplicity","floor":22.0,"gold_loss":0.0,"damage_taken":0.0,"cards_upgraded":["Strike_B","Strike_B","Defend_B","Defend_B","Defend_B"]},{"damage_healed":0.0,"max_hp_gain":0.0,"max_hp_loss":0.0,"gold_gain":0.0,"cards_transformed":["Strike_B"],"event_name":"Transmorgrifier","player_choice":"Transformed","floor":31.0,"gold_loss":0.0,"damage_taken":0.0,"cards_obtained":["Core Surge"]},{"damage_healed":0.0,"max_hp_gain":0.0,"max_hp_loss":0.0,"gold_gain":0.0,"event_name":"MindBloom","player_choice":"Fight","floor":38.0,"gold_loss":0.0,"damage_taken":0.0},{"damage_healed":0.0,"max_hp_gain":0.0,"max_hp_loss":0.0,"gold_gain":0.0,"event_name":"Mysterious Sphere","player_choice":"Fight","floor":42.0,"gold_loss":0.0,"damage_taken":0.0},{"damage_healed":0.0,"max_hp_gain":0.0,"max_hp_loss":4.0,"gold_gain":0.0,"event_name":"Winding Halls","player_choice":"Max HP","floor":45.0,"gold_loss":0.0,"damage_taken":0.0}],"is_beta":false,"boss_relics":[{"not_picked":["Ectoplasm","Empty Cage"],"picked":"FrozenCore"},{"not_picked":["Runic Pyramid","Calling Bell"],"picked":"Philosopher\u0027s Stone"}],"items_purged_floors":[14,46],"is_endless":false,"potions_floor_spawned":[5,11,13,16,20,29,30,33,35,38,39,44,48],"ascension_level":13}