{"gold_per_floor":[118,118,132,147,72,22,22,22,22,22,22,41,41,75,75,164,164,178,202,202],"floor_reached":20,"playtime":759,"items_purged":["Injury"],"score":366,"play_id":"30086de6-7423-4c41-96a9-6fc138991be4","local_time":"20190412192837","is_ascension_mode":true,"campfire_choices":[{"data":"Ball Lightning","floor":7,"key":"SMITH"},{"data":"Defend_B","floor":11,"key":"SMITH"},{"floor":13,"key":"REST"},{"floor":15,"key":"REST"}],"neow_cost":"NONE","seed_source_timestamp":32028029629502,"circlet_count":0,"master_deck":["AscendersBane","Strike_B","Strike_B+1","Strike_B","Defend_B+1","Defend_B","Defend_B","Zap","Dualcast+1","Fusion","Ball Lightning+1","Doom and Gloom","Multi-Cast","Double Energy"],"relics":["Snecko Eye","Golden Idol","Pantograph","Shovel","Inserter"],"potions_floor_usage":[16,18],"damage_taken":[{"damage":3,"enemies":"Small Slimes","floor":1,"turns":4},{"damage":3,"enemies":"Jaw Worm","floor":3,"turns":5},{"damage":10,"enemies":"2 Louse","floor":4,"turns":4},{"damage":4,"enemies":"Looter","floor":12,"turns":3},{"damage":12,"enemies":"3 Sentries","floor":14,"turns":4},{"damage":0,"enemies":"Slime Boss","floor":16,"turns":6},{"damage":30,"enemies":"2 Thieves","floor":18,"turns":3},{"damage":4,"enemies":"Chosen","floor":19,"turns":4},{"damage":31,"enemies":"Centurion and Healer","floor":20,"turns":4}],"seed_played":"6743961538896719563","potions_obtained":[{"floor":14,"key":"Swift Potion"},{"floor":16,"key":"Weak Potion"},{"floor":19,"key":"SpeedPotion"}],"is_trial":false,"path_per_floor":["M","?","M","M","$","?","R","?","T","?","R","M","R","E","R","B",null,"M","M","M"],"character_chosen":"DEFECT","items_purchased":[],"campfire_rested":2,"item_purchase_floors":[],"current_hp_per_floor":[65,65,62,52,52,52,52,37,37,30,30,26,48,36,58,75,75,45,41,10],"gold":202,"neow_bonus":"BOSS_RELIC","is_prod":false,"is_daily":false,"chose_seed":false,"campfire_upgraded":2,"win_rate":0,"timestamp":1555064917,"path_taken":["M","?","M","M","$","?","R","?","T","?","R","M","R","E","R","BOSS","M","M","M"],"build_version":"2019-01-23","purchased_purges":1,"victory":false,"max_hp_per_floor":[75,75,75,75,75,75,75,75,75,75,75,75,75,75,75,75,75,75,75,75],"card_choices":[{"not_picked":["Barrage","Steam","Beam Cell"],"picked":"SKIP","floor":1},{"not_picked":["Barrage","Hologram"],"picked":"Fusion","floor":3},{"not_picked":["Go for the Eyes","Rip and Tear"],"picked":"Ball Lightning","floor":4},{"not_picked":["Gash","Rebound"],"picked":"Doom and Gloom","floor":12},{"not_picked":["Beam Cell","Sweeping Beam","Steam"],"picked":"SKIP","floor":14},{"not_picked":["Seek","Amplify"],"picked":"Multi-Cast","floor":16},{"not_picked":["Leap+1","Gash"],"picked":"Double Energy","floor":18},{"not_picked":["Capacitor","Heatsinks","Redo"],"picked":"SKIP","floor":19}],"player_experience":558407,"relics_obtained":[{"floor":9,"key":"Pantograph"},{"floor":14,"key":"Shovel"}],"event_choices":[{"damage_healed":0,"gold_gain":0,"player_choice":"Take Wound","damage_taken":0,"relics_obtained":["Golden Idol"],"max_hp_gain":0,"max_hp_loss":0,"event_name":"Golden Idol","floor":2,"gold_loss":0,"cards_obtained":["Injury"]},{"cards_removed":["Strike_B"],"damage_healed":0,"gold_gain":0,"player_choice":"Card Removal","damage_taken":0,"max_hp_gain":0,"max_hp_loss":0,"event_name":"The Cleric","floor":6,"gold_loss":50},{"damage_healed":0,"gold_gain":0,"player_choice":"Entered Light","damage_taken":15,"max_hp_gain":0,"max_hp_loss":0,"event_name":"Shining Light","floor":8,"gold_loss":0,"cards_upgraded":["Dualcast","Strike_B"]},{"cards_removed":["Defend_B"],"damage_healed":0,"gold_gain":0,"player_choice":"Card Removal","damage_taken":7,"max_hp_gain":0,"max_hp_loss":0,"event_name":"Golden Wing","floor":10,"gold_loss":0}],"is_beta":false,"boss_relics":[{"not_picked":["Runic Pyramid","Black Star"],"picked":"Inserter"}],"items_purged_floors":[5],"is_endless":false,"potions_floor_spawned":[14,16,19],"killed_by":"Centurion and Healer","ascension_level":13}