{"gold_per_floor":[118,138,88,88,88,88,88,113,113,149,149,190,259,259],"floor_reached":14,"playtime":486,"items_purged":[],"score":123,"play_id":"fb67c59d-006a-4951-b671-8c3833f8aa21","local_time":"20190330013059","is_ascension_mode":true,"campfire_choices":[{"data":"Tempest","floor":7.0,"key":"SMITH"}],"neow_cost":"NONE","seed_source_timestamp":48122200151551,"circlet_count":0,"master_deck":["Strike_B","Strike_B","Strike_B","Defend_B","Defend_B","Defend_B","Defend_B","Zap","Dualcast","Tempest+1","Ball Lightning","Electrodynamics","Hologram+1","Ball Lightning"],"special_seed":0,"relics":["Cracked Core","NeowsBlessing","Golden Idol","DataDisk","Toxic Egg 2","Matryoshka","Darkstone Periapt","SsserpentHead","Centennial Puzzle"],"potions_floor_usage":[],"damage_taken":[{"damage":0.0,"enemies":"Jaw Worm","floor":1.0,"turns":1.0},{"damage":0.0,"enemies":"Small Slimes","floor":2.0,"turns":1.0},{"damage":0.0,"enemies":"2 Louse","floor":8.0,"turns":1.0},{"damage":8.0,"enemies":"Gremlin Nob","floor":10.0,"turns":3.0},{"damage":10.0,"enemies":"3 Sentries","floor":12.0,"turns":2.0},{"damage":8.0,"enemies":"Blue Slaver","floor":13.0,"turns":2.0},{"damage":18,"enemies":"Lots of Slimes","floor":14,"turns":1}],"seed_played":"-3896628623391521405","potions_obtained":[{"floor":1.0,"key":"LiquidBronze"},{"floor":10.0,"key":"Ancient Potion"},{"floor":13.0,"key":"Ancient Potion"}],"is_trial":false,"path_per_floor":["M","M","?","?","?","T","R","M","T","E","?","E","M","M"],"character_chosen":"DEFECT","items_purchased":[],"campfire_rested":0,"item_purchase_floors":[],"current_hp_per_floor":[75,75,75,69,44,44,44,44,44,36,36,26,18,0],"gold":259,"neow_bonus":"THREE_ENEMY_KILL","is_prod":false,"is_daily":false,"chose_seed":false,"campfire_upgraded":1,"win_rate":0,"timestamp":1553877059,"path_taken":["M","M","?","?","?","?","R","?","T","E","?","E","?","M"],"build_version":"2019-01-23","purchased_purges":0,"victory":false,"max_hp_per_floor":[75,75,75,69,69,69,69,69,69,69,69,69,69,69],"card_choices":[{"not_picked":["Sweeping Beam","Stack"],"picked":"Tempest","floor":1.0},{"not_picked":["Undo","Double Energy"],"picked":"Ball Lightning","floor":2.0},{"not_picked":["Stack+1","Rebound","Static Discharge"],"picked":"SKIP","floor":8.0},{"not_picked":["Reprogram+1","Chaos+1"],"picked":"Electrodynamics","floor":10.0},{"not_picked":["Skim+1","Cold Snap"],"picked":"Hologram+1","floor":12.0},{"not_picked":["Redo+1","Cold Snap"],"picked":"Ball Lightning","floor":13.0}],"player_experience":629551,"relics_obtained":[{"floor":6.0,"key":"Toxic Egg 2"},{"floor":9.0,"key":"Matryoshka"},{"floor":10.0,"key":"Darkstone Periapt"},{"floor":12.0,"key":"Centennial Puzzle"}],"event_choices":[{"cards_removed":["Strike_B"],"damage_healed":0.0,"max_hp_gain":0.0,"max_hp_loss":0.0,"gold_gain":0.0,"event_name":"The Cleric","player_choice":"Card Removal","floor":3.0,"gold_loss":50.0,"damage_taken":0.0},{"damage_healed":0.0,"max_hp_gain":0.0,"max_hp_loss":6.0,"gold_gain":0.0,"event_name":"Golden Idol","player_choice":"Lose Max HP","floor":4.0,"gold_loss":0.0,"damage_taken":0.0,"relics_obtained":["Golden Idol"]},{"damage_healed":0.0,"max_hp_gain":0.0,"max_hp_loss":0.0,"gold_gain":0.0,"event_name":"Scrap Ooze","player_choice":"Success","floor":5.0,"gold_loss":0.0,"damage_taken":25.0,"relics_obtained":["DataDisk"]},{"damage_healed":0.0,"max_hp_gain":0.0,"max_hp_loss":0.0,"gold_gain":0.0,"event_name":"FaceTrader","player_choice":"Trade","floor":11.0,"gold_loss":0.0,"damage_taken":0.0,"relics_obtained":["SsserpentHead"]}],"is_beta":false,"boss_relics":[],"items_purged_floors":[],"is_endless":false,"potions_floor_spawned":[1,10,13],"killed_by":"Lots of Slimes","ascension_level":5}