{"gold_per_floor":[219,233,72,147,161,161,190,190,216,232,232,246,271,271,271,364,364,378,378,411,411,411],"floor_reached":22,"playtime":1587,"items_purged":["Strike_G"],"score":493,"play_id":"c04335d5-4c1d-485e-87e6-f33bb333a131","local_time":"20190413130907","is_ascension_mode":true,"campfire_choices":[{"data":"Predator","floor":6.0,"key":"SMITH"},{"data":"Neutralize","floor":11.0,"key":"SMITH"},{"data":"Footwork","floor":15.0,"key":"SMITH"}],"neow_cost":"NONE","seed_source_timestamp":49551502712600,"circlet_count":0,"master_deck":["AscendersBane","Survivor","Neutralize+1","Well Laid Plans","Predator+1","Footwork+1","Deflect","Heel Hook+1","Heel Hook","Cloak And Dagger","PiercingWail","Tools of the Trade","Corpse Explosion","Dagger Spray","Dagger Throw","Catalyst","All Out Attack","Endless Agony","Crippling Poison","Choke","Sucker Punch","Footwork+1","Bite","Bite","Bite","Bite","Bite","PiercingWail+1"],"special_seed":0,"relics":["Ring of the Snake","Potion Belt","Golden Idol","Whetstone","Pandora\u0027s Box","Red Mask"],"potions_floor_usage":[],"damage_taken":[{"damage":7.0,"enemies":"Jaw Worm","floor":1.0,"turns":6.0},{"damage":1.0,"enemies":"Small Slimes","floor":2.0,"turns":5.0},{"damage":3.0,"enemies":"2 Louse","floor":5.0,"turns":3.0},{"damage":5.0,"enemies":"3 Sentries","floor":7.0,"turns":11.0},{"damage":1.0,"enemies":"Large Slime","floor":10.0,"turns":6.0},{"damage":3.0,"enemies":"Red Slaver","floor":12.0,"turns":3.0},{"damage":2.0,"enemies":"Looter","floor":13.0,"turns":3.0},{"damage":0.0,"enemies":"The Guardian","floor":16.0,"turns":15.0},{"damage":19.0,"enemies":"Spheric Guardian","floor":18.0,"turns":5.0},{"damage":26.0,"enemies":"Masked Bandits","floor":20.0,"turns":5.0},{"damage":25,"enemies":"Colosseum Slavers","floor":22,"turns":2}],"seed_played":"3468512865842745743","potions_obtained":[{"floor":1.0,"key":"Fire Potion"},{"floor":2.0,"key":"FearPotion"},{"floor":12.0,"key":"EssenceOfSteel"},{"floor":13.0,"key":"Dexterity Potion"}],"is_trial":false,"path_per_floor":["M","M","$","?","M","R","E","?","T","M","R","M","M","?","R","B",null,"M","?","?","$","?"],"character_chosen":"THE_SILENT","items_purchased":["Footwork"],"campfire_rested":0,"item_purchase_floors":[3],"current_hp_per_floor":[52,51,51,40,37,37,32,32,32,31,31,28,26,26,26,26,52,33,33,17,17,0],"gold":411,"neow_bonus":"HUNDRED_GOLD","is_prod":false,"is_daily":false,"chose_seed":false,"campfire_upgraded":3,"win_rate":0,"timestamp":1555175347,"path_taken":["M","M","$","?","M","R","E","?","T","M","R","M","M","?","R","BOSS","M","?","?","$","?"],"build_version":"2019-01-23","purchased_purges":1,"victory":false,"max_hp_per_floor":[66,66,66,66,66,66,66,60,60,60,60,60,60,60,60,60,60,60,42,42,42,42],"card_choices":[{"not_picked":["Expertise","Setup"],"picked":"Well Laid Plans","floor":1.0},{"not_picked":["Backstab","Cloak And Dagger"],"picked":"Predator","floor":2.0},{"not_picked":["Outmaneuver","All Out Attack"],"picked":"Deflect","floor":5.0},{"not_picked":["Phantasmal Killer","Deadly Poison"],"picked":"Heel Hook","floor":7.0},{"not_picked":["Calculated Gamble","Poisoned Stab"],"picked":"Heel Hook","floor":10.0},{"not_picked":["Acrobatics","Sucker Punch"],"picked":"Cloak And Dagger","floor":12.0},{"not_picked":["Skewer","Sucker Punch"],"picked":"PiercingWail","floor":13.0},{"not_picked":["Phantasmal Killer","Unload"],"picked":"Tools of the Trade","floor":16.0},{"not_picked":["Cloak And Dagger+1","Crippling Poison"],"picked":"Footwork+1","floor":18.0},{"not_picked":["Endless Agony","Cloak And Dagger"],"picked":"PiercingWail+1","floor":20.0}],"player_experience":306001,"relics_obtained":[{"floor":7.0,"key":"Potion Belt"},{"floor":9.0,"key":"Whetstone"},{"floor":20.0,"key":"Red Mask"}],"event_choices":[{"damage_healed":0.0,"max_hp_gain":0.0,"max_hp_loss":0.0,"gold_gain":75.0,"event_name":"World of Goop","player_choice":"Gather Gold","floor":4.0,"gold_loss":0.0,"damage_taken":11.0},{"damage_healed":0.0,"max_hp_gain":0.0,"max_hp_loss":6.0,"gold_gain":0.0,"event_name":"Golden Idol","player_choice":"Lose Max HP","floor":8.0,"gold_loss":0.0,"damage_taken":0.0,"relics_obtained":["Golden Idol"]},{"damage_healed":0.0,"max_hp_gain":0.0,"max_hp_loss":0.0,"gold_gain":0.0,"event_name":"Liars Game","player_choice":"Ignored","floor":14.0,"gold_loss":0.0,"damage_taken":0.0},{"damage_healed":0.0,"max_hp_gain":0.0,"max_hp_loss":18.0,"gold_gain":0.0,"event_name":"Vampires","player_choice":"Became a vampire","floor":19.0,"gold_loss":0.0,"damage_taken":0.0,"cards_obtained":["Bite","Bite","Bite","Bite","Bite"]},{"damage_healed":0.0,"max_hp_gain":0.0,"max_hp_loss":0.0,"gold_gain":0.0,"event_name":"Masked Bandits","player_choice":"Fought Bandits","floor":20.0,"gold_loss":0.0,"damage_taken":0.0},{"damage_healed":0,"gold_gain":0,"player_choice":"Fight","damage_taken":0,"max_hp_gain":0,"max_hp_loss":0,"event_name":"Colosseum","floor":22,"gold_loss":0}],"is_beta":false,"boss_relics":[{"not_picked":["Astrolabe","Calling Bell"],"picked":"Pandora\u0027s Box"}],"items_purged_floors":[3],"is_endless":false,"potions_floor_spawned":[1,2,12,13],"killed_by":"Colosseum Slavers","ascension_level":20}