{"gold_per_floor":[109,109,58,82,101,101,119,144,144,170,185,212,227,252,252,347,347,358,358,388,663,681,711,711,723,776,776,776],"floor_reached":28,"playtime":1293,"items_purged":[],"score":346,"play_id":"91eca9a6-2724-407c-b7c6-fa70ea116e23","local_time":"20190330194922","is_ascension_mode":true,"campfire_choices":[{"floor":6.0,"key":"REST"},{"data":"1","floor":15,"key":"LIFT"},{"floor":24,"key":"REST"},{"floor":27,"key":"REST"}],"neow_cost":"NONE","seed_source_timestamp":6126733432547,"circlet_count":0,"master_deck":["Strike_B","Strike_B","Strike_B","Strike_B","Defend_B","Defend_B","Defend_B","Defend_B","Zap","Dualcast","Tempest","Ball Lightning","Cold Snap","Chill","Echo Form","Sweeping Beam","Blizzard","Capacitor","Cold Snap","Force Field","Multi-Cast","Hologram+1","Shame","Regret","Recycle","Consume"],"special_seed":0,"relics":["Fusion Hammer","Darkstone Periapt","Oddly Smooth Stone","Girya","Kunai","Odd Mushroom","The Courier","Bottled Tornado","Inserter","Tiny Chest","Du-Vu Doll","Bag of Marbles"],"potions_floor_usage":[16],"damage_taken":[{"damage":8.0,"enemies":"2 Louse","floor":1.0,"turns":3.0},{"damage":0.0,"enemies":"Cultist","floor":5.0,"turns":3.0},{"damage":0.0,"enemies":"Jaw Worm","floor":7.0,"turns":3.0},{"damage":16.0,"enemies":"Lagavulin","floor":8.0,"turns":5.0},{"damage":6.0,"enemies":"The Mushroom Lair","floor":10.0,"turns":5.0},{"damage":0.0,"enemies":"Exordium Wildlife","floor":11.0,"turns":2.0},{"damage":1.0,"enemies":"3 Sentries","floor":12.0,"turns":5.0},{"damage":7.0,"enemies":"Blue Slaver","floor":13.0,"turns":4.0},{"damage":16,"enemies":"Lagavulin","floor":14,"turns":8},{"damage":20,"enemies":"Slime Boss","floor":16,"turns":7},{"damage":9,"enemies":"Chosen","floor":18,"turns":5},{"damage":9,"enemies":"Shell Parasite","floor":22,"turns":6},{"damage":48,"enemies":"Book of Stabbing","floor":23,"turns":7},{"damage":29,"enemies":"Snake Plant","floor":25,"turns":7},{"damage":28,"enemies":"Centurion and Healer","floor":28,"turns":2}],"seed_played":"2658498060267625064","potions_obtained":[{"floor":1.0,"key":"Poison Potion"},{"floor":10.0,"key":"Dexterity Potion"},{"floor":12.0,"key":"Energy Potion"},{"floor":16,"key":"SteroidPotion"},{"floor":18,"key":"Dexterity Potion"},{"floor":25,"key":"Energy Potion"}],"is_trial":false,"path_per_floor":["M","?","$","T","M","R","M","E","T","?","M","E","M","E","R","B",null,"M","?","?","?","M","E","R","M","T","R","M"],"character_chosen":"DEFECT","items_purchased":["Ball Lightning"],"campfire_rested":3,"item_purchase_floors":[3],"current_hp_per_floor":[60,60,60,60,60,75,75,59,59,53,53,52,45,29,29,9,59,50,50,56,62,53,5,31,2,2,28,0],"gold":776,"neow_bonus":"BOSS_RELIC","is_prod":false,"is_daily":false,"chose_seed":false,"campfire_upgraded":0,"win_rate":0,"timestamp":1553942962,"path_taken":["M","?","$","?","?","R","M","E","T","?","M","E","M","E","R","BOSS","M","?","?","?","?","E","R","M","T","R","M"],"build_version":"2019-01-23","purchased_purges":0,"victory":false,"max_hp_per_floor":[75,75,75,75,75,75,75,75,75,75,75,75,75,75,75,75,75,75,75,81,87,87,87,87,87,87,87,87],"card_choices":[{"not_picked":["Fusion","Barrage"],"picked":"Tempest","floor":1.0},{"not_picked":["Steam","Streamline"],"picked":"Cold Snap","floor":5.0},{"not_picked":["Scrape","Consume"],"picked":"Chill","floor":7.0},{"not_picked":["Melter","Fusion"],"picked":"Echo Form","floor":8.0},{"not_picked":["Consume","Leap"],"picked":"Sweeping Beam","floor":10.0},{"not_picked":["Turbo","Stack"],"picked":"Blizzard","floor":11.0},{"not_picked":["Auto Shields","Sweeping Beam"],"picked":"Capacitor","floor":12.0},{"not_picked":["Hologram","Barrage"],"picked":"Cold Snap","floor":13.0},{"not_picked":["Heatsinks","Multi-Cast"],"picked":"Force Field","floor":14},{"not_picked":["All For One","Meteor Strike"],"picked":"Multi-Cast","floor":16},{"not_picked":["Stack","Coolheaded"],"picked":"Hologram+1","floor":18},{"not_picked":["Doom and Gloom+1","Barrage","Turbo"],"picked":"SKIP","floor":22},{"not_picked":["Fusion","Capacitor"],"picked":"Recycle","floor":23},{"not_picked":["Steam+1","Recycle"],"picked":"Consume","floor":25}],"player_experience":645342,"relics_obtained":[{"floor":4.0,"key":"Oddly Smooth Stone"},{"floor":8.0,"key":"Girya"},{"floor":9.0,"key":"Kunai"},{"floor":10.0,"key":"Odd Mushroom"},{"floor":12.0,"key":"The Courier"},{"floor":14,"key":"Bottled Tornado"},{"floor":23,"key":"Du-Vu Doll"},{"floor":26,"key":"Bag of Marbles"}],"event_choices":[{"damage_healed":0.0,"max_hp_gain":0.0,"max_hp_loss":0.0,"gold_gain":0.0,"event_name":"WeMeetAgain","player_choice":"Gave Potion","floor":2.0,"gold_loss":0.0,"damage_taken":0.0,"relics_obtained":["Darkstone Periapt"]},{"damage_healed":0.0,"max_hp_gain":0.0,"max_hp_loss":0.0,"gold_gain":0.0,"event_name":"Mushrooms","player_choice":"Fought Mushrooms","floor":10.0,"gold_loss":0.0,"damage_taken":0.0},{"damage_healed":0,"gold_gain":0,"player_choice":"Ignored","damage_taken":0,"max_hp_gain":0,"max_hp_loss":0,"event_name":"Vampires","floor":19,"gold_loss":0},{"damage_healed":0,"gold_gain":0,"player_choice":"Stole Relic","damage_taken":0,"relics_obtained":["Tiny Chest"],"max_hp_gain":0,"max_hp_loss":0,"event_name":"Addict","floor":20,"gold_loss":0,"cards_obtained":["Shame"]},{"damage_healed":0,"gold_gain":275,"player_choice":"Desecrate","damage_taken":0,"max_hp_gain":0,"max_hp_loss":0,"event_name":"Golden Shrine","floor":21,"gold_loss":0,"cards_obtained":["Regret"]}],"is_beta":false,"boss_relics":[{"not_picked":["Runic Pyramid","Sozu"],"picked":"Inserter"}],"items_purged_floors":[],"is_endless":false,"potions_floor_spawned":[1,10,12,16,18,25],"killed_by":"Centurion and Healer","ascension_level":7}