{"gold_per_floor":[18,33,33,57,57,57,101,51,51,226,226,42,342,100,100,225,225,248,248,264,169,169,169,212,231,285,329,329,78,78,98,98,218,218,231,35,0,20,20,20,45,45,45,45,61,75,75,115,115,115],"floor_reached":51,"playtime":2244,"items_purged":["Doubt"],"score":759,"play_id":"650d4589-1fb9-4f43-839e-d198742c6caa","local_time":"20190415081629","is_ascension_mode":false,"campfire_choices":[{"data":"Bash","floor":6,"key":"SMITH"},{"data":"Disarm","floor":11,"key":"SMITH"},{"data":"Discovery","floor":15,"key":"SMITH"},{"data":"Limit Break","floor":23,"key":"SMITH"},{"data":"Corruption","floor":28,"key":"SMITH"},{"data":"Flame Barrier","floor":32,"key":"SMITH"},{"data":"Spot Weakness","floor":40,"key":"SMITH"},{"data":"Disarm","floor":42,"key":"SMITH"},{"data":"Shrug It Off","floor":44,"key":"SMITH"},{"data":"Rampage","floor":47,"key":"SMITH"},{"floor":49,"key":"REST"}],"neow_cost":"NO_GOLD","seed_source_timestamp":248681293327400,"circlet_count":0,"master_deck":["Strike_R+1","Strike_R+1","Strike_R+1","Strike_R+1","Defend_R+1","Defend_R+1","Defend_R+1","Defend_R+1","Bash+1","Metallicize","Disarm+1","Pummel+1","Shrug It Off+1","Metallicize","Discovery+1","Limit Break+1","Armaments+1","Uppercut+1","Shrug It Off","Rampage+1","RitualDagger","Flame Barrier+1","Spot Weakness+1","Corruption+1","Exhume","Pummel+1","Disarm+1","Ghostly Armor+1","Headbutt+1","Shrug It Off"],"relics":["Burning Blood","Golden Idol","Peace Pipe","Matryoshka","Bag of Marbles","Lantern","Old Coin","Mark of Pain","Singing Bowl","Bottled Lightning","Tiny Chest","Mercury Hourglass","Kunai","Blue Candle","Velvet Choker","ClockworkSouvenir","Red Mask","Pantograph","Ornamental Fan"],"potions_floor_usage":[16,24,24,27,31,33,48,50,50],"damage_taken":[{"damage":11,"enemies":"Jaw Worm","floor":1,"turns":5},{"damage":0,"enemies":"Small Slimes","floor":2,"turns":4},{"damage":1,"enemies":"2 Louse","floor":4,"turns":4},{"damage":21,"enemies":"Lagavulin","floor":7,"turns":10},{"damage":10,"enemies":"Hexaghost","floor":16,"turns":9},{"damage":4,"enemies":"Shell Parasite","floor":18,"turns":6},{"damage":1,"enemies":"Chosen","floor":20,"turns":6},{"damage":10,"enemies":"Gremlin Leader","floor":24,"turns":9},{"damage":9,"enemies":"Centurion and Healer","floor":25,"turns":6},{"damage":10,"enemies":"Book of Stabbing","floor":27,"turns":6},{"damage":0,"enemies":"Snecko","floor":31,"turns":3},{"damage":34,"enemies":"Champ","floor":33,"turns":15},{"damage":18,"enemies":"3 Darklings","floor":35,"turns":4},{"damage":7,"enemies":"Orb Walker","floor":38,"turns":3},{"damage":7,"enemies":"Jaw Worm Horde","floor":41,"turns":4},{"damage":6,"enemies":"Maw","floor":45,"turns":9},{"damage":6,"enemies":"Transient","floor":46,"turns":5},{"damage":22,"enemies":"Giant Head","floor":48,"turns":8},{"damage":15,"enemies":"Awakened One","floor":50,"turns":12}],"seed_played":"-6790658329685407264","potions_obtained":[{"floor":2,"key":"SkillPotion"},{"floor":4,"key":"GamblersBrew"},{"floor":16,"key":"Swift Potion"},{"floor":24,"key":"Dexterity Potion"},{"floor":25,"key":"SpeedPotion"},{"floor":27,"key":"AttackPotion"},{"floor":33,"key":"Swift Potion"},{"floor":35,"key":"GamblersBrew"},{"floor":45,"key":"Strength Potion"},{"floor":48,"key":"AttackPotion"}],"is_trial":false,"path_per_floor":["M","M","?","M","?","R","E","?","T","?","R","$","T","$","R","B",null,"M","?","M","$","?","R","E","M","T","E","R","$","T","M","R","B",null,"M","$","?","M","?","R","M","R","T","R","M","M","R","E","R","B",null],"character_chosen":"IRONCLAD","items_purchased":["Metallicize","Bag of Marbles","Discovery","LiquidBronze","Shrug It Off","Rampage","Kunai","ClockworkSouvenir"],"campfire_rested":1,"item_purchase_floors":[12,12,14,14,21,21,29,36],"current_hp_per_floor":[91,96,72,77,58,58,43,43,43,43,43,43,43,43,43,39,96,96,96,96,96,90,90,86,83,83,79,79,79,79,87,87,59,98,86,86,86,87,87,87,86,86,86,86,86,86,86,70,95,86],"gold":115,"neow_bonus":"TWENTY_PERCENT_HP_BONUS","is_prod":false,"is_daily":false,"chose_seed":false,"campfire_upgraded":10,"win_rate":1,"timestamp":1555341389,"path_taken":["M","M","?","M","?","R","E","?","T","?","R","$","?","$","R","BOSS","M","?","M","$","?","R","E","M","T","E","R","$","?","M","R","BOSS","M","$","?","M","?","R","M","R","T","R","M","M","R","E","R","BOSS"],"build_version":"2019-01-23","purchased_purges":1,"victory":true,"max_hp_per_floor":[96,96,96,96,96,96,96,96,96,96,96,96,96,96,96,96,96,96,96,96,96,96,96,96,96,96,96,96,96,96,98,98,98,98,98,98,98,100,95,95,95,95,95,95,95,95,95,95,95,95],"card_choices":[{"not_picked":["Wild Strike","Burning Pact"],"picked":"Metallicize","floor":1},{"not_picked":["Pommel Strike","Flex"],"picked":"Disarm","floor":2},{"not_picked":["Havoc","Heavy Blade"],"picked":"Pummel","floor":4},{"not_picked":["Dropkick","Havoc"],"picked":"Shrug It Off","floor":7},{"not_picked":["Berserk","Impervious"],"picked":"Limit Break","floor":16},{"not_picked":["Rupture","Cleave"],"picked":"Armaments+1","floor":18},{"not_picked":["Whirlwind","Pommel Strike"],"picked":"Uppercut+1","floor":20},{"not_picked":["Body Slam+1","Burning Pact"],"picked":"Flame Barrier","floor":24},{"not_picked":["Clash","Cleave"],"picked":"Spot Weakness","floor":25},{"not_picked":["Evolve+1","Warcry"],"picked":"Corruption","floor":27},{"not_picked":["Entrench","Clash","Cleave"],"picked":"Singing Bowl","floor":31},{"not_picked":["Reaper","Bludgeon"],"picked":"Exhume","floor":33},{"not_picked":["Body Slam","Burning Pact"],"picked":"Pummel+1","floor":35},{"not_picked":["Blood for Blood+1","Wild Strike","Power Through"],"picked":"Singing Bowl","floor":38},{"not_picked":["Combust+1","Sentinel+1"],"picked":"Disarm","floor":41},{"not_picked":["Warcry","Twin Strike+1"],"picked":"Ghostly Armor+1","floor":45},{"not_picked":["Sword Boomerang+1","Heavy Blade"],"picked":"Headbutt+1","floor":46},{"not_picked":["Berserk","Second Wind+1"],"picked":"Shrug It Off","floor":48}],"player_experience":353303,"relics_obtained":[{"floor":7,"key":"Peace Pipe"},{"floor":9,"key":"Matryoshka"},{"floor":13,"key":"Lantern"},{"floor":13,"key":"Old Coin"},{"floor":24,"key":"Singing Bowl"},{"floor":26,"key":"Bottled Lightning"},{"floor":26,"key":"Tiny Chest"},{"floor":27,"key":"Mercury Hourglass"},{"floor":30,"key":"Blue Candle"},{"floor":43,"key":"Pantograph"},{"floor":48,"key":"Ornamental Fan"}],"event_choices":[{"damage_healed":0,"gold_gain":0,"player_choice":"Take Damage","damage_taken":24,"relics_obtained":["Golden Idol"],"max_hp_gain":0,"max_hp_loss":0,"event_name":"Golden Idol","floor":3,"gold_loss":0},{"damage_healed":0,"gold_gain":0,"player_choice":"Entered Light","damage_taken":19,"max_hp_gain":0,"max_hp_loss":0,"event_name":"Shining Light","floor":5,"gold_loss":0,"cards_upgraded":["Pummel","Strike_R"]},{"cards_removed":["Strike_R"],"damage_healed":0,"gold_gain":0,"player_choice":"Card Removal","damage_taken":0,"max_hp_gain":0,"max_hp_loss":0,"event_name":"The Cleric","floor":8,"gold_loss":50},{"damage_healed":0,"gold_gain":175,"player_choice":"AGREE","damage_taken":0,"max_hp_gain":0,"max_hp_loss":0,"event_name":"Liars Game","floor":10,"gold_loss":0,"cards_obtained":["Doubt"]},{"damage_healed":0,"gold_gain":0,"player_choice":"Simplicity","damage_taken":0,"max_hp_gain":0,"max_hp_loss":0,"event_name":"Back to Basics","floor":19,"gold_loss":0,"cards_upgraded":["Strike_R","Strike_R","Strike_R","Defend_R","Defend_R","Defend_R","Defend_R"]},{"damage_healed":0,"gold_gain":0,"player_choice":"Joined the Cult","damage_taken":6,"max_hp_gain":0,"max_hp_loss":0,"event_name":"Nest","floor":22,"gold_loss":0,"cards_obtained":["RitualDagger"]},{"damage_healed":0,"gold_gain":0,"player_choice":"Paid","damage_taken":0,"relics_obtained":["Red Mask"],"max_hp_gain":0,"max_hp_loss":0,"event_name":"Tomb of Lord Red Mask","floor":37,"gold_loss":35},{"damage_healed":0,"gold_gain":0,"player_choice":"Max HP","damage_taken":0,"max_hp_gain":0,"max_hp_loss":5,"event_name":"Winding Halls","floor":39,"gold_loss":0}],"is_beta":false,"boss_relics":[{"not_picked":["Pandora\u0027s Box","Runic Pyramid"],"picked":"Mark of Pain"},{"not_picked":["Tiny House","Lizard Tail"],"picked":"Velvet Choker"}],"items_purged_floors":[14],"is_endless":false,"potions_floor_spawned":[2,4,16,24,25,27,33,35,45,48],"ascension_level":0}