{"gold_per_floor":[115,135,135,60,135,135,161,177,201,34,34,49,49,49],"floor_reached":14,"playtime":596,"items_purged":["Defend_G"],"score":176,"play_id":"1d369d1e-9899-4c1f-b8f4-5cda8166102a","local_time":"20190412142654","is_ascension_mode":true,"campfire_choices":[{"data":"Neutralize","floor":6.0,"key":"SMITH"},{"data":"Deflect","floor":13.0,"key":"SMITH"}],"neow_cost":"NONE","seed_source_timestamp":22614010744700,"circlet_count":0,"master_deck":["AscendersBane","Defend_G","Defend_G","Defend_G","Defend_G+1","Strike_G","Strike_G","Strike_G","Strike_G+1","Strike_G","Survivor","Neutralize+1","Dodge and Roll","Dodge and Roll","Blur","Deflect+1","Deflect"],"special_seed":0,"relics":["Ring of the Snake","Omamori","Blood Vial","Boot","Letter Opener"],"potions_floor_usage":[],"damage_taken":[{"damage":1.0,"enemies":"Small Slimes","floor":1.0,"turns":7.0},{"damage":2.0,"enemies":"2 Louse","floor":2.0,"turns":3.0},{"damage":21.0,"enemies":"Gremlin Nob","floor":7.0,"turns":4.0},{"damage":1.0,"enemies":"Jaw Worm","floor":8.0,"turns":6.0},{"damage":0.0,"enemies":"Blue Slaver","floor":12.0,"turns":5.0},{"damage":17,"enemies":"3 Sentries","floor":14,"turns":6}],"seed_played":"-8051890938786921926","potions_obtained":[{"floor":1.0,"key":"Poison Potion"},{"floor":2.0,"key":"SteroidPotion"}],"is_trial":false,"path_per_floor":["M","M","?","$","?","R","E","M","T","$","T","M","R","E"],"character_chosen":"THE_SILENT","items_purchased":["Boot"],"campfire_rested":0,"item_purchase_floors":[10],"current_hp_per_floor":[64,62,40,40,29,29,8,7,7,7,7,9,9,0],"gold":49,"neow_bonus":"TEN_PERCENT_HP_BONUS","is_prod":false,"is_daily":false,"chose_seed":false,"campfire_upgraded":2,"win_rate":0,"timestamp":1555093614,"path_taken":["M","M","?","$","?","R","E","M","T","$","?","M","R","E"],"build_version":"2019-01-23","purchased_purges":1,"victory":false,"max_hp_per_floor":[72,72,72,72,72,72,72,72,72,72,72,72,72,72],"card_choices":[{"not_picked":["Riddle With Holes","Reflex"],"picked":"Dodge and Roll","floor":1.0},{"not_picked":["Outmaneuver","Prepared"],"picked":"Dodge and Roll","floor":2.0},{"not_picked":["Prepared","Corpse Explosion"],"picked":"Blur","floor":7.0},{"not_picked":["Outmaneuver","Underhanded Strike"],"picked":"Deflect","floor":8.0},{"not_picked":["Underhanded Strike","Slice"],"picked":"Deflect","floor":12.0}],"player_experience":291000,"relics_obtained":[{"floor":7.0,"key":"Omamori"},{"floor":9.0,"key":"Blood Vial"},{"floor":11.0,"key":"Letter Opener"}],"event_choices":[{"damage_healed":0.0,"max_hp_gain":0.0,"max_hp_loss":0.0,"gold_gain":0.0,"event_name":"Shining Light","player_choice":"Entered Light","floor":3.0,"gold_loss":0.0,"damage_taken":22.0,"cards_upgraded":["Strike_G","Defend_G"]},{"damage_healed":0.0,"max_hp_gain":0.0,"max_hp_loss":0.0,"gold_gain":75.0,"event_name":"World of Goop","player_choice":"Gather Gold","floor":5.0,"gold_loss":0.0,"damage_taken":11.0}],"is_beta":false,"boss_relics":[],"items_purged_floors":[4],"is_endless":false,"potions_floor_spawned":[1,2],"killed_by":"3 Sentries","ascension_level":20}