{"gold_per_floor":[109,28,28,28,28,28,54,54,79,96,128,143,170,189,189,189],"floor_reached":16,"playtime":686,"items_purged":[],"score":286,"play_id":"327f003b-e063-434f-ab4e-82ba457deab3","local_time":"20190413094400","is_ascension_mode":true,"campfire_choices":[{"data":"Noxious Fumes","floor":6,"key":"SMITH"},{"data":"Neutralize","floor":8,"key":"SMITH"},{"data":"Dodge and Roll","floor":15,"key":"SMITH"}],"neow_cost":"NONE","seed_source_timestamp":38750042138700,"circlet_count":0,"master_deck":["AscendersBane","Defend_G","Defend_G","Defend_G","Defend_G","Defend_G","Strike_G","Strike_G","Strike_G","Strike_G","Survivor","Neutralize+1","PiercingWail","Noxious Fumes+1","Quick Slash","Quick Slash","Wraith Form v2","Dodge and Roll+1","Catalyst","PiercingWail"],"relics":["Ring of the Snake","NeowsBlessing","FossilizedHelix","Ancient Tea Set","Pocketwatch","Vajra"],"potions_floor_usage":[11,11,13],"damage_taken":[{"damage":0,"enemies":"Small Slimes","floor":1,"turns":1},{"damage":0,"enemies":"Lagavulin","floor":7,"turns":1},{"damage":0,"enemies":"Jaw Worm","floor":10,"turns":1},{"damage":3,"enemies":"Gremlin Nob","floor":11,"turns":4},{"damage":0,"enemies":"2 Louse","floor":12,"turns":2},{"damage":15,"enemies":"Lagavulin","floor":13,"turns":9},{"damage":0,"enemies":"2 Fungi Beasts","floor":14,"turns":4},{"damage":40,"enemies":"Hexaghost","floor":16,"turns":11}],"seed_played":"-5799417548762571143","potions_obtained":[{"floor":1,"key":"AttackPotion"},{"floor":7,"key":"Swift Potion"},{"floor":12,"key":"Ancient Potion"}],"is_trial":false,"path_per_floor":["M","$","?","$","?","R","E","R","T","M","E","M","E","M","R","B"],"character_chosen":"THE_SILENT","items_purchased":["Noxious Fumes"],"campfire_rested":0,"item_purchase_floors":[2],"current_hp_per_floor":[59,59,52,52,57,57,57,57,57,57,54,54,39,39,39,0],"gold":189,"neow_bonus":"THREE_ENEMY_KILL","is_prod":false,"is_daily":false,"chose_seed":false,"campfire_upgraded":3,"win_rate":0,"timestamp":1555163040,"path_taken":["M","$","?","$","?","R","E","R","T","M","E","M","E","M","R","BOSS"],"build_version":"2019-01-23","purchased_purges":0,"victory":false,"max_hp_per_floor":[66,66,66,66,71,71,71,71,71,71,71,71,71,71,71,71],"card_choices":[{"not_picked":["Escape Plan","Flying Knee"],"picked":"PiercingWail","floor":1},{"not_picked":["Heel Hook","Dodge and Roll"],"picked":"Quick Slash","floor":7},{"not_picked":["Underhanded Strike","Slice"],"picked":"Quick Slash","floor":10},{"not_picked":["Sucker Punch","Backflip"],"picked":"Wraith Form v2","floor":11},{"not_picked":["Flechettes","Sucker Punch"],"picked":"Dodge and Roll","floor":12},{"not_picked":["Prepared","Flying Knee"],"picked":"Catalyst","floor":13},{"not_picked":["Dodge and Roll","Outmaneuver"],"picked":"PiercingWail","floor":14}],"player_experience":300092,"relics_obtained":[{"floor":7,"key":"FossilizedHelix"},{"floor":9,"key":"Ancient Tea Set"},{"floor":11,"key":"Pocketwatch"},{"floor":13,"key":"Vajra"}],"event_choices":[{"cards_removed":["Strike_G"],"damage_healed":0,"gold_gain":0,"player_choice":"Card Removal","damage_taken":7,"max_hp_gain":0,"max_hp_loss":0,"event_name":"Golden Wing","floor":3,"gold_loss":0},{"damage_healed":0,"gold_gain":0,"player_choice":"Donut","damage_taken":0,"max_hp_gain":5,"max_hp_loss":0,"event_name":"Big Fish","floor":5,"gold_loss":0}],"is_beta":false,"boss_relics":[],"items_purged_floors":[],"is_endless":false,"potions_floor_spawned":[1,7,12],"killed_by":"Hexaghost","ascension_level":20}