{"gold_per_floor":[110,125,125,125,125,180,3,18,43,68,79,108,121,136,136,136],"floor_reached":16,"playtime":744,"items_purged":["Strike_G"],"score":265,"play_id":"3b8fc5f5-4785-4315-ab19-df33ef872354","local_time":"20190402225539","is_ascension_mode":true,"campfire_choices":[{"floor":15,"key":"REST"}],"neow_cost":"NONE","seed_source_timestamp":10944390795079,"circlet_count":0,"master_deck":["AscendersBane","Defend_G","Defend_G","Defend_G","Defend_G","Defend_G","Strike_G","Strike_G+1","Strike_G","Survivor","Neutralize","Dagger Throw+1","Quick Slash","Footwork","Deep Breath","Wraith Form v2","Cloak And Dagger","Poisoned Stab","Noxious Fumes"],"relics":["Ring of the Snake","NeowsBlessing","Tiny Chest","Whetstone","Bag of Preparation","Paper Crane"],"potions_floor_usage":[10,10,16],"damage_taken":[{"damage":0,"enemies":"2 Louse","floor":1,"turns":1},{"damage":0,"enemies":"Jaw Worm","floor":2,"turns":1},{"damage":0,"enemies":"Gremlin Nob","floor":6,"turns":1},{"damage":4,"enemies":"Cultist","floor":8,"turns":4},{"damage":10,"enemies":"Lagavulin","floor":10,"turns":6},{"damage":18,"enemies":"Exordium Thugs","floor":11,"turns":6},{"damage":17,"enemies":"Gremlin Nob","floor":12,"turns":5},{"damage":0,"enemies":"Large Slime","floor":13,"turns":7},{"damage":0,"enemies":"2 Fungi Beasts","floor":14,"turns":4},{"damage":23,"enemies":"The Guardian","floor":16,"turns":5}],"seed_played":"-8003267817998720708","potions_obtained":[{"floor":2,"key":"GamblersBrew"},{"floor":8,"key":"Energy Potion"},{"floor":12,"key":"Ancient Potion"},{"floor":13,"key":"PowerPotion"}],"is_trial":false,"path_per_floor":["M","M","?","$","?","E","$","M","T","E","M","E","M","M","R","B"],"character_chosen":"THE_SILENT","items_purchased":["Deep Breath"],"campfire_rested":1,"item_purchase_floors":[7],"current_hp_per_floor":[59,59,59,59,52,52,52,48,48,38,20,3,3,3,22,0],"gold":136,"neow_bonus":"THREE_ENEMY_KILL","is_prod":false,"is_daily":false,"chose_seed":false,"campfire_upgraded":0,"win_rate":0,"timestamp":1554213339,"path_taken":["M","M","?","$","?","E","$","M","T","E","M","E","?","M","R","BOSS"],"build_version":"2019-01-23","purchased_purges":1,"victory":false,"max_hp_per_floor":[66,66,66,66,66,66,66,66,66,66,66,66,66,66,66,66],"card_choices":[{"not_picked":["Blade Dance","Skewer"],"picked":"Dagger Throw","floor":1},{"not_picked":["Dodge and Roll","Calculated Gamble"],"picked":"Quick Slash","floor":2},{"not_picked":["Outmaneuver","Underhanded Strike"],"picked":"Footwork","floor":6},{"not_picked":["Predator","Skewer","Choke"],"picked":"SKIP","floor":8},{"not_picked":["Quick Slash","Acrobatics"],"picked":"Wraith Form v2","floor":10},{"not_picked":["Dash","Predator"],"picked":"Cloak And Dagger","floor":11},{"not_picked":["Riddle With Holes","Deadly Poison"],"picked":"Poisoned Stab","floor":12},{"not_picked":["Dash","Skewer","Expertise"],"picked":"SKIP","floor":13},{"not_picked":["Deflect","PiercingWail"],"picked":"Noxious Fumes","floor":14}],"player_experience":666862,"relics_obtained":[{"floor":6,"key":"Tiny Chest"},{"floor":9,"key":"Whetstone"},{"floor":10,"key":"Bag of Preparation"},{"floor":12,"key":"Paper Crane"}],"event_choices":[{"damage_healed":0,"gold_gain":0,"player_choice":"Leave","damage_taken":0,"max_hp_gain":0,"max_hp_loss":0,"event_name":"The Cleric","floor":3,"gold_loss":0},{"cards_removed":["Strike_G"],"damage_healed":0,"gold_gain":0,"player_choice":"Card Removal","damage_taken":7,"max_hp_gain":0,"max_hp_loss":0,"event_name":"Golden Wing","floor":5,"gold_loss":0}],"is_beta":false,"boss_relics":[],"items_purged_floors":[7],"is_endless":false,"potions_floor_spawned":[2,8,12,13],"killed_by":"The Guardian","ascension_level":16}