{"gold_per_floor":[117,117,192,192,192,207,357,38,38,38],"floor_reached":10,"playtime":277,"items_purged":["Doubt"],"score":103,"play_id":"8ee19f4c-d03f-4466-b926-f2888871706f","local_time":"20190321143715","is_ascension_mode":true,"campfire_choices":[],"neow_cost":"NONE","seed_source_timestamp":14207125040392,"circlet_count":0,"master_deck":["AscendersBane","Strike_R","Strike_R","Strike_R","Strike_R","Defend_R","Defend_R","Defend_R","Defend_R","Bash","Rampage","Shrug It Off","Evolve"],"special_seed":0,"relics":["Burning Blood","Juzu Bracelet","Potion Belt","Oddly Smooth Stone","Kunai"],"potions_floor_usage":[10,10],"damage_taken":[{"damage":15.0,"enemies":"2 Louse","floor":1.0,"turns":2.0},{"damage":2,"enemies":"Cultist","floor":6,"turns":4},{"damage":46,"enemies":"Gremlin Nob","floor":10,"turns":4}],"seed_played":"-1673217646573834794","potions_obtained":[{"floor":1,"key":"BloodPotion"},{"floor":4,"key":"PowerPotion"}],"is_trial":false,"path_per_floor":["M","?","?","?","?","M","?","$","T","E"],"character_chosen":"IRONCLAD","items_purchased":["Evolve","Oddly Smooth Stone"],"campfire_rested":0,"item_purchase_floors":[8,8],"current_hp_per_floor":[59,59,48,48,30,34,34,34,34,0],"gold":38,"neow_bonus":"RANDOM_COMMON_RELIC","is_prod":false,"is_daily":false,"chose_seed":false,"campfire_upgraded":0,"win_rate":0,"timestamp":1553146635,"path_taken":["M","?","?","?","?","M","?","?","T","E"],"build_version":"2019-01-23","purchased_purges":1,"victory":false,"max_hp_per_floor":[75,75,75,75,75,75,75,75,75,75],"card_choices":[{"not_picked":["Disarm","Sword Boomerang"],"picked":"Rampage","floor":1},{"not_picked":["Battle Trance","Whirlwind"],"picked":"Shrug It Off","floor":6}],"player_experience":487925,"relics_obtained":[{"floor":9,"key":"Kunai"}],"event_choices":[{"cards_removed":["Strike_R"],"damage_healed":0,"gold_gain":0,"player_choice":"Offered Basic","damage_taken":0,"max_hp_gain":0,"max_hp_loss":0,"event_name":"Bonfire Elementals","floor":2,"gold_loss":0},{"damage_healed":0,"gold_gain":75,"player_choice":"Gather Gold","damage_taken":11,"max_hp_gain":0,"max_hp_loss":0,"event_name":"World of Goop","floor":3,"gold_loss":0},{"damage_healed":0,"gold_gain":0,"player_choice":"Got Potions","damage_taken":0,"max_hp_gain":0,"max_hp_loss":0,"event_name":"Lab","floor":4,"gold_loss":0},{"damage_healed":0,"gold_gain":0,"player_choice":"Success","damage_taken":18,"relics_obtained":["Potion Belt"],"max_hp_gain":0,"max_hp_loss":0,"event_name":"Scrap Ooze","floor":5,"gold_loss":0},{"damage_healed":0,"gold_gain":150,"player_choice":"AGREE","damage_taken":0,"max_hp_gain":0,"max_hp_loss":0,"event_name":"Liars Game","floor":7,"gold_loss":0,"cards_obtained":["Doubt"]}],"is_beta":false,"boss_relics":[],"items_purged_floors":[8],"is_endless":false,"potions_floor_spawned":[1],"killed_by":"Gremlin Nob","ascension_level":18}