{"gold_per_floor":[113,123,140,12,30,30,64,94,94,109,109,124,124,135,135,236,236,246,146,146,146,61,61],"floor_reached":23,"playtime":1040,"items_purged":["Strike_B","Strike_B"],"score":296,"play_id":"53f0b58b-be39-4097-bb92-805f943b2a47","local_time":"20190410134007","is_ascension_mode":true,"campfire_choices":[{"data":"Zap","floor":6.0,"key":"SMITH"},{"floor":11.0,"key":"REST"},{"data":"Machine Learning","floor":13.0,"key":"SMITH"},{"floor":15.0,"key":"REST"}],"neow_cost":"TEN_PERCENT_HP_LOSS","seed_source_timestamp":13320631720060,"circlet_count":0,"master_deck":["AscendersBane","Strike_B","Strike_B","Defend_B","Defend_B","Defend_B","Zap+1","Dualcast","Electrodynamics","Glacier","Conserve Battery","Cold Snap","Coolheaded","Capacitor","Steam","Hologram","Barrage","Machine Learning+1","Reinforced Body","Creative AI","Storm"],"special_seed":0,"relics":["Cracked Core","Dead Branch","Odd Mushroom","WingedGreaves","Inserter","Incense Burner"],"potions_floor_usage":[23],"damage_taken":[{"damage":0.0,"enemies":"Cultist","floor":1.0,"turns":3.0},{"damage":8.0,"enemies":"Small Slimes","floor":2.0,"turns":4.0},{"damage":1.0,"enemies":"2 Louse","floor":3.0,"turns":2.0},{"damage":0.0,"enemies":"Blue Slaver","floor":5.0,"turns":5.0},{"damage":29.0,"enemies":"Gremlin Nob","floor":7.0,"turns":4.0},{"damage":5.0,"enemies":"The Mushroom Lair","floor":8.0,"turns":3.0},{"damage":7.0,"enemies":"3 Louse","floor":10.0,"turns":2.0},{"damage":13.0,"enemies":"Lots of Slimes","floor":12.0,"turns":2.0},{"damage":16.0,"enemies":"Exordium Thugs","floor":14.0,"turns":3.0},{"damage":6.0,"enemies":"The Guardian","floor":16.0,"turns":13.0},{"damage":24.0,"enemies":"Chosen","floor":18.0,"turns":6.0},{"damage":26,"enemies":"Book of Stabbing","floor":23,"turns":3}],"seed_played":"-697562436827295499","potions_obtained":[{"floor":2.0,"key":"SteroidPotion"},{"floor":7.0,"key":"Explosive Potion"},{"floor":8.0,"key":"LiquidBronze"},{"floor":10.0,"key":"Fruit Juice"},{"floor":14.0,"key":"AttackPotion"}],"is_trial":false,"path_per_floor":["M","M","M","$","M","R","E","?","T","M","R","M","R","M","R","B",null,"M","$","?","?","?","E"],"character_chosen":"DEFECT","items_purchased":["Coolheaded"],"campfire_rested":2,"item_purchase_floors":[4],"current_hp_per_floor":[68,60,59,59,59,59,30,25,25,23,44,31,31,15,36,30,62,38,38,38,25,25,0],"gold":61,"neow_bonus":"THREE_RARE_CARDS","is_prod":false,"is_daily":false,"chose_seed":false,"campfire_upgraded":2,"win_rate":0,"timestamp":1554871207,"path_taken":["M","?","M","$","M","R","E","?","T","M","R","M","R","M","R","BOSS","M","$","?","?","?","E"],"build_version":"2019-01-23","purchased_purges":2,"victory":false,"max_hp_per_floor":[68,68,68,68,68,68,68,68,68,73,73,73,73,73,73,73,73,73,73,73,78,78,78],"card_choices":[{"not_picked":["Meteor Strike","Biased Cognition"],"picked":"Electrodynamics","floor":0.0},{"not_picked":["Conserve Battery","Streamline"],"picked":"Glacier","floor":1.0},{"not_picked":["Steam","Rebound"],"picked":"Conserve Battery","floor":2.0},{"not_picked":["Lockon","Stack"],"picked":"Cold Snap","floor":3.0},{"not_picked":["Loop","Reinforced Body"],"picked":"Capacitor","floor":5.0},{"not_picked":["Turbo","Rebound"],"picked":"Steam","floor":7.0},{"not_picked":["Beam Cell","Go for the Eyes"],"picked":"Hologram","floor":8.0},{"not_picked":["Blizzard","Ball Lightning"],"picked":"Barrage","floor":10.0},{"not_picked":["Leap","Darkness"],"picked":"Machine Learning","floor":12.0},{"not_picked":["Redo","Hologram"],"picked":"Reinforced Body","floor":14.0},{"not_picked":["Buffer","Thunder Strike"],"picked":"Creative AI","floor":16.0},{"not_picked":["Go for the Eyes","Skim"],"picked":"Storm","floor":18.0}],"player_experience":536546,"relics_obtained":[{"floor":7.0,"key":"Dead Branch"},{"floor":8.0,"key":"Odd Mushroom"},{"floor":9.0,"key":"WingedGreaves"}],"event_choices":[{"damage_healed":0.0,"max_hp_gain":0.0,"max_hp_loss":0.0,"gold_gain":0.0,"event_name":"Mushrooms","player_choice":"Fought Mushrooms","floor":8.0,"gold_loss":0.0,"damage_taken":0.0},{"cards_removed":["Defend_B"],"damage_healed":0.0,"max_hp_gain":0.0,"max_hp_loss":0.0,"gold_gain":0.0,"event_name":"Back to Basics","player_choice":"Elegance","floor":20.0,"gold_loss":0.0,"damage_taken":0.0},{"damage_healed":0.0,"max_hp_gain":5.0,"max_hp_loss":0.0,"gold_gain":0.0,"event_name":"Forgotten Altar","player_choice":"Shed Blood","floor":21.0,"gold_loss":0.0,"damage_taken":18.0},{"damage_healed":0.0,"max_hp_gain":0.0,"max_hp_loss":0.0,"gold_gain":0.0,"event_name":"Addict","player_choice":"Obtained Relic","floor":22.0,"gold_loss":85.0,"damage_taken":0.0,"relics_obtained":["Incense Burner"]}],"is_beta":false,"boss_relics":[{"not_picked":["FrozenCore","Pandora\u0027s Box"],"picked":"Inserter"}],"items_purged_floors":[4,19],"is_endless":false,"potions_floor_spawned":[2,7,8,10,14],"killed_by":"Book of Stabbing","ascension_level":11}