{"gold_per_floor":[118,118,19,19,36,62,62,78,105,280,280,313,325,275,275,353,353,342,342,352,371,371,371],"floor_reached":23,"playtime":785,"items_purged":["Regret"],"score":381,"play_id":"3fbea567-56be-4d66-b042-9caf1cdc6ce1","local_time":"20190319182822","is_ascension_mode":true,"campfire_choices":[{"floor":11,"key":"REST"},{"floor":15,"key":"REST"}],"neow_cost":"NONE","seed_source_timestamp":371205432120240,"circlet_count":0,"master_deck":["AscendersBane","Strike_R","Strike_R","Strike_R","Strike_R","Defend_R","Defend_R","Defend_R","Defend_R","Bash","Wild Strike","Shrug It Off","Second Wind","Seeing Red","Warcry","Inflame","Feed","Body Slam","Second Wind","Shame"],"relics":["Burning Blood","NeowsBlessing","Art of War","WarpedTongs","Lantern","Bag of Preparation","Dream Catcher","Centennial Puzzle","Empty Cage","Incense Burner"],"potions_floor_usage":[12,16,16,23],"damage_taken":[{"damage":0,"enemies":"2 Louse","floor":1,"turns":1},{"damage":0,"enemies":"Cultist","floor":5,"turns":1},{"damage":0,"enemies":"3 Sentries","floor":6,"turns":1},{"damage":7,"enemies":"Jaw Worm","floor":8,"turns":3},{"damage":53,"enemies":"Gremlin Nob","floor":12,"turns":5},{"damage":8,"enemies":"3 Louse","floor":13,"turns":3},{"damage":35,"enemies":"The Guardian","floor":16,"turns":12},{"damage":25,"enemies":"2 Thieves","floor":18,"turns":4},{"damage":4,"enemies":"Chosen","floor":20,"turns":4},{"damage":19,"enemies":"Centurion and Healer","floor":21,"turns":7},{"damage":51,"enemies":"Book of Stabbing","floor":23,"turns":7}],"seed_played":"5668429453206826139","potions_obtained":[{"floor":5,"key":"GamblersBrew"},{"floor":8,"key":"LiquidBronze"},{"floor":12,"key":"SteroidPotion"},{"floor":16,"key":"Weak Potion"},{"floor":18,"key":"SpeedPotion"}],"is_trial":false,"path_per_floor":["M","?","$","?","M","E","?","M","T","?","R","E","M","?","R","B",null,"M","?","M","M","?","E"],"character_chosen":"IRONCLAD","items_purchased":["Shrug It Off"],"campfire_rested":2,"item_purchase_floors":[3],"current_hp_per_floor":[74,74,74,74,75,75,72,71,71,71,75,28,26,26,48,19,61,46,46,52,43,43,0],"gold":371,"neow_bonus":"THREE_ENEMY_KILL","is_prod":false,"is_daily":false,"chose_seed":false,"campfire_upgraded":0,"win_rate":0,"timestamp":1552987702,"path_taken":["M","?","$","?","?","E","?","M","T","?","R","E","M","?","R","BOSS","M","?","?","M","?","E"],"build_version":"2019-01-23","purchased_purges":1,"victory":false,"max_hp_per_floor":[75,75,75,75,75,75,75,75,75,75,75,75,75,75,75,75,75,79,79,83,87,87,87],"card_choices":[{"not_picked":["Armaments","Clash"],"picked":"Wild Strike","floor":1},{"not_picked":["Thunderclap","Clash"],"picked":"Second Wind","floor":5},{"not_picked":["Rage","Twin Strike"],"picked":"Seeing Red","floor":6},{"not_picked":["Warcry","Searing Blow","Thunderclap"],"picked":"SKIP","floor":8},{"not_picked":["Dual Wield","Flex"],"picked":"Warcry","floor":11},{"not_picked":["Perfected Strike","Rage"],"picked":"Inflame","floor":12},{"not_picked":["Pummel","Dropkick","Twin Strike"],"picked":"SKIP","floor":13},{"not_picked":["Berserk","Immolate"],"picked":"Feed","floor":16},{"not_picked":["Clothesline","Blood for Blood"],"picked":"Body Slam","floor":18},{"not_picked":["True Grit","Rupture","Perfected Strike"],"picked":"SKIP","floor":20},{"not_picked":["Clash","Perfected Strike","Headbutt"],"picked":"SKIP","floor":21}],"player_experience":440202,"relics_obtained":[{"floor":6,"key":"Lantern"},{"floor":9,"key":"Dream Catcher"},{"floor":12,"key":"Centennial Puzzle"}],"event_choices":[{"damage_healed":0,"gold_gain":0,"player_choice":"Box","damage_taken":0,"relics_obtained":["Art of War"],"max_hp_gain":0,"max_hp_loss":0,"event_name":"Big Fish","floor":2,"gold_loss":0,"cards_obtained":["Regret"]},{"damage_healed":0,"gold_gain":0,"player_choice":"Rummage","damage_taken":0,"relics_obtained":["WarpedTongs"],"max_hp_gain":0,"max_hp_loss":0,"event_name":"Accursed Blacksmith","floor":4,"gold_loss":0,"cards_obtained":["Pain"]},{"damage_healed":0,"gold_gain":0,"player_choice":"Success","damage_taken":3,"relics_obtained":["Bag of Preparation"],"max_hp_gain":0,"max_hp_loss":0,"event_name":"Scrap Ooze","floor":7,"gold_loss":0},{"damage_healed":0,"gold_gain":175,"player_choice":"AGREE","damage_taken":0,"max_hp_gain":0,"max_hp_loss":0,"event_name":"Liars Game","floor":10,"gold_loss":0,"cards_obtained":["Doubt"]},{"cards_removed":["Pain"],"damage_healed":0,"gold_gain":0,"player_choice":"Card Removal","damage_taken":0,"max_hp_gain":0,"max_hp_loss":0,"event_name":"The Cleric","floor":14,"gold_loss":50},{"damage_healed":0,"gold_gain":0,"player_choice":"Copied","damage_taken":0,"max_hp_gain":0,"max_hp_loss":0,"event_name":"Duplicator","floor":19,"gold_loss":0,"cards_obtained":["Second Wind"]},{"damage_healed":0,"gold_gain":0,"player_choice":"Stole Relic","damage_taken":0,"relics_obtained":["Incense Burner"],"max_hp_gain":0,"max_hp_loss":0,"event_name":"Addict","floor":22,"gold_loss":0,"cards_obtained":["Shame"]}],"is_beta":false,"boss_relics":[{"not_picked":["Runic Dome","Black Blood"],"picked":"Empty Cage"}],"items_purged_floors":[3],"is_endless":false,"potions_floor_spawned":[5,8,12,16,18,21],"killed_by":"Book of Stabbing","ascension_level":14}