{"gold_per_floor":[110,123,76,96,21,54,68,101,127,144,144,144,144,162,162,257,257,271,2,15,15,15,15],"floor_reached":23,"playtime":1696,"items_purged":["Zap"],"score":201,"play_id":"29dc214c-7afa-4d1c-b518-4b34708c9a01","local_time":"20190303111945","is_ascension_mode":false,"campfire_choices":[{"floor":11,"key":"REST"},{"floor":13,"key":"REST"},{"floor":15,"key":"REST"}],"neow_cost":"NONE","seed_source_timestamp":58525169647075,"circlet_count":0,"master_deck":["Strike_B","Strike_B","Strike_B","Strike_B","Defend_B","Defend_B+1","Defend_B","Defend_B","Gash","Chaos","Streamline","Gash","Beam Cell","Glacier","Reprogram+1","Steam","Genetic Algorithm","Thunder Strike","Chill","Gash","BootSequence","Steam+1"],"relics":["Sozu","Blood Vial","Happy Flower","Juzu Bracelet","Inserter","PreservedInsect","Bag of Marbles"],"potions_floor_usage":[],"damage_taken":[{"damage":6,"enemies":"Jaw Worm","floor":1,"turns":3},{"damage":3,"enemies":"Small Slimes","floor":2,"turns":4},{"damage":1,"enemies":"Cultist","floor":4,"turns":3},{"damage":35,"enemies":"Lagavulin","floor":6,"turns":6},{"damage":7,"enemies":"Blue Slaver","floor":7,"turns":3},{"damage":18,"enemies":"Gremlin Nob","floor":8,"turns":5},{"damage":0,"enemies":"Large Slime","floor":10,"turns":5},{"damage":18,"enemies":"Exordium Wildlife","floor":14,"turns":6},{"damage":35,"enemies":"Hexaghost","floor":16,"turns":13},{"damage":12,"enemies":"Chosen","floor":18,"turns":5},{"damage":20,"enemies":"2 Thieves","floor":20,"turns":5},{"damage":51,"enemies":"Book of Stabbing","floor":23,"turns":6}],"seed_played":"2406085323397781438","potions_obtained":[],"is_trial":false,"path_per_floor":["M","M","$","M","$","E","M","E","T","M","R","?","R","M","R","B",null,"M","$","M","?","?","E"],"character_chosen":"DEFECT","items_purchased":["Streamline","Gash","BootSequence","PreservedInsect"],"campfire_rested":3,"item_purchase_floors":[3,19,19,19],"current_hp_per_floor":[69,66,66,65,65,30,25,9,9,11,33,18,40,24,46,13,75,63,63,45,45,45,0],"gold":15,"neow_bonus":"BOSS_RELIC","is_prod":false,"is_daily":false,"chose_seed":false,"campfire_upgraded":0,"win_rate":0.0,"timestamp":1551579585,"path_taken":["M","M","$","M","$","E","M","E","T","M","R","?","R","M","R","BOSS","M","$","M","?","?","E"],"build_version":"2019-01-23","purchased_purges":1,"victory":false,"max_hp_per_floor":[75,75,75,75,75,75,75,75,75,75,75,75,75,75,75,75,75,75,75,75,75,75,75],"card_choices":[{"not_picked":["Streamline","Heatsinks"],"picked":"Gash","floor":1},{"not_picked":["Coolheaded","Redo"],"picked":"Chaos","floor":2},{"not_picked":["Ball Lightning","Go for the Eyes"],"picked":"Gash","floor":4},{"not_picked":["Machine Learning","Rebound"],"picked":"Beam Cell","floor":6},{"not_picked":["FTL","Rebound"],"picked":"Glacier","floor":7},{"not_picked":["Cold Snap","Barrage"],"picked":"Reprogram","floor":8},{"not_picked":["Stack","Cold Snap"],"picked":"Steam","floor":10},{"not_picked":["Hologram","Heatsinks"],"picked":"Genetic Algorithm","floor":14},{"not_picked":["Amplify","Biased Cognition"],"picked":"Thunder Strike","floor":16},{"not_picked":["Undo","Cold Snap"],"picked":"Chill","floor":18},{"not_picked":["Scrape","Leap"],"picked":"Steam+1","floor":20}],"player_experience":21714,"relics_obtained":[{"floor":6,"key":"Blood Vial"},{"floor":8,"key":"Happy Flower"},{"floor":9,"key":"Juzu Bracelet"}],"event_choices":[{"damage_healed":0,"gold_gain":0,"player_choice":"Entered Light","damage_taken":15,"max_hp_gain":0,"max_hp_loss":0,"event_name":"Shining Light","floor":12,"gold_loss":0,"cards_upgraded":["Defend_B","Reprogram"]},{"cards_removed":["Dualcast"],"damage_healed":0,"gold_gain":0,"player_choice":"Elegance","damage_taken":0,"max_hp_gain":0,"max_hp_loss":0,"event_name":"Back to Basics","floor":21,"gold_loss":0},{"damage_healed":0,"gold_gain":0,"player_choice":"Opened","damage_taken":0,"relics_obtained":["Bag of Marbles"],"max_hp_gain":0,"max_hp_loss":0,"event_name":"The Mausoleum","floor":22,"gold_loss":0}],"is_beta":false,"boss_relics":[{"not_picked":["Calling Bell","Empty Cage"],"picked":"Inserter"}],"items_purged_floors":[5],"is_endless":false,"potions_floor_spawned":[8,10,16,18],"killed_by":"Book of Stabbing","ascension_level":0}