{"gold_per_floor":[218,55,55,6,181,206,206,206,206,31,31,45,45,55,55,157,157,167,167,180,180,8,8,108,127,127,140,157,15,15],"floor_reached":30,"playtime":1470,"items_purged":["Defend_G","Writhe","Strike_G"],"score":226,"play_id":"2d7fbdd0-f1e1-4042-99d5-6f4dd33315fc","local_time":"20190322210339","is_ascension_mode":false,"campfire_choices":[{"data":"Cloak And Dagger","floor":7,"key":"SMITH"},{"data":"Blade Dance","floor":13,"key":"SMITH"},{"data":"Reflex","floor":15,"key":"SMITH"},{"data":"Cloak And Dagger","floor":23,"key":"SMITH"}],"neow_cost":"NONE","seed_source_timestamp":13224403587140,"circlet_count":0,"master_deck":["Defend_G","Defend_G+1","Defend_G","Defend_G","Strike_G","Strike_G","Strike_G+1","Strike_G","Survivor","Neutralize","Crippling Poison","Reflex","Slice","Cloak And Dagger+1","Tactician","Reflex+1","Dagger Throw","Well Laid Plans","Blade Dance+1","Outmaneuver","Tools of the Trade","Cloak And Dagger+1","Accuracy","Infinite Blades","Dagger Throw+1","Accuracy","Blade Dance"],"relics":["Ring of the Snake","Shuriken","WingedGreaves","Letter Opener","HoveringKite","Tingsha","Ginger","The Courier","Singing Bowl"],"potions_floor_usage":[24,30,30,30],"damage_taken":[{"damage":0,"enemies":"2 Louse","floor":1,"turns":3},{"damage":31,"enemies":"3 Sentries","floor":6,"turns":12},{"damage":0,"enemies":"Small Slimes","floor":12,"turns":3},{"damage":0,"enemies":"Cultist","floor":14,"turns":3},{"damage":21,"enemies":"Hexaghost","floor":16,"turns":9},{"damage":2,"enemies":"Chosen","floor":18,"turns":4},{"damage":18,"enemies":"Shell Parasite","floor":20,"turns":5},{"damage":10,"enemies":"Colosseum Slavers","floor":24,"turns":4},{"damage":4,"enemies":"Colosseum Nobs","floor":24,"turns":4},{"damage":17,"enemies":"Snake Plant","floor":25,"turns":3},{"damage":5,"enemies":"Cultist and Chosen","floor":27,"turns":4},{"damage":1,"enemies":"Centurion and Healer","floor":28,"turns":4},{"damage":6,"enemies":"Slavers","floor":30,"turns":1}],"seed_played":"-8799702322434587913","potions_obtained":[{"floor":6,"key":"FearPotion"},{"floor":14,"key":"GhostInAJar"},{"floor":27,"key":"Dexterity Potion"},{"floor":28,"key":"Explosive Potion"}],"is_trial":false,"path_per_floor":["M","$","?","$","?","E","R","?","T","$","?","M","R","M","R","B",null,"M","?","M","?","$","R","?","M","T","M","M","$","E"],"character_chosen":"THE_SILENT","items_purchased":["Reflex","Slice","Cloak And Dagger","Reflex","Dagger Throw","Well Laid Plans","Infinite Blades","Blade Dance"],"campfire_rested":0,"item_purchase_floors":[2,2,4,10,10,10,22,29],"current_hp_per_floor":[70,70,56,56,56,25,25,22,22,22,22,22,22,22,22,1,70,68,55,37,37,37,37,23,6,6,3,4,4,0],"gold":15,"neow_bonus":"HUNDRED_GOLD","is_prod":false,"is_daily":false,"chose_seed":false,"campfire_upgraded":4,"win_rate":0,"timestamp":1553256219,"path_taken":["M","$","?","$","?","E","R","?","T","$","?","?","R","?","R","BOSS","M","?","M","?","?","R","?","M","T","?","M","?","E"],"build_version":"2019-01-23","purchased_purges":3,"victory":false,"max_hp_per_floor":[70,70,70,70,70,70,70,70,70,70,70,70,70,70,70,70,70,70,75,75,75,75,75,75,75,75,77,79,79,79],"card_choices":[{"not_picked":["Poisoned Stab","Dash"],"picked":"Crippling Poison","floor":1},{"not_picked":["Expertise","PiercingWail"],"picked":"Tactician","floor":6},{"not_picked":["Deadly Poison","Caltrops"],"picked":"Blade Dance","floor":12},{"not_picked":["Leg Sweep","Bane"],"picked":"Outmaneuver","floor":14},{"not_picked":["Venomology","Bullet Time"],"picked":"Tools of the Trade","floor":16},{"not_picked":["Quick Slash","Expertise"],"picked":"Cloak And Dagger","floor":18},{"not_picked":["Endless Agony","Tactician"],"picked":"Accuracy","floor":20},{"not_picked":["Heel Hook","Underhanded Strike"],"picked":"Dagger Throw+1","floor":24},{"not_picked":["Choke+1","Caltrops"],"picked":"Accuracy","floor":25},{"not_picked":["Catalyst","Dodge and Roll","Eviscerate"],"picked":"Singing Bowl","floor":27},{"not_picked":["PiercingWail","Flying Knee","Sucker Punch+1"],"picked":"Singing Bowl","floor":28}],"player_experience":521957,"relics_obtained":[{"floor":6,"key":"Shuriken"},{"floor":9,"key":"Letter Opener"},{"floor":24,"key":"Ginger"},{"floor":24,"key":"The Courier"},{"floor":26,"key":"Singing Bowl"}],"event_choices":[{"damage_healed":0,"gold_gain":0,"player_choice":"Entered Light","damage_taken":14,"max_hp_gain":0,"max_hp_loss":0,"event_name":"Shining Light","floor":3,"gold_loss":0,"cards_upgraded":["Defend_G","Strike_G"]},{"damage_healed":0,"gold_gain":175,"player_choice":"AGREE","damage_taken":0,"max_hp_gain":0,"max_hp_loss":0,"event_name":"Liars Game","floor":5,"gold_loss":0,"cards_obtained":["Doubt"]},{"damage_healed":0,"gold_gain":0,"player_choice":"Success","damage_taken":3,"relics_obtained":["WingedGreaves"],"max_hp_gain":0,"max_hp_loss":0,"event_name":"Scrap Ooze","floor":8,"gold_loss":0},{"cards_removed":["Doubt"],"damage_healed":0,"gold_gain":0,"player_choice":"Removed Curses","damage_taken":0,"max_hp_gain":0,"max_hp_loss":0,"event_name":"Fountain of Cleansing","floor":11,"gold_loss":0},{"damage_healed":0,"gold_gain":0,"player_choice":"Shed Blood","damage_taken":18,"max_hp_gain":5,"max_hp_loss":0,"event_name":"Forgotten Altar","floor":19,"gold_loss":0},{"damage_healed":0,"gold_gain":0,"player_choice":"Opened","damage_taken":0,"relics_obtained":["Tingsha"],"max_hp_gain":0,"max_hp_loss":0,"event_name":"The Mausoleum","floor":21,"gold_loss":0,"cards_obtained":["Writhe"]},{"damage_healed":0,"gold_gain":0,"player_choice":"Fight","damage_taken":0,"max_hp_gain":0,"max_hp_loss":0,"event_name":"Colosseum","floor":24,"gold_loss":0},{"damage_healed":0,"gold_gain":0,"player_choice":"Fought Nobs","damage_taken":0,"max_hp_gain":0,"max_hp_loss":0,"event_name":"Colosseum","floor":24,"gold_loss":0}],"is_beta":false,"boss_relics":[{"not_picked":["Ring of the Serpent","Astrolabe"],"picked":"HoveringKite"}],"items_purged_floors":[2,22,29],"is_endless":false,"potions_floor_spawned":[6,14,24,27,28],"killed_by":"Slavers","ascension_level":0}