{"gold_per_floor":[360,360,52,64,34,69,69,69,69,69],"floor_reached":10,"playtime":234,"items_purged":[],"score":128,"play_id":"faeb7e8c-0790-4509-be62-28b838826eb7","local_time":"20190322173503","is_ascension_mode":true,"campfire_choices":[{"data":"Body Slam","floor":7,"key":"SMITH"}],"neow_cost":"CURSE","seed_source_timestamp":112511389632765,"circlet_count":0,"master_deck":["AscendersBane","Strike_R","Strike_R","Strike_R","Strike_R","Strike_R","Defend_R","Defend_R","Defend_R","Defend_R","Bash","Evolve","Sentinel","True Grit","Body Slam+1","Injury"],"relics":["Burning Blood","Question Card","Boot","Golden Idol","Ornamental Fan"],"potions_floor_usage":[6],"damage_taken":[{"damage":14,"enemies":"2 Louse","floor":1,"turns":3},{"damage":6,"enemies":"Cultist","floor":4,"turns":4},{"damage":55,"enemies":"Gremlin Nob","floor":6,"turns":5},{"damage":15,"enemies":"Small Slimes","floor":10,"turns":4}],"seed_played":"-6459466487944561106","potions_obtained":[{"floor":1,"key":"FearPotion"}],"is_trial":false,"path_per_floor":["M","?","$","M","$","E","R","?","T","M"],"character_chosen":"IRONCLAD","items_purchased":["Evolve","Question Card","True Grit"],"campfire_rested":0,"item_purchase_floors":[3,3,5],"current_hp_per_floor":[60,60,60,60,60,11,11,11,11,0],"gold":69,"neow_bonus":"TWO_FIFTY_GOLD","is_prod":false,"is_daily":false,"chose_seed":false,"campfire_upgraded":1,"win_rate":0,"timestamp":1553243703,"path_taken":["M","?","$","M","?","E","R","?","T","M"],"build_version":"2019-01-23","purchased_purges":0,"victory":false,"max_hp_per_floor":[75,75,75,75,75,75,75,75,75,75],"card_choices":[{"not_picked":["Hemokinesis","Clothesline","Rage"],"picked":"SKIP","floor":1},{"not_picked":["Flex","Thunderclap","Clash"],"picked":"Sentinel","floor":4},{"not_picked":["Iron Wave","Anger","Havoc"],"picked":"Body Slam","floor":6}],"player_experience":518002,"relics_obtained":[{"floor":6,"key":"Boot"},{"floor":9,"key":"Ornamental Fan"}],"event_choices":[{"cards_removed":["Writhe"],"damage_healed":0,"gold_gain":0,"player_choice":"Removed Curses","damage_taken":0,"max_hp_gain":0,"max_hp_loss":0,"event_name":"Fountain of Cleansing","floor":2,"gold_loss":0},{"damage_healed":0,"gold_gain":0,"player_choice":"Take Wound","damage_taken":0,"relics_obtained":["Golden Idol"],"max_hp_gain":0,"max_hp_loss":0,"event_name":"Golden Idol","floor":8,"gold_loss":0,"cards_obtained":["Injury"]}],"is_beta":false,"boss_relics":[],"items_purged_floors":[],"is_endless":false,"potions_floor_spawned":[1],"killed_by":"Small Slimes","ascension_level":20}