{"gold_per_floor":[119,134,134,49,49,49,76,7,7,25,59,78,78,94,94,199,199,211,211,211,129,140,140,174,194,194,205,130,130,161,173,173,270,270,284,284,93,93,106,124,124,135,135,150,161,161,92,112,112,112],"floor_reached":51,"playtime":3598,"items_purged":["Defend_R"],"score":1044,"play_id":"86c998c5-9dc3-4442-a999-40672672e3ae","local_time":"20190315181002","is_ascension_mode":true,"campfire_choices":[{"data":"Armaments","floor":6.0,"key":"SMITH"},{"floor":13.0,"key":"REST"},{"floor":15.0,"key":"REST"},{"data":"Evolve","floor":23.0,"key":"SMITH"},{"data":"Armaments","floor":29.0,"key":"SMITH"},{"data":"Second Wind","floor":32.0,"key":"SMITH"},{"floor":41,"key":"REST"},{"floor":46,"key":"REST"},{"floor":49,"key":"REST"}],"neow_cost":"NONE","seed_source_timestamp":21350580142453,"circlet_count":0,"master_deck":["Bash","Wild Strike","Armaments+1","Shrug It Off","Corruption","Demon Form","Dark Embrace","Wild Strike","Reaper","Clash","Infernal Blade","Wild Strike","Armaments+1","Feed","Warcry","Bite","Bite","Bite","Bite","Bite","Second Wind+1","Evolve+1","Feel No Pain+1","Armaments+1","Seeing Red+1","Inflame+1","Double Tap","Body Slam","Wild Strike","Clash+1","Impervious","Shrug It Off","Body Slam","Demon Form","Pummel","Battle Trance","Warcry+1","Fiend Fire"],"special_seed":0,"relics":["Burning Blood","NeowsBlessing","Regal Pillow","Dream Catcher","Vajra","Snecko Eye","Charon\u0027s Ashes","Sundial","Oddly Smooth Stone","Pandora\u0027s Box","ClockworkSouvenir","Torii"],"potions_floor_usage":[44,45,50,50],"damage_taken":[{"damage":0.0,"enemies":"Cultist","floor":1.0,"turns":1.0},{"damage":0.0,"enemies":"Jaw Worm","floor":2.0,"turns":1.0},{"damage":0.0,"enemies":"Gremlin Nob","floor":7.0,"turns":1.0},{"damage":3.0,"enemies":"Small Slimes","floor":10.0,"turns":5.0},{"damage":45.0,"enemies":"3 Sentries","floor":11.0,"turns":7.0},{"damage":10.0,"enemies":"Exordium Thugs","floor":12.0,"turns":4.0},{"damage":21.0,"enemies":"Blue Slaver","floor":14.0,"turns":5.0},{"damage":68.0,"enemies":"Slime Boss","floor":16.0,"turns":10.0},{"damage":7.0,"enemies":"Chosen","floor":18.0,"turns":3.0},{"damage":25.0,"enemies":"Spheric Guardian","floor":22.0,"turns":4.0},{"damage":32.0,"enemies":"Book of Stabbing","floor":24.0,"turns":4.0},{"damage":9.0,"enemies":"Centurion and Healer","floor":25.0,"turns":2.0},{"damage":17.0,"enemies":"Cultist and Chosen","floor":27.0,"turns":5.0},{"damage":43.0,"enemies":"Slavers","floor":30.0,"turns":4.0},{"damage":0.0,"enemies":"Snecko","floor":31.0,"turns":4.0},{"damage":19.0,"enemies":"Collector","floor":33.0,"turns":6.0},{"damage":46.0,"enemies":"3 Shapes","floor":35.0,"turns":3.0},{"damage":0,"enemies":"3 Darklings","floor":39,"turns":4},{"damage":31,"enemies":"Sphere and 2 Shapes","floor":40,"turns":4},{"damage":36,"enemies":"Jaw Worm Horde","floor":42,"turns":4},{"damage":29,"enemies":"Transient","floor":44,"turns":5},{"damage":50,"enemies":"Sphere and 2 Shapes","floor":45,"turns":7},{"damage":41,"enemies":"Jaw Worm Horde","floor":48,"turns":4},{"damage":47,"enemies":"Donu and Deca","floor":50,"turns":6}],"seed_played":"3671667668981689061","potions_obtained":[{"floor":2.0,"key":"GamblersBrew"},{"floor":12.0,"key":"SkillPotion"},{"floor":16.0,"key":"Block Potion"},{"floor":22.0,"key":"FearPotion"},{"floor":30.0,"key":"GamblersBrew"},{"floor":31.0,"key":"AttackPotion"},{"floor":39,"key":"Ancient Potion"},{"floor":42,"key":"Energy Potion"},{"floor":44,"key":"Regen Potion"},{"floor":45,"key":"Explosive Potion"}],"is_trial":false,"path_per_floor":["M","M","?","$","?","R","E","$","T","M","E","M","R","M","R","B",null,"M","?","?","$","M","R","E","M","T","M","$","R","E","M","R","B",null,"M","?","$","?","M","M","R","M","T","M","M","R","$","M","R","B",null],"character_chosen":"IRONCLAD","items_purchased":["Shrug It Off","Corruption","Dark Embrace","Second Wind","ClockworkSouvenir","Battle Trance"],"campfire_rested":5,"item_purchase_floors":[4,4,8,21,37,47],"current_hp_per_floor":[78,80,80,80,80,80,80,80,80,80,41,37,76,63,80,56,74,80,56,56,56,51,51,57,59,59,54,54,54,39,53,53,66,66,29,29,29,29,72,59,72,55,55,60,50,76,76,55,79,65],"gold":112,"neow_bonus":"THREE_ENEMY_KILL","is_prod":false,"is_daily":false,"chose_seed":false,"campfire_upgraded":4,"win_rate":0,"timestamp":1552641002,"path_taken":["M","M","?","?","?","R","E","$","T","M","E","?","R","M","R","BOSS","M","?","?","$","M","R","E","M","T","?","$","R","E","M","R","BOSS","M","?","$","?","M","?","R","M","T","M","M","R","$","M","R","BOSS"],"build_version":"2019-01-23","purchased_purges":1,"victory":true,"max_hp_per_floor":[80,80,80,80,80,80,80,80,80,80,80,80,80,80,80,80,80,80,56,56,56,59,59,59,59,59,62,62,62,62,62,62,66,66,69,69,69,69,72,72,72,76,76,76,76,76,76,79,79,79],"card_choices":[{"not_picked":["Shrug It Off","Armaments"],"picked":"Wild Strike","floor":1.0},{"not_picked":["Flex","Clothesline"],"picked":"Armaments","floor":2.0},{"not_picked":["Shrug It Off","Flex"],"picked":"Demon Form","floor":7.0},{"not_picked":["Pommel Strike","Corruption"],"picked":"Wild Strike","floor":10.0},{"not_picked":["Havoc","Twin Strike"],"picked":"Reaper","floor":11.0},{"not_picked":["Spot Weakness","Cleave"],"picked":"Clash","floor":12.0},{"not_picked":["Sever Soul","Shockwave"],"picked":"Infernal Blade","floor":13.0},{"not_picked":["Shockwave","Flex"],"picked":"Wild Strike","floor":14.0},{"not_picked":["Thunderclap","Sword Boomerang"],"picked":"Armaments","floor":15.0},{"not_picked":["Brutality","Limit Break"],"picked":"Feed","floor":16.0},{"not_picked":["Twin Strike","Anger"],"picked":"Warcry","floor":18.0},{"not_picked":["Infernal Blade","Rampage"],"picked":"Evolve","floor":22.0},{"not_picked":["Searing Blow+1","Clothesline+1"],"picked":"Feel No Pain+1","floor":24.0},{"not_picked":["Flex","Heavy Blade+1"],"picked":"Armaments+1","floor":25.0},{"not_picked":["Armaments","Havoc"],"picked":"Seeing Red+1","floor":27.0},{"not_picked":["Hemokinesis","Heavy Blade"],"picked":"Fire Breathing+1","floor":30.0},{"not_picked":["Limit Break","Heavy Blade"],"picked":"Inflame+1","floor":31.0},{"not_picked":["Immolate","Exhume"],"picked":"Double Tap","floor":33.0},{"not_picked":["Havoc","Entrench+1"],"picked":"Clash+1","floor":35.0},{"not_picked":["Warcry","Armaments+1","Cleave+1"],"picked":"SKIP","floor":39},{"not_picked":["Thunderclap","Anger+1","Armaments"],"picked":"SKIP","floor":40},{"not_picked":["Perfected Strike","Clash+1"],"picked":"Shrug It Off","floor":41},{"not_picked":["Thunderclap","Iron Wave+1","Dropkick+1"],"picked":"SKIP","floor":42},{"not_picked":["Shockwave","Warcry"],"picked":"Body Slam","floor":44},{"not_picked":["Rupture","Anger"],"picked":"Demon Form","floor":45},{"not_picked":["Sword Boomerang+1","Pommel Strike"],"picked":"Pummel","floor":46},{"not_picked":["Hemokinesis+1","Twin Strike"],"picked":"Warcry+1","floor":48},{"not_picked":["Ghostly Armor","Sword Boomerang"],"picked":"Fiend Fire","floor":49}],"player_experience":380946,"relics_obtained":[{"floor":7.0,"key":"Regal Pillow"},{"floor":9.0,"key":"Dream Catcher"},{"floor":11.0,"key":"Vajra"},{"floor":24.0,"key":"Charon\u0027s Ashes"},{"floor":26.0,"key":"Sundial"},{"floor":30.0,"key":"Oddly Smooth Stone"},{"floor":43,"key":"Torii"}],"event_choices":[{"cards_removed":["Strike_R"],"damage_healed":0.0,"max_hp_gain":0.0,"max_hp_loss":0.0,"gold_gain":0.0,"event_name":"Wheel of Change","player_choice":"Card Removal","floor":3.0,"gold_loss":0.0,"damage_taken":0.0},{"damage_healed":0.0,"max_hp_gain":0.0,"max_hp_loss":0.0,"gold_gain":0.0,"event_name":"The Cleric","player_choice":"Leave","floor":5.0,"gold_loss":0.0,"damage_taken":0.0},{"damage_healed":0.0,"max_hp_gain":0.0,"max_hp_loss":24.0,"gold_gain":0.0,"event_name":"Vampires","player_choice":"Became a vampire","floor":19.0,"gold_loss":0.0,"damage_taken":0.0,"cards_obtained":["Bite","Bite","Bite","Bite","Bite"]},{"cards_removed":["Defend_R"],"damage_healed":0.0,"max_hp_gain":0.0,"max_hp_loss":0.0,"gold_gain":0.0,"event_name":"Purifier","player_choice":"Purged","floor":20.0,"gold_loss":0.0,"damage_taken":0.0},{"damage_healed":0.0,"max_hp_gain":0.0,"max_hp_loss":0.0,"gold_gain":0.0,"event_name":"Tomb of Lord Red Mask","player_choice":"Ignored","floor":36.0,"gold_loss":0.0,"damage_taken":0.0},{"damage_healed":0.0,"max_hp_gain":0.0,"max_hp_loss":0.0,"gold_gain":0.0,"cards_transformed":["Fire Breathing"],"event_name":"Transmorgrifier","player_choice":"Transformed","floor":38.0,"gold_loss":0.0,"damage_taken":0.0,"cards_obtained":["Impervious"]}],"is_beta":false,"boss_relics":[{"not_picked":["Astrolabe","Fusion Hammer"],"picked":"Snecko Eye"},{"not_picked":["Runic Pyramid","Eternal Feather"],"picked":"Pandora\u0027s Box"}],"items_purged_floors":[28],"is_endless":false,"potions_floor_spawned":[2,12,16,22,30,31,39,42,44,45],"ascension_level":8}