{"gold_per_floor":[117,117,131,22,34,34,66,81,81,81,101,131,131,146,146,244,244,234,252,252],"floor_reached":20,"playtime":1395,"items_purged":["Strike_R"],"score":211,"play_id":"7cc18809-4819-4741-b269-1b2869b77ad9","local_time":"20190408223328","is_ascension_mode":false,"campfire_choices":[{"data":"Bash","floor":6.0,"key":"SMITH"},{"data":"Corruption","floor":13,"key":"SMITH"},{"data":"Feed","floor":15,"key":"SMITH"}],"neow_cost":"NONE","seed_source_timestamp":0,"circlet_count":0,"master_deck":["Strike_R","Strike_R","Defend_R","Defend_R","Defend_R","Defend_R","Bash+1","Cleave","Corruption+1","Inflame","Rampage","Clash","Rupture+1","Pain","Shrug It Off","Clothesline","Feed+1","Juggernaut+1","Infernal Blade","Headbutt"],"special_seed":0,"relics":["Burning Blood","NeowsBlessing","Frozen Egg 2","Meat on the Bone","WarpedTongs","Pen Nib","Empty Cage"],"potions_floor_usage":[12,12,18],"damage_taken":[{"damage":0.0,"enemies":"Small Slimes","floor":1.0,"turns":1.0},{"damage":0.0,"enemies":"Cultist","floor":3.0,"turns":1.0},{"damage":0.0,"enemies":"Jaw Worm","floor":5.0,"turns":1.0},{"damage":21.0,"enemies":"Lagavulin","floor":7.0,"turns":7.0},{"damage":5.0,"enemies":"Looter","floor":8.0,"turns":3.0},{"damage":13.0,"enemies":"Exordium Wildlife","floor":11.0,"turns":4.0},{"damage":3,"enemies":"Gremlin Nob","floor":12,"turns":3},{"damage":22,"enemies":"Exordium Thugs","floor":14,"turns":4},{"damage":31,"enemies":"Hexaghost","floor":16,"turns":7},{"damage":24,"enemies":"2 Thieves","floor":18,"turns":4},{"damage":25,"enemies":"Spheric Guardian","floor":19,"turns":4},{"damage":51,"enemies":"Snake Plant","floor":20,"turns":5}],"seed_played":"-6379919384148385583","potions_obtained":[{"floor":3.0,"key":"Dexterity Potion"},{"floor":5.0,"key":"SteroidPotion"},{"floor":8.0,"key":"SpeedPotion"},{"floor":12,"key":"PowerPotion"},{"floor":16,"key":"Energy Potion"}],"is_trial":false,"path_per_floor":["M","?","M","$","M","R","E","M","T","?","M","E","R","M","R","B",null,"M","M","M"],"character_chosen":"IRONCLAD","items_purchased":["Inflame"],"campfire_rested":0,"item_purchase_floors":[4],"current_hp_per_floor":[80,80,80,80,80,80,65,66,66,66,59,62,62,58,58,49,84,70,51,0],"gold":252,"neow_bonus":"THREE_ENEMY_KILL","is_prod":false,"is_daily":false,"chose_seed":false,"campfire_upgraded":3,"win_rate":0,"timestamp":1554788008,"path_taken":["M","?","?","?","M","R","E","M","T","?","M","E","R","M","R","BOSS","M","?","M"],"build_version":"2019-01-23","purchased_purges":1,"victory":false,"max_hp_per_floor":[80,80,80,80,80,80,80,80,80,80,80,80,80,80,80,84,84,88,88,88],"card_choices":[{"not_picked":["Body Slam","Anger"],"picked":"Cleave","floor":1.0},{"not_picked":["Dual Wield","Warcry"],"picked":"Corruption","floor":3.0},{"not_picked":["Body Slam","Flex"],"picked":"Rampage","floor":5.0},{"not_picked":["Cleave","Twin Strike"],"picked":"Clash","floor":7.0},{"not_picked":["Havoc","Wild Strike"],"picked":"Rupture+1","floor":8.0},{"not_picked":["Body Slam","Pommel Strike"],"picked":"Shrug It Off","floor":11.0},{"not_picked":["Perfected Strike","Twin Strike"],"picked":"Clothesline","floor":12},{"not_picked":["Twin Strike","Armaments"],"picked":"Feed","floor":14},{"not_picked":["Double Tap","Exhume"],"picked":"Juggernaut+1","floor":16},{"not_picked":["Wild Strike","Battle Trance","Infernal Blade"],"picked":"SKIP","floor":18},{"not_picked":["Wild Strike","Battle Trance"],"picked":"Infernal Blade","floor":18},{"not_picked":["Pommel Strike+1","Rampage+1"],"picked":"Headbutt","floor":19}],"player_experience":139889,"relics_obtained":[{"floor":7.0,"key":"Frozen Egg 2"},{"floor":9.0,"key":"Meat on the Bone"},{"floor":12,"key":"Pen Nib"}],"event_choices":[{"damage_healed":0.0,"max_hp_gain":0.0,"max_hp_loss":0.0,"gold_gain":0.0,"event_name":"Match and Keep!","player_choice":"0 cards matched","floor":2.0,"gold_loss":0.0,"damage_taken":0.0,"cards_obtained":[]},{"damage_healed":0.0,"max_hp_gain":0.0,"max_hp_loss":0.0,"gold_gain":0.0,"event_name":"Accursed Blacksmith","player_choice":"Rummage","floor":10.0,"gold_loss":0.0,"damage_taken":0.0,"relics_obtained":["WarpedTongs"],"cards_obtained":["Pain"]}],"is_beta":false,"boss_relics":[{"not_picked":["White Beast Statue","Velvet Choker"],"picked":"Empty Cage"}],"items_purged_floors":[4],"is_endless":false,"potions_floor_spawned":[3,5,8,12,16],"killed_by":"Snake Plant","ascension_level":0}