{"gold_per_floor":[19,19,34,51,62,89,109,135,147,173,185,211,238,282,294,401,413,439,451,480,492,70,105,105,122,122,139,172,172,203,223,223,328,328,343,73,85,0,14,43,43,75,157,157,176,176,186,186,186,186,186,186,41,75,75],"floor_reached":56,"playtime":4331,"items_purged":[],"score":1491,"play_id":"d61a9a9a-4975-45b6-840d-f46527adb557","local_time":"20190414013345","is_ascension_mode":false,"campfire_choices":[{"data":"Fiend Fire","floor":11.0,"key":"SMITH"},{"data":"Juggernaut","floor":15.0,"key":"SMITH"},{"data":"Second Wind","floor":24.0,"key":"SMITH"},{"data":"Disarm","floor":29.0,"key":"SMITH"},{"data":"Whirlwind","floor":32.0,"key":"SMITH"},{"data":"Corruption","floor":44,"key":"SMITH"},{"floor":46,"key":"RECALL"},{"data":"Clothesline","floor":49,"key":"SMITH"},{"data":"True Grit","floor":52,"key":"SMITH"}],"neow_cost":"NO_GOLD","seed_source_timestamp":136014005520000,"circlet_count":0,"master_deck":["Strike_R","Strike_R","Strike_R","Strike_R","Strike_R","Defend_R","Defend_R","Defend_R","Defend_R","Bash","Juggernaut+1","Clothesline+1","True Grit+1","True Grit","Shrug It Off","Fiend Fire+1","Headbutt","Metallicize","Evolve","Pommel Strike","Feed","Disarm+1","Feel No Pain","Second Wind+1","Disarm","Iron Wave+1","Ghostly Armor+1","Armaments+1","Dual Wield+1","Whirlwind+1","Offering+1","Armaments+1","Corruption","Dual Wield+1","Corruption+1","Decay","True Grit+1","Disarm+1","Shockwave+1","Seeing Red+1","Exhume+1"],"special_seed":0,"relics":["Burning Blood","Bag of Marbles","MawBank","StoneCalendar","Pantograph","Snecko Eye","Art of War","FossilizedHelix","Dead Branch","Toxic Egg 2","Torii","Ancient Tea Set","Busted Crown","ClockworkSouvenir","Red Mask","Blue Candle","Red Skull","Orichalcum"],"potions_floor_usage":[],"damage_taken":[{"damage":1.0,"enemies":"Jaw Worm","floor":1.0,"turns":5.0},{"damage":0.0,"enemies":"Cultist","floor":3.0,"turns":4.0},{"damage":10.0,"enemies":"Small Slimes","floor":4.0,"turns":4.0},{"damage":2.0,"enemies":"Blue Slaver","floor":5.0,"turns":6.0},{"damage":18.0,"enemies":"Lagavulin","floor":6.0,"turns":10.0},{"damage":1.0,"enemies":"3 Louse","floor":7.0,"turns":5.0},{"damage":22.0,"enemies":"3 Sentries","floor":8.0,"turns":9.0},{"damage":0.0,"enemies":"2 Fungi Beasts","floor":10.0,"turns":3.0},{"damage":0.0,"enemies":"Red Slaver","floor":12.0,"turns":3.0},{"damage":10.0,"enemies":"3 Louse","floor":13.0,"turns":4.0},{"damage":3.0,"enemies":"Lagavulin","floor":14.0,"turns":7.0},{"damage":49.0,"enemies":"Slime Boss","floor":16.0,"turns":7.0},{"damage":2.0,"enemies":"Chosen","floor":18.0,"turns":2.0},{"damage":0.0,"enemies":"Spheric Guardian","floor":20.0,"turns":1.0},{"damage":6.0,"enemies":"Book of Stabbing","floor":23.0,"turns":6.0},{"damage":10.0,"enemies":"Chosen and Byrds","floor":25.0,"turns":4.0},{"damage":0.0,"enemies":"Shelled Parasite and Fungi","floor":27.0,"turns":3.0},{"damage":5.0,"enemies":"Gremlin Leader","floor":28.0,"turns":7.0},{"damage":0.0,"enemies":"Book of Stabbing","floor":30.0,"turns":5.0},{"damage":0.0,"enemies":"Cultist and Chosen","floor":31.0,"turns":2.0},{"damage":0.0,"enemies":"Automaton","floor":33.0,"turns":10.0},{"damage":0.0,"enemies":"Orb Walker","floor":35.0,"turns":2.0},{"damage":0.0,"enemies":"3 Shapes","floor":37.0,"turns":2.0},{"damage":0.0,"enemies":"Jaw Worm Horde","floor":39.0,"turns":1.0},{"damage":0.0,"enemies":"Nemesis","floor":40.0,"turns":3.0},{"damage":0.0,"enemies":"Giant Head","floor":42.0,"turns":5.0},{"damage":9,"enemies":"Maw","floor":45,"turns":4},{"damage":0,"enemies":"Sphere and 2 Shapes","floor":47,"turns":5},{"damage":7,"enemies":"Time Eater","floor":50,"turns":8},{"damage":6,"enemies":"Shield and Spear","floor":54,"turns":3},{"damage":30,"enemies":"The Heart","floor":55,"turns":5}],"seed_played":"2819511835350284126","potions_obtained":[{"floor":1.0,"key":"GamblersBrew"},{"floor":2.0,"key":"SmokeBomb"},{"floor":2.0,"key":"FairyPotion"},{"floor":2.0,"key":"Weak Potion"},{"floor":3.0,"key":"SpeedPotion"},{"floor":5.0,"key":"FearPotion"},{"floor":10.0,"key":"EssenceOfSteel"},{"floor":18.0,"key":"Fire Potion"},{"floor":20.0,"key":"SteroidPotion"},{"floor":28.0,"key":"GamblersBrew"},{"floor":33.0,"key":"LiquidBronze"},{"floor":39.0,"key":"Regen Potion"},{"floor":45,"key":"Weak Potion"}],"is_trial":false,"path_per_floor":["M","?","M","M","M","E","M","E","T","M","R","M","M","E","R","B",null,"M","?","M","?","$","E","R","M","T","M","E","R","E","M","R","B",null,"M","$","M","?","M","E","?","E","T","R","M","R","M","?","R","B",null,"R","$","E","B",null],"character_chosen":"IRONCLAD","items_purchased":["Art of War","FossilizedHelix","Corruption","ClockworkSouvenir","Shockwave+1","Seeing Red+1"],"campfire_rested":0,"item_purchase_floors":[22,22,36,36,53,53],"current_hp_per_floor":[80,80,80,76,80,68,73,57,57,63,63,69,65,68,68,37,80,80,80,80,80,80,80,80,76,76,80,83,83,87,90,90,93,93,93,93,93,93,93,93,93,93,93,93,93,93,96,91,91,90,91,91,91,99,75],"gold":75,"neow_bonus":"THREE_RARE_CARDS","is_prod":false,"is_daily":false,"chose_seed":false,"campfire_upgraded":8,"win_rate":1,"timestamp":1555230825,"path_taken":["M","?","?","M","M","E","M","E","T","M","R","M","M","E","R","BOSS","M","?","M","?","$","E","R","M","T","M","E","R","E","M","R","BOSS","M","$","M","?","M","E","?","E","T","R","?","R","M","?","R","BOSS","R","$","E","BOSS"],"build_version":"2019-01-23","purchased_purges":0,"victory":true,"max_hp_per_floor":[80,80,80,80,80,80,80,80,80,80,80,80,80,80,80,80,80,80,80,80,80,80,80,80,80,80,80,83,83,87,90,90,93,93,93,93,93,93,93,93,93,93,93,93,96,96,96,91,91,91,91,91,91,99,99],"card_choices":[{"not_picked":["Barricade","Exhume"],"picked":"Juggernaut","floor":0.0},{"not_picked":["Ghostly Armor","Intimidate"],"picked":"Clothesline","floor":1.0},{"not_picked":["Warcry","Intimidate"],"picked":"True Grit","floor":3.0},{"not_picked":["Heavy Blade","Fire Breathing"],"picked":"True Grit","floor":4.0},{"not_picked":["Havoc","Uppercut"],"picked":"Shrug It Off","floor":5.0},{"not_picked":["Uppercut","Clothesline"],"picked":"Fiend Fire","floor":6.0},{"not_picked":["Wild Strike","Shrug It Off"],"picked":"Headbutt","floor":7.0},{"not_picked":["Iron Wave","Wild Strike"],"picked":"Metallicize","floor":8.0},{"not_picked":["Reckless Charge","Flex","Rupture"],"picked":"SKIP","floor":10.0},{"not_picked":["Wild Strike","Reckless Charge","Heavy Blade"],"picked":"SKIP","floor":12.0},{"not_picked":["Pommel Strike","True Grit"],"picked":"Evolve","floor":13.0},{"not_picked":["Brutality","Clash"],"picked":"Pommel Strike","floor":14.0},{"not_picked":["Berserk","Brutality"],"picked":"Feed","floor":16.0},{"not_picked":["Armaments","Clash"],"picked":"Disarm","floor":18.0},{"not_picked":["Sword Boomerang+1","Cleave"],"picked":"Second Wind","floor":20.0},{"not_picked":["Headbutt","Rupture"],"picked":"Disarm","floor":23.0},{"not_picked":["Fire Breathing","Havoc+1"],"picked":"Iron Wave+1","floor":25.0},{"not_picked":["Sword Boomerang","Combust"],"picked":"Ghostly Armor+1","floor":27.0},{"not_picked":["Perfected Strike","Fire Breathing"],"picked":"Armaments+1","floor":28.0},{"not_picked":["Wild Strike","Intimidate+1"],"picked":"Dual Wield+1","floor":30.0},{"not_picked":["Twin Strike","Sword Boomerang"],"picked":"Whirlwind","floor":31.0},{"not_picked":["Juggernaut","Reaper"],"picked":"Offering+1","floor":33.0},{"not_picked":[],"picked":"Armaments+1","floor":35.0},{"not_picked":[],"picked":"Dual Wield+1","floor":37.0},{"not_picked":["Cleave"],"picked":"SKIP","floor":39.0},{"not_picked":[],"picked":"Corruption","floor":40.0},{"not_picked":[],"picked":"True Grit+1","floor":42.0},{"not_picked":["Anger+1"],"picked":"SKIP","floor":45},{"not_picked":[],"picked":"Disarm+1","floor":47},{"not_picked":[],"picked":"Exhume+1","floor":54}],"player_experience":342262,"relics_obtained":[{"floor":6.0,"key":"Bag of Marbles"},{"floor":8.0,"key":"MawBank"},{"floor":9.0,"key":"StoneCalendar"},{"floor":14.0,"key":"Pantograph"},{"floor":23.0,"key":"Dead Branch"},{"floor":26.0,"key":"Toxic Egg 2"},{"floor":28.0,"key":"Torii"},{"floor":30.0,"key":"Ancient Tea Set"},{"floor":40.0,"key":"Blue Candle"},{"floor":42.0,"key":"Red Skull"},{"floor":54,"key":"Orichalcum"}],"event_choices":[{"damage_healed":0.0,"max_hp_gain":0.0,"max_hp_loss":0.0,"gold_gain":0.0,"event_name":"Lab","player_choice":"Got Potions","floor":2.0,"gold_loss":0.0,"damage_taken":0.0},{"damage_healed":0.0,"max_hp_gain":0.0,"max_hp_loss":0.0,"gold_gain":0.0,"event_name":"The Library","player_choice":"Read","floor":19.0,"gold_loss":0.0,"damage_taken":0.0,"cards_obtained":["Feel No Pain"]},{"damage_healed":0.0,"max_hp_gain":0.0,"max_hp_loss":0.0,"gold_gain":0.0,"event_name":"Ghosts","player_choice":"Ignored","floor":21.0,"gold_loss":0.0,"damage_taken":0.0},{"damage_healed":0.0,"max_hp_gain":0.0,"max_hp_loss":0.0,"gold_gain":0.0,"event_name":"Tomb of Lord Red Mask","player_choice":"Paid","floor":38.0,"gold_loss":85.0,"damage_taken":0.0,"relics_obtained":["Red Mask"]},{"damage_healed":0.0,"max_hp_gain":0.0,"max_hp_loss":0.0,"gold_gain":0.0,"event_name":"Wheel of Change","player_choice":"Cursed","floor":41.0,"gold_loss":0.0,"damage_taken":0.0,"cards_obtained":["Decay"]},{"damage_healed":0,"gold_gain":0,"player_choice":"Max HP","damage_taken":0,"max_hp_gain":0,"max_hp_loss":5,"event_name":"Winding Halls","floor":48,"gold_loss":0}],"is_beta":false,"boss_relics":[{"not_picked":["Lizard Tail","Fusion Hammer"],"picked":"Snecko Eye"},{"not_picked":["Eternal Feather","Empty Cage"],"picked":"Busted Crown"}],"items_purged_floors":[],"is_endless":false,"potions_floor_spawned":[1,3,5,6,10,18,20,27,28,33,35,39,45,47,54],"ascension_level":0}