{"gold_per_floor":[118,118,118,268,39,66,66,10,35,35,35,55,55,69,69,159,159,184,104],"floor_reached":19,"playtime":1468,"items_purged":[],"score":326,"play_id":"4f4eeb0e-852a-48c1-be2c-c561c356a349","local_time":"20190411213106","is_ascension_mode":true,"campfire_choices":[{"floor":7,"key":"REST"},{"floor":13,"key":"REST"},{"data":"Noxious Fumes","floor":15,"key":"SMITH"}],"neow_cost":"NONE","seed_source_timestamp":4835951548049,"circlet_count":0,"master_deck":["AscendersBane","Defend_G","Defend_G","Defend_G","Defend_G+1","Defend_G","Strike_G","Strike_G","Strike_G","Strike_G","Strike_G","Survivor","Neutralize","Eviscerate","Regret","Doubt","Noxious Fumes+1","Predator","Dagger Throw","Tactician+1","Acrobatics","Injury","Skewer","Corpse Explosion"],"relics":["HoveringKite","Strawberry","Snake Skull","Mummified Hand","War Paint","Golden Idol","Eternal Feather"],"potions_floor_usage":[16],"damage_taken":[{"damage":11,"enemies":"Small Slimes","floor":1,"turns":5},{"damage":33,"enemies":"Lagavulin","floor":6,"turns":6},{"damage":9,"enemies":"2 Louse","floor":12,"turns":2},{"damage":4,"enemies":"Jaw Worm","floor":14,"turns":2},{"damage":31,"enemies":"Slime Boss","floor":16,"turns":8},{"damage":32,"enemies":"3 Byrds","floor":18,"turns":4},{"damage":29,"enemies":"2 Thieves","floor":19,"turns":2}],"seed_played":"-7225823938611578196","potions_obtained":[{"floor":1,"key":"Fire Potion"},{"floor":6,"key":"LiquidBronze"}],"is_trial":false,"path_per_floor":["M","?","?","?","$","E","R","$","T","$","?","M","R","M","R","B",null,"M","M"],"character_chosen":"THE_SILENT","items_purchased":["Noxious Fumes","Predator","Dagger Throw","Acrobatics"],"campfire_rested":2,"item_purchase_floors":[5,5,5,8],"current_hp_per_floor":[48,55,50,50,50,17,38,38,38,38,38,29,50,46,46,15,59,27,0],"gold":104,"neow_bonus":"BOSS_RELIC","is_prod":false,"is_daily":false,"chose_seed":false,"campfire_upgraded":1,"win_rate":0,"timestamp":1554985866,"path_taken":["M","?","?","?","?","E","R","?","T","$","?","?","R","M","R","BOSS","M","M"],"build_version":"2019-01-23","purchased_purges":0,"victory":false,"max_hp_per_floor":[66,73,73,73,73,73,73,73,73,73,73,73,73,73,73,73,73,73,73],"card_choices":[{"not_picked":["Catalyst","Accuracy"],"picked":"Eviscerate","floor":1},{"not_picked":["Sucker Punch","Distraction"],"picked":"Tactician","floor":6},{"not_picked":["Riddle With Holes","Catalyst","Sucker Punch"],"picked":"SKIP","floor":12},{"not_picked":["Footwork","Bane"],"picked":"Skewer","floor":14},{"not_picked":["Bullet Time","Adrenaline"],"picked":"Corpse Explosion","floor":16},{"not_picked":["Skewer","All Out Attack","Accuracy+1"],"picked":"SKIP","floor":18}],"player_experience":732548,"relics_obtained":[{"floor":6,"key":"Mummified Hand"},{"floor":9,"key":"War Paint"}],"event_choices":[{"damage_healed":0,"gold_gain":0,"player_choice":"Box","damage_taken":0,"relics_obtained":["Strawberry"],"max_hp_gain":0,"max_hp_loss":0,"event_name":"Big Fish","floor":2,"gold_loss":0,"cards_obtained":["Regret"]},{"damage_healed":0,"gold_gain":0,"player_choice":"Success","damage_taken":5,"relics_obtained":["Snake Skull"],"max_hp_gain":0,"max_hp_loss":0,"event_name":"Scrap Ooze","floor":3,"gold_loss":0},{"damage_healed":0,"gold_gain":150,"player_choice":"AGREE","damage_taken":0,"max_hp_gain":0,"max_hp_loss":0,"event_name":"Liars Game","floor":4,"gold_loss":0,"cards_obtained":["Doubt"]},{"damage_healed":0,"gold_gain":0,"player_choice":"Take Wound","damage_taken":0,"relics_obtained":["Golden Idol"],"max_hp_gain":0,"max_hp_loss":0,"event_name":"Golden Idol","floor":11,"gold_loss":0,"cards_obtained":["Injury"]}],"is_beta":false,"boss_relics":[{"not_picked":["Velvet Choker","Ectoplasm"],"picked":"Eternal Feather"}],"items_purged_floors":[],"is_endless":false,"potions_floor_spawned":[1,6],"killed_by":"2 Thieves","ascension_level":20}