{"gold_per_floor":[112,112,23,23,46,46,62,103,127,127,46,46,71,71],"floor_reached":14,"playtime":479,"items_purged":["Pain"],"score":163,"play_id":"b901e633-d0b4-4a01-ae2c-48da57357a5c","local_time":"20190403001331","is_ascension_mode":true,"campfire_choices":[{"floor":6,"key":"REST"},{"data":"Noxious Fumes","floor":10,"key":"SMITH"}],"neow_cost":"CURSE","seed_source_timestamp":15880877063270,"circlet_count":0,"master_deck":["AscendersBane","Defend_G","Defend_G","Defend_G","Defend_G","Defend_G","Strike_G","Strike_G","Strike_G","Strike_G","Strike_G","Survivor","Neutralize","Dagger Throw","Caltrops","Noxious Fumes+1","Crippling Poison","Reflex","Tactician+1","After Image"],"relics":["Ring of the Snake","Incense Burner","Smiling Mask","Golden Idol","Darkstone Periapt","Ancient Tea Set"],"potions_floor_usage":[8,8,8],"damage_taken":[{"damage":21,"enemies":"Jaw Worm","floor":1,"turns":6},{"damage":6,"enemies":"Small Slimes","floor":5,"turns":4},{"damage":3,"enemies":"Cultist","floor":7,"turns":4},{"damage":5,"enemies":"3 Sentries","floor":8,"turns":7},{"damage":17,"enemies":"Exordium Thugs","floor":13,"turns":5},{"damage":20,"enemies":"Lagavulin","floor":14,"turns":7}],"seed_played":"6853164460733526830","potions_obtained":[{"floor":7,"key":"EntropicBrew"},{"floor":8,"key":"Ancient Potion"}],"is_trial":false,"path_per_floor":["M","?","$","?","M","R","M","E","T","R","$","?","M","E"],"character_chosen":"THE_SILENT","items_purchased":["Caltrops","Tactician"],"campfire_rested":1,"item_purchase_floors":[3,11],"current_hp_per_floor":[38,33,33,33,27,45,42,37,37,37,37,37,20,0],"gold":71,"neow_bonus":"ONE_RARE_RELIC","is_prod":false,"is_daily":false,"chose_seed":false,"campfire_upgraded":1,"win_rate":0,"timestamp":1554218011,"path_taken":["M","?","$","?","M","R","M","E","T","R","$","?","M","E"],"build_version":"2019-01-23","purchased_purges":1,"victory":false,"max_hp_per_floor":[66,66,66,60,60,60,60,60,60,60,60,60,60,60],"card_choices":[{"not_picked":["Concentrate","Predator"],"picked":"Dagger Throw","floor":1},{"not_picked":["Bane","Outmaneuver"],"picked":"Noxious Fumes","floor":5},{"not_picked":["Acrobatics","Deflect"],"picked":"Crippling Poison","floor":7},{"not_picked":["Heel Hook","Footwork"],"picked":"Reflex","floor":8},{"not_picked":["PiercingWail","Bouncing Flask"],"picked":"After Image","floor":13}],"player_experience":671547,"relics_obtained":[{"floor":8,"key":"Darkstone Periapt"},{"floor":9,"key":"Ancient Tea Set"}],"event_choices":[{"damage_healed":0,"gold_gain":0,"player_choice":"Success","damage_taken":5,"relics_obtained":["Smiling Mask"],"max_hp_gain":0,"max_hp_loss":0,"event_name":"Scrap Ooze","floor":2,"gold_loss":0},{"damage_healed":0,"gold_gain":0,"player_choice":"Lose Max HP","damage_taken":0,"relics_obtained":["Golden Idol"],"max_hp_gain":0,"max_hp_loss":6,"event_name":"Golden Idol","floor":4,"gold_loss":0},{"damage_healed":0,"gold_gain":0,"player_choice":"Upgraded","damage_taken":0,"max_hp_gain":0,"max_hp_loss":0,"event_name":"Upgrade Shrine","floor":12,"gold_loss":0,"cards_upgraded":["Tactician"]}],"is_beta":false,"boss_relics":[],"items_purged_floors":[3],"is_endless":false,"potions_floor_spawned":[7,8],"killed_by":"Lagavulin","ascension_level":17}