{"gold_per_floor":[111,37,52,52,52,79,79,154,154,41,41,67,67,67,67,170,170,190,190,190,208,307,307,319,353,380,38,38,58,83,115,115,216,216,231,22,122,122,122,122,154,154,177,187,409,440,440,469,469,469],"floor_reached":51,"playtime":2963,"items_purged":["Strike_B","Zap"],"score":1394,"play_id":"77c8bc70-98a6-45df-aded-599b6234eb3f","local_time":"20190408214227","is_ascension_mode":true,"campfire_choices":[{"data":"Dualcast","floor":7,"key":"SMITH"},{"floor":13,"key":"REST"},{"data":"Redo","floor":15,"key":"SMITH"},{"data":"Fission","floor":23,"key":"SMITH"},{"data":"Undo","floor":28,"key":"SMITH"},{"data":"Battle Trance","floor":32,"key":"SMITH"},{"data":"Madness","floor":40,"key":"SMITH"},{"data":"Madness","floor":42,"key":"SMITH"},{"floor":49,"key":"REST"}],"neow_cost":"TEN_PERCENT_HP_LOSS","seed_source_timestamp":4243091671038,"circlet_count":0,"master_deck":["AscendersBane","Dualcast+1","Undo+1","Defragment+1","Conserve Battery+1","Fission+1","Genetic Algorithm+1","Gash+1","Cold Snap+1","Streamline+1","Steam","Battle Trance+1","All For One+1","Pommel Strike+1","Gash+1","Madness+1","Madness+1","Calculated Gamble+1","Uppercut+1","Sadistic Nature","Sadistic Nature"],"relics":["Cracked Core","PreservedInsect","Bottled Lightning","Molten Egg 2","Thread and Needle","Pandora\u0027s Box","Kunai","Art of War","Strawberry","PrismaticShard","War Paint","Red Mask","Empty Cage","TheAbacus","WingedGreaves","Bottled Tornado","DataDisk","Potion Belt","Bag of Preparation"],"potions_floor_usage":[6,16,30,48,50,50],"damage_taken":[{"damage":0,"enemies":"Cultist","floor":1,"turns":2},{"damage":7,"enemies":"Jaw Worm","floor":3,"turns":5},{"damage":19,"enemies":"Gremlin Nob","floor":6,"turns":4},{"damage":14,"enemies":"3 Sentries","floor":12,"turns":6},{"damage":0,"enemies":"The Guardian","floor":16,"turns":12},{"damage":1,"enemies":"3 Byrds","floor":18,"turns":4},{"damage":2,"enemies":"Shell Parasite","floor":21,"turns":6},{"damage":0,"enemies":"Centurion and Healer","floor":24,"turns":8},{"damage":11,"enemies":"Book of Stabbing","floor":25,"turns":5},{"damage":0,"enemies":"Snake Plant","floor":29,"turns":5},{"damage":1,"enemies":"Gremlin Leader","floor":30,"turns":5},{"damage":0,"enemies":"Masked Bandits","floor":31,"turns":5},{"damage":0,"enemies":"Automaton","floor":33,"turns":10},{"damage":20,"enemies":"3 Darklings","floor":35,"turns":6},{"damage":0,"enemies":"Mind Bloom Boss Battle","floor":37,"turns":3},{"damage":0,"enemies":"Reptomancer","floor":41,"turns":4},{"damage":12,"enemies":"3 Shapes","floor":44,"turns":3},{"damage":0,"enemies":"Nemesis","floor":46,"turns":4},{"damage":0,"enemies":"Reptomancer","floor":48,"turns":3},{"damage":49,"enemies":"Time Eater","floor":50,"turns":9}],"seed_played":"-6144672620677773034","potions_obtained":[{"floor":1,"key":"FearPotion"},{"floor":12,"key":"Strength Potion"},{"floor":18,"key":"Dexterity Potion"},{"floor":29,"key":"Regen Potion"},{"floor":30,"key":"SpeedPotion"},{"floor":31,"key":"SmokeBomb"},{"floor":35,"key":"Swift Potion"},{"floor":48,"key":"AttackPotion"}],"is_trial":false,"path_per_floor":["M","$","M","?","?","E","R","?","T","$","T","E","R","$","R","B",null,"M","?","?","M","?","R","M","E","T","$","R","M","E","?","R","B",null,"M","$","?","?","?","R","E","R","T","M","?","E","?","E","R","B",null],"character_chosen":"DEFECT","items_purchased":["Defragment","Sunder","PrismaticShard","Cold Snap+1","TheAbacus"],"campfire_rested":2,"item_purchase_floors":[2,10,27,27,36],"current_hp_per_floor":[68,68,61,61,47,28,28,17,17,17,17,3,23,23,23,23,57,56,56,56,54,54,54,54,43,50,50,50,50,63,63,63,63,72,52,52,52,43,43,43,43,43,43,31,31,31,31,31,53,4],"gold":469,"neow_bonus":"REMOVE_TWO","is_prod":false,"is_daily":false,"chose_seed":false,"campfire_upgraded":7,"win_rate":0,"timestamp":1554727347,"path_taken":["M","$","?","?","?","E","R","?","T","$","?","E","R","$","R","BOSS","M","?","?","M","?","R","M","E","T","$","R","M","E","?","R","BOSS","M","$","?","?","?","R","E","R","T","M","?","E","?","E","R","BOSS"],"build_version":"2019-01-23","purchased_purges":2,"victory":true,"max_hp_per_floor":[68,68,68,68,68,68,68,68,68,68,68,68,68,68,68,68,68,68,68,68,68,68,68,68,68,75,75,75,75,75,75,75,75,75,75,75,75,75,75,75,75,75,75,75,75,75,75,75,75,75],"card_choices":[{"not_picked":["Stack","Barrage"],"picked":"Undo","floor":1},{"not_picked":["Turbo","Hello World"],"picked":"Conserve Battery","floor":3},{"not_picked":["Redo","Machine Learning"],"picked":"Cold Snap","floor":6},{"not_picked":["Steam Power","Gash+1"],"picked":"Redo","floor":12},{"not_picked":["Seek","Reboot"],"picked":"Fission","floor":16},{"not_picked":["Redo","Turbo"],"picked":"Genetic Algorithm","floor":18},{"not_picked":["Reprogram","Conserve Battery"],"picked":"Melter+1","floor":21},{"not_picked":["Ball Lightning+1","Barrage+1"],"picked":"Gash+1","floor":24},{"not_picked":["Darkness+1","Steam Power+1","Undo+1"],"picked":"SKIP","floor":25},{"not_picked":["Deadly Poison","Power Through"],"picked":"Streamline+1","floor":29},{"not_picked":["Crippling Poison","Clothesline+1"],"picked":"Steam","floor":30},{"not_picked":["Dagger Throw+1","Deflect"],"picked":"Battle Trance","floor":31},{"not_picked":["Double Tap","Buffer"],"picked":"All For One+1","floor":33},{"not_picked":["Stack","Wild Strike+1"],"picked":"Pommel Strike+1","floor":35},{"not_picked":["Bane+1","Well Laid Plans+1"],"picked":"Gash+1","floor":37},{"not_picked":["Skewer+1","Spot Weakness"],"picked":"Calculated Gamble+1","floor":41},{"not_picked":["Ghostly Armor+1","Pommel Strike+1"],"picked":"Uppercut+1","floor":44},{"not_picked":["Corruption","Ball Lightning+1"],"picked":"Sadistic Nature","floor":46},{"not_picked":["Bandage Up","Magnetism"],"picked":"Sadistic Nature","floor":47},{"not_picked":["Twin Strike+1","Pommel Strike+1","Poisoned Stab+1"],"picked":"SKIP","floor":48}],"player_experience":705794,"relics_obtained":[{"floor":6,"key":"PreservedInsect"},{"floor":9,"key":"Bottled Lightning"},{"floor":11,"key":"Molten Egg 2"},{"floor":12,"key":"Thread and Needle"},{"floor":25,"key":"Art of War"},{"floor":26,"key":"Strawberry"},{"floor":30,"key":"War Paint"},{"floor":31,"key":"Red Mask"},{"floor":37,"key":"WingedGreaves"},{"floor":41,"key":"Bottled Tornado"},{"floor":43,"key":"DataDisk"},{"floor":46,"key":"Potion Belt"},{"floor":48,"key":"Bag of Preparation"}],"event_choices":[{"cards_removed":["Strike_B"],"damage_healed":0,"gold_gain":0,"player_choice":"Forget","damage_taken":0,"max_hp_gain":0,"max_hp_loss":0,"event_name":"Living Wall","floor":4,"gold_loss":0},{"damage_healed":0,"gold_gain":0,"player_choice":"Entered Light","damage_taken":14,"max_hp_gain":0,"max_hp_loss":0,"event_name":"Shining Light","floor":5,"gold_loss":0,"cards_upgraded":["Defragment","Defend_B"]},{"damage_healed":0,"gold_gain":75,"player_choice":"Gather Gold","damage_taken":11,"max_hp_gain":0,"max_hp_loss":0,"event_name":"World of Goop","floor":8,"gold_loss":0},{"cards_removed":["Redo"],"damage_healed":0,"gold_gain":0,"player_choice":"Elegance","damage_taken":0,"max_hp_gain":0,"max_hp_loss":0,"event_name":"Back to Basics","floor":19,"gold_loss":0},{"damage_healed":0,"gold_gain":0,"player_choice":"Opened","damage_taken":0,"relics_obtained":["Kunai"],"max_hp_gain":0,"max_hp_loss":0,"event_name":"The Mausoleum","floor":20,"gold_loss":0},{"damage_healed":0,"gold_gain":99,"player_choice":"Stole From Cult","damage_taken":0,"max_hp_gain":0,"max_hp_loss":0,"event_name":"Nest","floor":22,"gold_loss":0},{"damage_healed":0,"gold_gain":0,"player_choice":"Fought Bandits","damage_taken":0,"max_hp_gain":0,"max_hp_loss":0,"event_name":"Masked Bandits","floor":31,"gold_loss":0},{"damage_healed":0,"gold_gain":0,"player_choice":"Fight","damage_taken":0,"max_hp_gain":0,"max_hp_loss":0,"event_name":"MindBloom","floor":37,"gold_loss":0},{"damage_healed":0,"gold_gain":0,"player_choice":"Embrace Madness","damage_taken":9,"max_hp_gain":0,"max_hp_loss":0,"event_name":"Winding Halls","floor":38,"gold_loss":0,"cards_obtained":["Madness","Madness"]},{"cards_removed":["Melter"],"damage_healed":0,"gold_gain":0,"player_choice":"Removed Attack","damage_taken":0,"max_hp_gain":0,"max_hp_loss":0,"event_name":"Falling","floor":39,"gold_loss":0},{"damage_healed":0,"gold_gain":222,"player_choice":"Wore Mask","damage_taken":0,"max_hp_gain":0,"max_hp_loss":0,"event_name":"Tomb of Lord Red Mask","floor":45,"gold_loss":0},{"damage_healed":0,"gold_gain":0,"player_choice":"Memory 1","damage_taken":0,"max_hp_gain":0,"max_hp_loss":0,"event_name":"SensoryStone","floor":47,"gold_loss":0}],"is_beta":false,"boss_relics":[{"not_picked":["Black Star","Philosopher\u0027s Stone"],"picked":"Pandora\u0027s Box"},{"not_picked":["Snecko Eye","Nuclear Battery"],"picked":"Empty Cage"}],"items_purged_floors":[10,27],"is_endless":false,"potions_floor_spawned":[1,12,18,29,30,31,35,48],"ascension_level":10}