{"gold_per_floor":[114,114,189,37,55,68,68,21,21,21,48,65,79,79,79,179,179,192,212,392,392],"floor_reached":21,"playtime":1359,"items_purged":[],"score":179,"play_id":"233e9597-f90f-4d03-aad4-714cfa5cd49f","local_time":"20190308182422","is_ascension_mode":false,"campfire_choices":[{"floor":7.0,"key":"REST"},{"data":"Body Slam","floor":10.0,"key":"SMITH"},{"floor":15.0,"key":"REST"}],"neow_cost":"NONE","seed_source_timestamp":1979113961340697,"circlet_count":0,"master_deck":["Strike_R","Strike_R","Strike_R","Strike_R","Strike_R","Defend_R","Defend_R","Defend_R","Bash","Shrug It Off","Body Slam","Body Slam+1","Seeing Red","Ghostly Armor","Dark Embrace","Body Slam","Evolve","Armaments","Pommel Strike","Cleave","Seeing Red","Warcry"],"special_seed":0,"relics":["White Beast Statue","Dream Catcher","Regal Pillow","Orrery"],"potions_floor_usage":[19,19,19,19,21,21],"damage_taken":[{"damage":10.0,"enemies":"Jaw Worm","floor":1.0,"turns":4.0},{"damage":0.0,"enemies":"Small Slimes","floor":5.0,"turns":4.0},{"damage":0.0,"enemies":"Cultist","floor":6.0,"turns":3.0},{"damage":20.0,"enemies":"Gremlin Nob","floor":11.0,"turns":4.0},{"damage":16.0,"enemies":"2 Fungi Beasts","floor":12.0,"turns":4.0},{"damage":5.0,"enemies":"Exordium Thugs","floor":13.0,"turns":5.0},{"damage":91.0,"enemies":"Slime Boss","floor":16.0,"turns":18.0},{"damage":25.0,"enemies":"Chosen","floor":18.0,"turns":8.0},{"damage":12,"enemies":"3 Byrds","floor":19,"turns":5},{"damage":21,"enemies":"Centurion and Healer","floor":21,"turns":8}],"seed_played":"7925153235579520756","potions_obtained":[{"floor":1.0,"key":"AttackPotion"},{"floor":5.0,"key":"Fire Potion"},{"floor":6.0,"key":"Regen Potion"},{"floor":11.0,"key":"Block Potion"},{"floor":12.0,"key":"Fire Potion"},{"floor":13.0,"key":"SpeedPotion"},{"floor":16.0,"key":"SteroidPotion"},{"floor":18.0,"key":"EntropicBrew"},{"floor":19,"key":"SkillPotion"}],"is_trial":false,"path_per_floor":["M","?","?","$","M","M","R","$","T","R","E","M","M","$","R","B",null,"M","M","?","M"],"character_chosen":"IRONCLAD","items_purchased":["Dream Catcher","Body Slam"],"campfire_rested":2,"item_purchase_floors":[4,8],"current_hp_per_floor":[70,70,59,59,59,59,80,80,80,80,60,44,39,39,78,2,80,55,43,19,0],"gold":392,"neow_bonus":"BOSS_RELIC","is_prod":false,"is_daily":false,"chose_seed":false,"campfire_upgraded":1,"win_rate":0,"timestamp":1552037062,"path_taken":["M","?","?","?","M","M","R","$","T","R","E","M","?","$","R","BOSS","M","?","?","M"],"build_version":"2019-01-23","purchased_purges":0,"victory":false,"max_hp_per_floor":[80,80,80,80,80,80,80,80,80,80,80,80,80,80,80,80,80,80,80,80,80],"card_choices":[{"not_picked":["Combust","Iron Wave","Clothesline"],"picked":"SKIP","floor":1.0},{"not_picked":["Dropkick","Fire Breathing"],"picked":"Shrug It Off","floor":5.0},{"not_picked":["Power Through","Sever Soul"],"picked":"Body Slam","floor":6.0},{"not_picked":["Brutality","Clash"],"picked":"Seeing Red","floor":11.0},{"not_picked":["Fire Breathing","Havoc"],"picked":"Ghostly Armor","floor":12.0},{"not_picked":["Flex","Iron Wave","Cleave"],"picked":"SKIP","floor":13.0},{"not_picked":["Limit Break","Feed"],"picked":"Dark Embrace","floor":16.0},{"not_picked":["Sword Boomerang","Headbutt"],"picked":"Body Slam","floor":17.0},{"not_picked":["Iron Wave","Wild Strike"],"picked":"Evolve","floor":17.0},{"not_picked":["Flex","Headbutt"],"picked":"Armaments","floor":17.0},{"not_picked":["Combust","Cleave"],"picked":"Pommel Strike","floor":17.0},{"not_picked":["Searing Blow","Sword Boomerang"],"picked":"Cleave","floor":17.0},{"not_picked":["Bludgeon","Headbutt+1"],"picked":"Seeing Red","floor":18.0},{"not_picked":["Havoc","Twin Strike"],"picked":"Warcry","floor":19}],"player_experience":226539,"relics_obtained":[{"floor":11.0,"key":"Regal Pillow"}],"event_choices":[{"cards_removed":["Defend_R"],"damage_healed":0.0,"max_hp_gain":0.0,"max_hp_loss":0.0,"gold_gain":0.0,"event_name":"Living Wall","player_choice":"Forget","floor":2.0,"gold_loss":0.0,"damage_taken":0.0},{"damage_healed":0.0,"max_hp_gain":0.0,"max_hp_loss":0.0,"gold_gain":75.0,"event_name":"World of Goop","player_choice":"Gather Gold","floor":3.0,"gold_loss":0.0,"damage_taken":11.0},{"damage_healed":0,"gold_gain":180,"player_choice":"GOLD GOLD ","damage_taken":24,"max_hp_gain":0,"max_hp_loss":0,"event_name":"Knowing Skull","floor":20,"potions_obtained":[],"gold_loss":0,"cards_obtained":[]}],"is_beta":false,"boss_relics":[{"not_picked":["Eternal Feather","Runic Dome"],"picked":"Orrery"}],"items_purged_floors":[],"is_endless":false,"potions_floor_spawned":[1,5,6,11,12,13,16,18,19],"killed_by":"Centurion and Healer","ascension_level":0}