{"gold_per_floor":[112,62,76,76,76,76,109,109,133,23,42,7,7,23,23,124,124,141,17,17,17,17,45,45,45],"floor_reached":25,"playtime":772,"items_purged":[],"score":300,"play_id":"34e247e9-2deb-4ded-9a43-abdebba7c9f2","local_time":"20190324041358","is_ascension_mode":true,"campfire_choices":[{"data":"Genetic Algorithm","floor":6,"key":"SMITH"},{"data":"Streamline","floor":8,"key":"SMITH"},{"data":"Sunder","floor":15,"key":"SMITH"},{"floor":24,"key":"REST"}],"neow_cost":"NONE","seed_source_timestamp":56379408551339,"circlet_count":0,"master_deck":["Strike_B","Defend_B","Defend_B","Defend_B","Defend_B","Zap","Dualcast","Reinforced Body","Beam Cell+1","Genetic Algorithm+1","Hello World+1","Streamline+1","FTL","Self Repair","Sunder+1","Gash+1","Reboot","BootSequence+1"],"relics":["Cracked Core","NeowsBlessing","Happy Flower","Omamori","The Courier","Empty Cage","Whetstone","Toxic Egg 2","Bronze Scales"],"potions_floor_usage":[16,23],"damage_taken":[{"damage":0,"enemies":"2 Louse","floor":1,"turns":1},{"damage":0,"enemies":"Cultist","floor":3,"turns":1},{"damage":0,"enemies":"3 Sentries","floor":7,"turns":2},{"damage":12,"enemies":"Jaw Worm","floor":11,"turns":3},{"damage":5,"enemies":"Exordium Wildlife","floor":14,"turns":6},{"damage":58,"enemies":"Hexaghost","floor":16,"turns":8},{"damage":7,"enemies":"Chosen","floor":18,"turns":4},{"damage":47,"enemies":"Book of Stabbing","floor":23,"turns":4},{"damage":27,"enemies":"Slavers","floor":25,"turns":3}],"seed_played":"-169103792348155291","potions_obtained":[{"floor":1,"key":"AttackPotion"},{"floor":11,"key":"SteroidPotion"}],"is_trial":false,"path_per_floor":["M","$","M","?","?","R","E","R","T","$","M","$","T","M","R","B",null,"M","$","?","?","$","E","R","E"],"character_chosen":"DEFECT","items_purchased":["Beam Cell","FTL","Self Repair","Sunder","Whetstone"],"campfire_rested":1,"item_purchase_floors":[2,10,10,12,19],"current_hp_per_floor":[75,75,75,75,75,75,75,75,75,75,70,70,70,72,72,21,62,62,62,48,48,48,1,25,0],"gold":45,"neow_bonus":"THREE_ENEMY_KILL","is_prod":false,"is_daily":false,"chose_seed":false,"campfire_upgraded":3,"win_rate":0,"timestamp":1553368438,"path_taken":["M","$","M","?","?","R","E","R","T","$","?","$","?","M","R","BOSS","M","$","?","?","?","E","R","E"],"build_version":"2019-01-23","purchased_purges":0,"victory":false,"max_hp_per_floor":[75,75,75,75,75,75,75,75,75,75,75,75,75,75,75,75,75,75,75,80,80,80,80,80,80],"card_choices":[{"not_picked":["Stack","Conserve Battery"],"picked":"Reinforced Body","floor":1},{"not_picked":["Darkness","Coolheaded"],"picked":"Genetic Algorithm","floor":3},{"not_picked":["Tempest","Beam Cell"],"picked":"Streamline","floor":7},{"not_picked":["Doom and Gloom","Conserve Battery","Redo"],"picked":"SKIP","floor":11},{"not_picked":["Cold Snap","Genetic Algorithm"],"picked":"Gash","floor":14},{"not_picked":["Thunder Strike","Multi-Cast"],"picked":"Reboot","floor":16},{"not_picked":["Chaos","Conserve Battery","Fusion"],"picked":"SKIP","floor":18},{"not_picked":["Glacier+1","Coolheaded+1"],"picked":"BootSequence+1","floor":23}],"player_experience":556376,"relics_obtained":[{"floor":7,"key":"Happy Flower"},{"floor":9,"key":"Omamori"},{"floor":13,"key":"The Courier"},{"floor":23,"key":"Bronze Scales"}],"event_choices":[{"damage_healed":0,"gold_gain":0,"cards_transformed":["Strike_B"],"player_choice":"Change","damage_taken":0,"max_hp_gain":0,"max_hp_loss":0,"event_name":"Living Wall","floor":4,"gold_loss":0,"cards_obtained":["Hello World"]},{"damage_healed":0,"gold_gain":0,"player_choice":"Forge","damage_taken":0,"max_hp_gain":0,"max_hp_loss":0,"event_name":"Accursed Blacksmith","floor":5,"gold_loss":0,"cards_upgraded":["Hello World"]},{"damage_healed":0,"gold_gain":0,"player_choice":"Shed Blood","damage_taken":19,"max_hp_gain":5,"max_hp_loss":0,"event_name":"Forgotten Altar","floor":20,"gold_loss":0},{"damage_healed":0,"gold_gain":0,"player_choice":"Stole Relic","damage_taken":0,"relics_obtained":["Toxic Egg 2"],"max_hp_gain":0,"max_hp_loss":0,"event_name":"Addict","floor":21,"gold_loss":0,"cards_obtained":["Shame"]}],"is_beta":false,"boss_relics":[{"not_picked":["Snecko Eye","Lizard Tail"],"picked":"Empty Cage"}],"items_purged_floors":[],"is_endless":false,"potions_floor_spawned":[1,11],"killed_by":"Slavers","ascension_level":5}