{"gold_per_floor":[110,110,110,135,158,196,196,196,196,209,227,252,252,296,296,421,421,440,440,509,559,580,618,618,638,719,782,782,440,454,204,204,204],"floor_reached":33,"playtime":2694,"items_purged":[],"score":443,"play_id":"afa9ae44-f8df-4a68-83ce-89d9bb8f6284","local_time":"20190415151150","is_ascension_mode":true,"campfire_choices":[{"data":"Armaments","floor":7.0,"key":"SMITH"},{"data":"Iron Wave","floor":13.0,"key":"SMITH"},{"data":"Rampage","floor":15.0,"key":"SMITH"},{"floor":24,"key":"REST"},{"data":"Demon Form","floor":28,"key":"SMITH"},{"floor":32,"key":"REST"}],"neow_cost":"NONE","seed_source_timestamp":421214594569900,"circlet_count":0,"master_deck":["AscendersBane","Strike_R","Strike_R","Strike_R","Strike_R","Strike_R","Defend_R","Defend_R","Defend_R","Defend_R","Bash","Twin Strike","Bash","Rampage+1","Shockwave","Armaments+1","Reaper","Iron Wave+1","Shockwave","Demon Form+1","Ghostly Armor","Clothesline","Feel No Pain","Feed","Impervious","Twin Strike+1"],"special_seed":0,"relics":["Black Blood","Lantern","Golden Idol","FossilizedHelix","Gambling Chip","Omamori","SsserpentHead","Peace Pipe","Kunai","Membership Card","Oddly Smooth Stone","PreservedInsect","Tiny Chest","Strange Spoon"],"potions_floor_usage":[22,23,27,33,33],"damage_taken":[{"damage":14.0,"enemies":"Jaw Worm","floor":1.0,"turns":4.0},{"damage":8.0,"enemies":"Small Slimes","floor":4.0,"turns":2.0},{"damage":0.0,"enemies":"Cultist","floor":5.0,"turns":2.0},{"damage":57.0,"enemies":"Lagavulin","floor":6.0,"turns":8.0},{"damage":0.0,"enemies":"2 Fungi Beasts","floor":10.0,"turns":4.0},{"damage":0.0,"enemies":"3 Louse","floor":11.0,"turns":4.0},{"damage":18.0,"enemies":"Lots of Slimes","floor":12.0,"turns":4.0},{"damage":18.0,"enemies":"Gremlin Nob","floor":14.0,"turns":5.0},{"damage":23.0,"enemies":"Hexaghost","floor":16.0,"turns":11.0},{"damage":25.0,"enemies":"Shell Parasite","floor":18.0,"turns":6.0},{"damage":31.0,"enemies":"Chosen","floor":20.0,"turns":6.0},{"damage":0,"enemies":"Snecko","floor":22,"turns":5},{"damage":65,"enemies":"Slavers","floor":23,"turns":10},{"damage":38,"enemies":"Centurion and Healer","floor":27,"turns":8},{"damage":31,"enemies":"Shelled Parasite and Fungi","floor":30,"turns":14},{"damage":64,"enemies":"Automaton","floor":33,"turns":12}],"seed_played":"-349881606733946871","potions_obtained":[{"floor":4.0,"key":"FearPotion"},{"floor":6.0,"key":"EssenceOfSteel"},{"floor":11.0,"key":"Strength Potion"},{"floor":14.0,"key":"Strength Potion"},{"floor":18.0,"key":"Block Potion"},{"floor":25,"key":"Weak Potion"},{"floor":25,"key":"Dexterity Potion"}],"is_trial":false,"path_per_floor":["M","?","?","M","M","E","R","?","T","M","M","M","R","E","R","B",null,"M","?","M","?","M","E","R","?","T","M","R","$","M","$","R","B"],"character_chosen":"IRONCLAD","items_purchased":["Membership Card","Oddly Smooth Stone","Impervious","PreservedInsect","Tiny Chest","Strange Spoon","Energy Potion"],"campfire_rested":2,"item_purchase_floors":[29,29,29,31,31,31,31],"current_hp_per_floor":[64,64,64,62,68,17,17,17,17,23,29,62,62,50,50,39,65,66,66,53,74,74,33,55,55,55,43,43,43,25,25,48,0],"gold":204,"neow_bonus":"RANDOM_COMMON_RELIC","is_prod":false,"is_daily":false,"chose_seed":false,"campfire_upgraded":4,"win_rate":0,"timestamp":1555333910,"path_taken":["M","?","?","M","?","E","R","?","T","M","M","M","R","E","R","BOSS","M","?","?","?","M","E","R","?","T","?","R","$","M","$","R","BOSS"],"build_version":"2019-01-23","purchased_purges":0,"victory":false,"max_hp_per_floor":[80,74,74,74,74,74,74,74,74,74,74,74,74,74,74,74,74,74,74,74,74,74,74,74,74,74,74,74,74,77,77,77,77],"card_choices":[{"not_picked":["Wild Strike","Clash"],"picked":"Twin Strike","floor":1.0},{"not_picked":["Wild Strike","Havoc"],"picked":"Rampage","floor":4.0},{"not_picked":["Bloodletting","Heavy Blade"],"picked":"Shockwave","floor":5.0},{"not_picked":["Searing Blow","Twin Strike"],"picked":"Armaments","floor":6.0},{"not_picked":["Heavy Blade","Anger","Armaments"],"picked":"SKIP","floor":10.0},{"not_picked":["Cleave","Flex"],"picked":"Reaper","floor":11.0},{"not_picked":["Flex","Armaments"],"picked":"Iron Wave","floor":12.0},{"not_picked":["Entrench","Rage"],"picked":"Shockwave","floor":14.0},{"not_picked":["Feed","Brutality"],"picked":"Demon Form","floor":16.0},{"not_picked":["Rampage+1","Heavy Blade"],"picked":"Ghostly Armor","floor":18.0},{"not_picked":["Intimidate","Carnage"],"picked":"Clothesline","floor":20.0},{"not_picked":["Searing Blow","Perfected Strike"],"picked":"Feel No Pain","floor":22},{"not_picked":["Cleave","Anger"],"picked":"Feed","floor":23},{"not_picked":["Power Through+1","Wild Strike","Sentinel"],"picked":"SKIP","floor":27},{"not_picked":["Inflame","Warcry"],"picked":"Twin Strike+1","floor":30}],"player_experience":661862,"relics_obtained":[{"floor":6.0,"key":"FossilizedHelix"},{"floor":9.0,"key":"Gambling Chip"},{"floor":14.0,"key":"Omamori"},{"floor":23,"key":"Peace Pipe"},{"floor":26,"key":"Kunai"}],"event_choices":[{"damage_healed":0.0,"max_hp_gain":0.0,"max_hp_loss":6.0,"gold_gain":0.0,"event_name":"Golden Idol","player_choice":"Lose Max HP","floor":2.0,"gold_loss":0.0,"damage_taken":0.0,"relics_obtained":["Golden Idol"]},{"damage_healed":0.0,"max_hp_gain":0.0,"max_hp_loss":0.0,"gold_gain":0.0,"event_name":"Match and Keep!","player_choice":"1 cards matched","floor":3.0,"gold_loss":0.0,"damage_taken":0.0,"cards_obtained":["Bash"]},{"damage_healed":0.0,"max_hp_gain":0.0,"max_hp_loss":0.0,"gold_gain":0.0,"event_name":"Scrap Ooze","player_choice":"Fled","floor":8.0,"gold_loss":0.0,"damage_taken":0.0},{"damage_healed":0.0,"max_hp_gain":0.0,"max_hp_loss":0.0,"gold_gain":0.0,"event_name":"FaceTrader","player_choice":"Trade","floor":19.0,"gold_loss":0.0,"damage_taken":0.0,"relics_obtained":["SsserpentHead"]},{"damage_healed":24.0,"max_hp_gain":0.0,"max_hp_loss":0.0,"gold_gain":0.0,"event_name":"The Library","player_choice":"Heal","floor":21.0,"gold_loss":0.0,"damage_taken":0.0},{"damage_healed":0,"gold_gain":0,"player_choice":"Bought 2 Potions","damage_taken":0,"max_hp_gain":0,"max_hp_loss":0,"event_name":"The Woman in Blue","floor":25,"gold_loss":0}],"is_beta":false,"boss_relics":[{"not_picked":["Snecko Eye","Tiny House"],"picked":"Black Blood"}],"items_purged_floors":[],"is_endless":false,"potions_floor_spawned":[4,6,11,14,18,20],"killed_by":"Automaton","ascension_level":12}