{"gold_per_floor":[119,119,135,148,148,148,175,175,175,175,17,28,42,13,13,90,90,106,32,44,55,55,55,72,91,117,40,40,57,57,77,77,77],"floor_reached":33,"playtime":1629,"items_purged":["Defend_B"],"score":498,"play_id":"08948f27-29b1-460a-b45c-f0eba00bd22a","local_time":"20190414152417","is_ascension_mode":true,"campfire_choices":[{"floor":6.0,"key":"REST"},{"floor":8.0,"key":"REST"},{"data":"Dualcast","floor":10.0,"key":"SMITH"},{"data":"Go for the Eyes","floor":15.0,"key":"SMITH"},{"floor":23.0,"key":"REST"},{"floor":32.0,"key":"REST"}],"neow_cost":"NONE","seed_source_timestamp":144014806400900,"circlet_count":0,"master_deck":["AscendersBane","Strike_B","Strike_B","Defend_B+1","Defend_B+1","Defend_B","Zap+1","Dualcast+1","Go for the Eyes+1","Streamline","Chill","Loop","Heatsinks","Capacitor","Conserve Battery","Reboot","Ball Lightning","Loop","Cold Snap+1","Coolheaded+1","Fission","Heatsinks","Streamline","Auto Shields","BootSequence"],"special_seed":0,"relics":["Cracked Core","Omamori","Shuriken","Mummified Hand","Cursed Key","Happy Flower"],"potions_floor_usage":[33,33],"damage_taken":[{"damage":4.0,"enemies":"Jaw Worm","floor":1.0,"turns":3.0},{"damage":11.0,"enemies":"2 Louse","floor":3.0,"turns":3.0},{"damage":0.0,"enemies":"Cultist","floor":4.0,"turns":3.0},{"damage":31.0,"enemies":"3 Sentries","floor":7.0,"turns":8.0},{"damage":0.0,"enemies":"Looter","floor":12.0,"turns":3.0},{"damage":1.0,"enemies":"3 Louse","floor":13.0,"turns":3.0},{"damage":10.0,"enemies":"Hexaghost","floor":16.0,"turns":8.0},{"damage":12.0,"enemies":"Spheric Guardian","floor":18.0,"turns":4.0},{"damage":25.0,"enemies":"Chosen","floor":20.0,"turns":6.0},{"damage":18.0,"enemies":"Shelled Parasite and Fungi","floor":21.0,"turns":5.0},{"damage":7.0,"enemies":"Centurion and Healer","floor":24.0,"turns":6.0},{"damage":6.0,"enemies":"3 Cultists","floor":25.0,"turns":5.0},{"damage":6.0,"enemies":"Shelled Parasite and Fungi","floor":29.0,"turns":6.0},{"damage":1.0,"enemies":"Centurion and Healer","floor":31.0,"turns":5.0},{"damage":55,"enemies":"Champ","floor":33,"turns":10}],"seed_played":"125282091454388400","potions_obtained":[{"floor":4.0,"key":"LiquidBronze"},{"floor":7.0,"key":"LiquidBronze"},{"floor":12.0,"key":"LiquidBronze"},{"floor":16.0,"key":"Poison Potion"},{"floor":24.0,"key":"Strength Potion"},{"floor":25.0,"key":"LiquidBronze"},{"floor":29.0,"key":"Dexterity Potion"},{"floor":31.0,"key":"LiquidBronze"}],"is_trial":false,"path_per_floor":["M","?","M","M","?","R","E","R","T","R","$","M","M","$","R","B",null,"M","$","M","M","?","R","M","M","T","$","?","M","?","M","R","B"],"character_chosen":"DEFECT","items_purchased":["Loop","Conserve Battery","Loop","Heatsinks"],"campfire_rested":4,"item_purchase_floors":[11,14,19,27],"current_hp_per_floor":[60,39,28,28,17,38,7,28,28,28,28,28,27,27,27,17,58,46,46,21,3,3,24,17,11,11,11,11,5,5,4,25,0],"gold":77,"neow_bonus":"UPGRADE_CARD","is_prod":false,"is_daily":false,"chose_seed":false,"campfire_upgraded":2,"win_rate":0,"timestamp":1555269857,"path_taken":["M","?","M","M","?","R","E","R","T","R","?","M","M","$","R","BOSS","M","$","M","M","?","R","M","M","T","$","?","M","?","M","R","BOSS"],"build_version":"2019-01-23","purchased_purges":1,"victory":false,"max_hp_per_floor":[71,71,71,71,71,71,71,71,71,71,71,71,71,71,71,71,71,71,71,71,71,71,71,71,71,71,71,71,71,71,71,71,71],"card_choices":[{"not_picked":["Stack","Hologram"],"picked":"Go for the Eyes","floor":1.0},{"not_picked":["Conserve Battery","Stack","Skim"],"picked":"SKIP","floor":3.0},{"not_picked":["Storm","Sweeping Beam"],"picked":"Streamline","floor":4.0},{"not_picked":["Compile Driver","Conserve Battery"],"picked":"Chill","floor":7.0},{"not_picked":["Redo","Leap"],"picked":"Heatsinks","floor":12.0},{"not_picked":["Barrage","Hologram"],"picked":"Capacitor","floor":13.0},{"not_picked":["Amplify","Thunder Strike"],"picked":"Reboot","floor":16.0},{"not_picked":["Steam","Reinforced Body"],"picked":"Ball Lightning","floor":18.0},{"not_picked":["Skim","Rebound"],"picked":"Cold Snap+1","floor":20.0},{"not_picked":["Double Energy","Aggregate"],"picked":"Coolheaded+1","floor":21.0},{"not_picked":["Compile Driver","Gash","Recycle"],"picked":"SKIP","floor":24.0},{"not_picked":["Auto Shields","Streamline"],"picked":"Fission","floor":25.0},{"not_picked":["Gash","Rebound"],"picked":"Streamline","floor":29.0},{"not_picked":["Compile Driver+1","Barrage","Sweeping Beam"],"picked":"SKIP","floor":31.0}],"player_experience":317371,"relics_obtained":[{"floor":7.0,"key":"Shuriken"},{"floor":9.0,"key":"Mummified Hand"},{"floor":26.0,"key":"Happy Flower"}],"event_choices":[{"damage_healed":0.0,"max_hp_gain":0.0,"max_hp_loss":0.0,"gold_gain":0.0,"event_name":"Shining Light","player_choice":"Entered Light","floor":2.0,"gold_loss":0.0,"damage_taken":21.0,"cards_upgraded":["Defend_B","Defend_B"]},{"damage_healed":0.0,"max_hp_gain":0.0,"max_hp_loss":0.0,"gold_gain":0.0,"event_name":"Scrap Ooze","player_choice":"Success","floor":5.0,"gold_loss":0.0,"damage_taken":11.0,"relics_obtained":["Omamori"]},{"damage_healed":0.0,"max_hp_gain":0.0,"max_hp_loss":0.0,"gold_gain":0.0,"event_name":"Forgotten Altar","player_choice":"Smashed Altar","floor":22.0,"gold_loss":0.0,"damage_taken":0.0,"cards_obtained":["Decay"]},{"damage_healed":0.0,"max_hp_gain":0.0,"max_hp_loss":0.0,"gold_gain":0.0,"event_name":"Cursed Tome","player_choice":"Ignored","floor":28.0,"gold_loss":0.0,"damage_taken":0.0},{"damage_healed":0.0,"max_hp_gain":0.0,"max_hp_loss":0.0,"gold_gain":0.0,"cards_transformed":["Strike_B","Strike_B"],"event_name":"Drug Dealer","player_choice":"Became Test Subject","floor":30.0,"gold_loss":0.0,"damage_taken":0.0,"cards_obtained":["Auto Shields","BootSequence"]}],"is_beta":false,"boss_relics":[{"not_picked":["Inserter","Velvet Choker"],"picked":"Cursed Key"}],"items_purged_floors":[11],"is_endless":false,"potions_floor_spawned":[4,7,12,16,24,25,29,31],"killed_by":"Champ","ascension_level":20}