{"gold_per_floor":[113,213,230,244,261,296,296,327,353,353,353,367,367,379,379,478,478,496,60,60,60,71,71,71],"floor_reached":24,"playtime":1122,"items_purged":["Pain"],"score":247,"play_id":"e00ec3a9-315e-4d1e-9229-fe615ab0dbbe","local_time":"20190320142002","is_ascension_mode":true,"campfire_choices":[{"data":"Sunder","floor":7,"key":"SMITH"},{"floor":10,"key":"REST"},{"data":"Consume","floor":15,"key":"SMITH"},{"data":"Multi-Cast","floor":23,"key":"SMITH"}],"neow_cost":"NONE","seed_source_timestamp":442375004487519,"circlet_count":0,"master_deck":["Strike_B+1","Strike_B","Strike_B","Defend_B","Defend_B","Defend_B+1","Defend_B","Zap","Dualcast","Sunder+1","Consume+1","Rebound","Chill","Sweeping Beam","Self Repair","Undo","Coolheaded","Echo Form+1","Regret","Writhe","Hologram+1","Multi-Cast+1","Glacier"],"relics":["Cracked Core","NeowsBlessing","Thread and Needle","Oddly Smooth Stone","Anchor","Calling Bell","Lantern","Shuriken","Dead Branch","Chemical X"],"potions_floor_usage":[5,16,16],"damage_taken":[{"damage":0,"enemies":"Small Slimes","floor":1,"turns":1},{"damage":0,"enemies":"Cultist","floor":3,"turns":1},{"damage":0,"enemies":"2 Louse","floor":4,"turns":1},{"damage":8,"enemies":"Large Slime","floor":5,"turns":3},{"damage":39,"enemies":"Lagavulin","floor":6,"turns":8},{"damage":13,"enemies":"3 Sentries","floor":8,"turns":5},{"damage":0,"enemies":"Exordium Thugs","floor":12,"turns":3},{"damage":0,"enemies":"Red Slaver","floor":14,"turns":4},{"damage":20,"enemies":"The Guardian","floor":16,"turns":12},{"damage":29,"enemies":"3 Byrds","floor":18,"turns":6},{"damage":13,"enemies":"Chosen","floor":22,"turns":5},{"damage":51,"enemies":"Slavers","floor":24,"turns":5}],"seed_played":"128973311289425001","potions_obtained":[{"floor":1,"key":"GamblersBrew"},{"floor":4,"key":"Fire Potion"},{"floor":6,"key":"AttackPotion"},{"floor":14,"key":"SteroidPotion"},{"floor":18,"key":"SpeedPotion"}],"is_trial":false,"path_per_floor":["M","?","M","M","M","E","R","E","T","R","?","M","?","M","R","B",null,"M","$","?","?","M","R","E"],"character_chosen":"DEFECT","items_purchased":["Multi-Cast","Chemical X"],"campfire_rested":1,"item_purchase_floors":[19,19],"current_hp_per_floor":[75,75,75,75,67,28,28,15,15,37,22,29,29,36,36,23,75,60,60,60,60,47,47,0],"gold":71,"neow_bonus":"THREE_ENEMY_KILL","is_prod":false,"is_daily":false,"chose_seed":false,"campfire_upgraded":3,"win_rate":0,"timestamp":1553059202,"path_taken":["M","?","M","?","M","E","R","E","T","R","?","M","?","M","R","BOSS","M","$","?","?","M","R","E"],"build_version":"2019-01-23","purchased_purges":1,"victory":false,"max_hp_per_floor":[75,75,75,75,75,75,75,75,75,75,75,75,75,75,75,75,75,75,75,75,75,75,75,75],"card_choices":[{"not_picked":["Ball Lightning","Redo"],"picked":"Sunder","floor":1},{"not_picked":["Double Energy","Capacitor"],"picked":"Consume","floor":3},{"not_picked":["Sunder","Doom and Gloom"],"picked":"Rebound","floor":4},{"not_picked":["Genetic Algorithm","Doom and Gloom"],"picked":"Chill","floor":5},{"not_picked":["Coolheaded","Beam Cell"],"picked":"Sweeping Beam","floor":6},{"not_picked":["Barrage","Static Discharge"],"picked":"Self Repair","floor":8},{"not_picked":["Scrape","Barrage"],"picked":"Undo","floor":12},{"not_picked":["Compile Driver","Storm"],"picked":"Coolheaded","floor":14},{"not_picked":["Multi-Cast","Buffer"],"picked":"Echo Form","floor":16},{"not_picked":["Stack","Genetic Algorithm+1"],"picked":"Hologram+1","floor":18},{"not_picked":["Consume","Melter"],"picked":"Glacier","floor":22}],"player_experience":455291,"relics_obtained":[{"floor":6,"key":"Thread and Needle"},{"floor":8,"key":"Oddly Smooth Stone"},{"floor":9,"key":"Anchor"},{"floor":17,"key":"Lantern"},{"floor":17,"key":"Shuriken"},{"floor":17,"key":"Dead Branch"}],"event_choices":[{"damage_healed":0,"gold_gain":100,"player_choice":"Pray","damage_taken":0,"max_hp_gain":0,"max_hp_loss":0,"event_name":"Golden Shrine","floor":2,"gold_loss":0},{"damage_healed":0,"gold_gain":0,"player_choice":"Entered Light","damage_taken":15,"max_hp_gain":0,"max_hp_loss":0,"event_name":"Shining Light","floor":11,"gold_loss":0,"cards_upgraded":["Strike_B","Defend_B"]},{"cards_removed":["Strike_B"],"damage_healed":0,"gold_gain":0,"player_choice":"Offered Basic","damage_taken":0,"max_hp_gain":0,"max_hp_loss":0,"event_name":"Bonfire Elementals","floor":13,"gold_loss":0},{"damage_healed":0,"gold_gain":0,"player_choice":"Ignored","damage_taken":0,"max_hp_gain":0,"max_hp_loss":0,"event_name":"Beggar","floor":20,"gold_loss":0},{"damage_healed":0,"gold_gain":0,"player_choice":"Upgraded","damage_taken":0,"max_hp_gain":0,"max_hp_loss":0,"event_name":"Upgrade Shrine","floor":21,"gold_loss":0,"cards_upgraded":["Echo Form"]}],"is_beta":false,"boss_relics":[{"not_picked":["Cursed Key","Fusion Hammer"],"picked":"Calling Bell"}],"items_purged_floors":[19],"is_endless":false,"potions_floor_spawned":[1,4,6,14,18],"killed_by":"Slavers","ascension_level":4}