{"gold_per_floor":[111,111,61,61,80,119,119,159,159,178,178,194,48,73,73,192,192,211,154,140,7,7,7,7,7,7,7,7,342,342,367,367,367],"floor_reached":33,"playtime":2420,"items_purged":["Strike_R"],"score":439,"play_id":"f1ec5581-c8f6-4e82-a3b4-dfb10b27f33e","local_time":"20190314154312","is_ascension_mode":true,"campfire_choices":[{"data":"Armaments","floor":7.0,"key":"SMITH"},{"floor":15.0,"key":"REST"},{"floor":23.0,"key":"REST"},{"data":"Armaments","floor":25.0,"key":"SMITH"},{"data":"Ghostly","floor":28,"key":"SMITH"},{"floor":30,"key":"REST"},{"floor":32,"key":"REST"}],"neow_cost":"NONE","seed_source_timestamp":2487457545185610,"circlet_count":0,"master_deck":["Strike_R","Strike_R","Strike_R","Defend_R","Defend_R","Defend_R","Defend_R","Bash","Cleave","Armaments+1","Inflame","Fiend Fire","Barricade","Iron Wave","Parasite","Sentinel","Power Through","True Grit","Impervious","Ghostly Armor","Wild Strike+1","Second Wind","Armaments+1","Entrench","Ghostly+1","Ghostly","Ghostly","Ghostly","Ghostly","Flame Barrier+1","Wild Strike"],"special_seed":0,"relics":["Burning Blood","NeowsBlessing","Golden Idol","Strawberry","Paper Frog","The Courier","Dream Catcher","Philosopher\u0027s Stone","Regal Pillow","PreservedInsect","Old Coin"],"potions_floor_usage":[29],"damage_taken":[{"damage":0.0,"enemies":"Jaw Worm","floor":1.0,"turns":1.0},{"damage":0.0,"enemies":"Small Slimes","floor":5.0,"turns":1.0},{"damage":0.0,"enemies":"Lagavulin","floor":6.0,"turns":1.0},{"damage":27.0,"enemies":"3 Sentries","floor":8.0,"turns":7.0},{"damage":0.0,"enemies":"2 Louse","floor":10.0,"turns":3.0},{"damage":1.0,"enemies":"Looter","floor":12.0,"turns":4.0},{"damage":9.0,"enemies":"Red Slaver","floor":14.0,"turns":5.0},{"damage":19.0,"enemies":"The Guardian","floor":16.0,"turns":16.0},{"damage":30.0,"enemies":"Spheric Guardian","floor":18.0,"turns":10.0},{"damage":19.0,"enemies":"2 Thieves","floor":20.0,"turns":4.0},{"damage":26.0,"enemies":"Colosseum Slavers","floor":24.0,"turns":7.0},{"damage":32,"enemies":"Slavers","floor":29,"turns":9},{"damage":1,"enemies":"Snecko","floor":31,"turns":8},{"damage":40,"enemies":"Champ","floor":33,"turns":20}],"seed_played":"5966337730075394495","potions_obtained":[{"floor":1.0,"key":"Energy Potion"},{"floor":6.0,"key":"Swift Potion"},{"floor":14.0,"key":"Explosive Potion"},{"floor":18.0,"key":"AttackPotion"},{"floor":20.0,"key":"Fire Potion"}],"is_trial":false,"path_per_floor":["M","?","$","?","M","E","R","E","T","M","?","M","$","M","R","B",null,"M","?","M","$","?","R","?","R","T","?","R","E","R","M","R","B"],"character_chosen":"IRONCLAD","items_purchased":["Armaments","Dream Catcher","Sentinel","Second Wind","Armaments"],"campfire_rested":4,"item_purchase_floors":[3,13,13,21,21],"current_hp_per_floor":[78,74,74,67,73,81,81,60,60,66,81,81,81,78,81,68,78,54,54,41,41,41,80,60,60,60,40,40,14,40,40,40,0],"gold":367,"neow_bonus":"THREE_ENEMY_KILL","is_prod":false,"is_daily":false,"chose_seed":false,"campfire_upgraded":3,"win_rate":0,"timestamp":1552545792,"path_taken":["M","?","$","?","M","E","R","E","T","M","?","M","$","M","R","BOSS","M","?","?","$","?","R","?","R","T","?","R","E","R","M","R","BOSS"],"build_version":"2019-01-23","purchased_purges":1,"victory":false,"max_hp_per_floor":[80,74,74,74,74,81,81,81,81,81,81,81,81,81,81,81,81,81,81,81,81,81,81,81,81,81,40,40,40,40,40,40,40],"card_choices":[{"not_picked":["Pommel Strike","Warcry"],"picked":"Cleave","floor":1.0},{"not_picked":["True Grit","Havoc"],"picked":"Inflame","floor":5.0},{"not_picked":["Immolate","Infernal Blade"],"picked":"Fiend Fire","floor":6.0},{"not_picked":["Flex","Havoc"],"picked":"Barricade","floor":8.0},{"not_picked":["Whirlwind","Havoc"],"picked":"Iron Wave","floor":10.0},{"not_picked":["Havoc","Pummel","Carnage"],"picked":"SKIP","floor":12.0},{"not_picked":["Havoc","Hemokinesis"],"picked":"Power Through","floor":14.0},{"not_picked":["Headbutt","Pummel"],"picked":"True Grit","floor":15.0},{"not_picked":["Feed","Exhume"],"picked":"Impervious","floor":16.0},{"not_picked":["Bloodletting","Power Through"],"picked":"Ghostly Armor","floor":18.0},{"not_picked":["Pommel Strike","Armaments"],"picked":"Wild Strike+1","floor":20.0},{"not_picked":["Seeing Red","Fire Breathing"],"picked":"Entrench","floor":23.0},{"not_picked":["Anger","Havoc","Armaments"],"picked":"SKIP","floor":29},{"not_picked":["Warcry","Pummel"],"picked":"Flame Barrier+1","floor":30},{"not_picked":["Clash+1","Flame Barrier","Pummel"],"picked":"SKIP","floor":31},{"not_picked":["Anger","Blood for Blood"],"picked":"Wild Strike","floor":32}],"player_experience":359712,"relics_obtained":[{"floor":6.0,"key":"Strawberry"},{"floor":8.0,"key":"Paper Frog"},{"floor":9.0,"key":"The Courier"},{"floor":26.0,"key":"PreservedInsect"},{"floor":29,"key":"Old Coin"}],"event_choices":[{"damage_healed":0.0,"max_hp_gain":0.0,"max_hp_loss":6.0,"gold_gain":0.0,"event_name":"Golden Idol","player_choice":"Lose Max HP","floor":2.0,"gold_loss":0.0,"damage_taken":0.0,"relics_obtained":["Golden Idol"]},{"cards_removed":["Strike_R"],"damage_healed":0.0,"max_hp_gain":0.0,"max_hp_loss":0.0,"gold_gain":0.0,"event_name":"Golden Wing","player_choice":"Card Removal","floor":4.0,"gold_loss":0.0,"damage_taken":7.0},{"damage_healed":20.0,"max_hp_gain":0.0,"max_hp_loss":0.0,"gold_gain":0.0,"event_name":"Mushrooms","player_choice":"Healed and dodged fight","floor":11.0,"gold_loss":0.0,"damage_taken":0.0,"cards_obtained":["Parasite"]},{"damage_healed":0.0,"max_hp_gain":0.0,"max_hp_loss":0.0,"gold_gain":0.0,"event_name":"WeMeetAgain","player_choice":"Paid Gold","floor":19.0,"gold_loss":57.0,"damage_taken":0.0,"relics_obtained":["Regal Pillow"]},{"damage_healed":0.0,"max_hp_gain":0.0,"max_hp_loss":0.0,"gold_gain":0.0,"event_name":"Beggar","player_choice":"Ignored","floor":22.0,"gold_loss":0.0,"damage_taken":0.0},{"damage_healed":0.0,"max_hp_gain":0.0,"max_hp_loss":0.0,"gold_gain":0.0,"event_name":"Colosseum","player_choice":"Fight","floor":24.0,"gold_loss":0.0,"damage_taken":0.0},{"damage_healed":0.0,"max_hp_gain":0.0,"max_hp_loss":0.0,"gold_gain":0.0,"event_name":"Colosseum","player_choice":"Fled From Nobs","floor":24.0,"gold_loss":0.0,"damage_taken":0.0},{"damage_healed":0.0,"max_hp_gain":0.0,"max_hp_loss":41.0,"gold_gain":0.0,"event_name":"Ghosts","player_choice":"Became a Ghost","floor":27.0,"gold_loss":0.0,"damage_taken":0.0,"cards_obtained":["Ghostly","Ghostly","Ghostly","Ghostly","Ghostly"]}],"is_beta":false,"boss_relics":[{"not_picked":["Runic Dome","Sozu"],"picked":"Philosopher\u0027s Stone"}],"items_purged_floors":[21],"is_endless":false,"potions_floor_spawned":[1,6,14,18,20,24],"killed_by":"Champ","ascension_level":8}