{"gold_per_floor":[116,116,116,116,41,41,57,57,82,82,93,126,126,45,45,45],"floor_reached":16,"playtime":665,"items_purged":["Strike_R"],"score":96,"play_id":"56838a79-c9c7-4163-8df6-7bf032248053","local_time":"20190308141438","is_ascension_mode":false,"campfire_choices":[{"floor":6.0,"key":"RECALL"},{"data":"Feel No Pain","floor":8.0,"key":"SMITH"},{"data":"True Grit","floor":13.0,"key":"SMITH"},{"data":"Body Slam","floor":15.0,"key":"SMITH"}],"neow_cost":"NONE","seed_source_timestamp":1965465603916935,"circlet_count":0,"master_deck":["Strike_R+1","Strike_R+1","Strike_R+1","Defend_R+1","Defend_R","Defend_R","Defend_R","Bash","Feel No Pain+1","Disarm","True Grit+1","Body Slam+1","Flame Barrier"],"special_seed":0,"relics":["Mark of Pain","Anchor","Whetstone"],"potions_floor_usage":[],"damage_taken":[{"damage":8.0,"enemies":"Jaw Worm","floor":1.0,"turns":3.0},{"damage":0.0,"enemies":"Cultist","floor":7.0,"turns":4.0},{"damage":5.0,"enemies":"Small Slimes","floor":11.0,"turns":5.0},{"damage":25.0,"enemies":"Gremlin Nob","floor":12.0,"turns":5.0},{"damage":31,"enemies":"Hexaghost","floor":16,"turns":8}],"seed_played":"4641660184403292292","potions_obtained":[{"floor":12.0,"key":"SpeedPotion"}],"is_trial":false,"path_per_floor":["M","?","$","T","$","R","M","R","T","?","M","E","R","$","R","B"],"character_chosen":"IRONCLAD","items_purchased":["Body Slam","Flame Barrier"],"campfire_rested":0,"item_purchase_floors":[14,14],"current_hp_per_floor":[72,72,72,72,72,72,72,72,72,56,51,26,26,26,26,0],"gold":45,"neow_bonus":"BOSS_RELIC","is_prod":false,"is_daily":false,"chose_seed":false,"campfire_upgraded":3,"win_rate":0,"timestamp":1552022078,"path_taken":["M","?","$","?","$","R","M","R","T","?","M","E","R","$","R","BOSS"],"build_version":"2019-01-23","purchased_purges":1,"victory":false,"max_hp_per_floor":[80,80,80,80,80,80,80,80,80,80,80,80,80,80,80,80],"card_choices":[{"not_picked":["Havoc","Thunderclap"],"picked":"Feel No Pain","floor":1.0},{"not_picked":["Seeing Red","Perfected Strike"],"picked":"Disarm","floor":7.0},{"not_picked":["Clash","Shrug It Off"],"picked":"True Grit","floor":11.0},{"not_picked":["Dual Wield","Havoc","Limit Break"],"picked":"SKIP","floor":12.0}],"player_experience":219691,"relics_obtained":[{"floor":9.0,"key":"Anchor"},{"floor":12.0,"key":"Whetstone"}],"event_choices":[{"cards_removed":["Strike_R"],"damage_healed":0.0,"max_hp_gain":0.0,"max_hp_loss":0.0,"gold_gain":0.0,"event_name":"Bonfire Elementals","player_choice":"Offered Basic","floor":2.0,"gold_loss":0.0,"damage_taken":0.0},{"damage_healed":0.0,"max_hp_gain":0.0,"max_hp_loss":0.0,"gold_gain":0.0,"event_name":"Shining Light","player_choice":"Entered Light","floor":10.0,"gold_loss":0.0,"damage_taken":16.0,"cards_upgraded":["Strike_R","Defend_R"]}],"is_beta":false,"boss_relics":[],"items_purged_floors":[5],"is_endless":false,"potions_floor_spawned":[12],"killed_by":"Hexaghost","ascension_level":0}