{"gold_per_floor":[117,117,7,27,27,58,233,233,256,256,285,297,328,8,8,113,113,132,132,144,154,79,79,92,110,110,122,122],"floor_reached":28,"playtime":1734,"items_purged":["Doubt"],"score":346,"play_id":"459a3575-b904-4f03-b2b0-ca1dca587a17","local_time":"20190323202153","is_ascension_mode":true,"campfire_choices":[{"data":"Darkness","floor":8.0,"key":"SMITH"},{"data":"Sunder","floor":10.0,"key":"SMITH"},{"data":"Fission","floor":15.0,"key":"SMITH"},{"data":"Creative AI","floor":23.0,"key":"SMITH"}],"neow_cost":"NONE","seed_source_timestamp":26657081784678,"circlet_count":0,"master_deck":["Strike_B","Strike_B","Strike_B","Strike_B","Defend_B","Defend_B","Defend_B","Defend_B","Zap","Dualcast","Darkness+1","Turbo","Self Repair","Sunder+1","Reinforced Body","Undo","Loop","Conserve Battery","Fusion","Creative AI+1","Fission+1","Coolheaded","Biased Cognition","Jack Of All Trades","Skim+1","Double Energy+1"],"special_seed":0,"relics":["Cracked Core","NeowsBlessing","StoneCalendar","Orichalcum","Bag of Marbles","Vajra","Ancient Tea Set","Lizard Tail","Blood Vial"],"potions_floor_usage":[27],"damage_taken":[{"damage":0.0,"enemies":"Jaw Worm","floor":1.0,"turns":1.0},{"damage":0.0,"enemies":"Cultist","floor":4.0,"turns":1.0},{"damage":0.0,"enemies":"Lagavulin","floor":6.0,"turns":1.0},{"damage":20.0,"enemies":"Gremlin Nob","floor":11.0,"turns":4.0},{"damage":0.0,"enemies":"2 Louse","floor":12.0,"turns":1.0},{"damage":0.0,"enemies":"3 Sentries","floor":13.0,"turns":7.0},{"damage":26.0,"enemies":"Hexaghost","floor":16.0,"turns":9.0},{"damage":5.0,"enemies":"2 Thieves","floor":18.0,"turns":3.0},{"damage":13.0,"enemies":"Chosen","floor":20.0,"turns":5.0},{"damage":36.0,"enemies":"Snake Plant","floor":21.0,"turns":4.0},{"damage":11.0,"enemies":"Snecko","floor":24.0,"turns":5.0},{"damage":19.0,"enemies":"Centurion and Healer","floor":25.0,"turns":7.0},{"damage":46,"enemies":"3 Cultists","floor":27,"turns":7},{"damage":16,"enemies":"Shelled Parasite and Fungi","floor":28,"turns":2}],"seed_played":"-4395176250405364782","potions_obtained":[{"floor":1.0,"key":"Regen Potion"},{"floor":11.0,"key":"Fire Potion"},{"floor":12.0,"key":"Block Potion"},{"floor":16.0,"key":"Explosive Potion"},{"floor":18.0,"key":"SneckoOil"},{"floor":24.0,"key":"Poison Potion"},{"floor":27,"key":"FearPotion"}],"is_trial":false,"path_per_floor":["M","?","$","M","T","E","?","R","T","R","E","M","E","$","R","B",null,"M","?","M","M","$","R","M","M","T","M","M"],"character_chosen":"DEFECT","items_purchased":["Self Repair","Sunder","Creative AI","Fission","Coolheaded"],"campfire_rested":0,"item_purchase_floors":[3,3,14,14,14],"current_hp_per_floor":[75,75,75,75,75,75,75,75,75,75,55,55,71,71,71,52,75,70,70,64,35,35,35,24,12,12,14,0],"gold":122,"neow_bonus":"THREE_ENEMY_KILL","is_prod":false,"is_daily":false,"chose_seed":false,"campfire_upgraded":4,"win_rate":0,"timestamp":1553340113,"path_taken":["M","?","?","?","?","E","?","R","T","R","E","M","E","$","R","BOSS","M","?","M","M","$","R","?","M","T","M","M"],"build_version":"2019-01-23","purchased_purges":1,"victory":false,"max_hp_per_floor":[75,75,75,75,75,75,75,75,75,75,75,75,75,75,75,75,75,75,75,75,75,75,75,75,75,75,75,75],"card_choices":[{"not_picked":["Conserve Battery","FTL"],"picked":"Darkness","floor":1.0},{"not_picked":["Leap","Redo"],"picked":"Reinforced Body","floor":4.0},{"not_picked":["Ball Lightning","Streamline"],"picked":"Undo","floor":6.0},{"not_picked":["Coolheaded","Compile Driver"],"picked":"Loop","floor":11.0},{"not_picked":["Rebound","Sweeping Beam"],"picked":"Conserve Battery","floor":12.0},{"not_picked":["Steam Power","Ball Lightning"],"picked":"Fusion","floor":13.0},{"not_picked":["Rainbow","Machine Learning"],"picked":"Biased Cognition","floor":16.0},{"not_picked":["Beam Cell","Steam","Reprogram"],"picked":"SKIP","floor":18.0},{"not_picked":["Conserve Battery","Reinforced Body"],"picked":"Skim+1","floor":20.0},{"not_picked":["Steam+1","Double Energy","Self Repair"],"picked":"SKIP","floor":21.0},{"not_picked":["Skim","Streamline","Storm"],"picked":"SKIP","floor":24.0},{"not_picked":["Sunder","Stack","Go for the Eyes"],"picked":"SKIP","floor":25.0},{"not_picked":["Stack","Leap"],"picked":"Double Energy+1","floor":27}],"player_experience":531513,"relics_obtained":[{"floor":5.0,"key":"StoneCalendar"},{"floor":6.0,"key":"Orichalcum"},{"floor":9.0,"key":"Bag of Marbles"},{"floor":11.0,"key":"Vajra"},{"floor":13.0,"key":"Ancient Tea Set"},{"floor":26.0,"key":"Blood Vial"}],"event_choices":[{"damage_healed":0.0,"max_hp_gain":0.0,"max_hp_loss":0.0,"gold_gain":0.0,"event_name":"Match and Keep!","player_choice":"1 cards matched","floor":2.0,"gold_loss":0.0,"damage_taken":0.0,"cards_obtained":["Turbo"]},{"damage_healed":0.0,"max_hp_gain":0.0,"max_hp_loss":0.0,"gold_gain":175.0,"event_name":"Liars Game","player_choice":"AGREE","floor":7.0,"gold_loss":0.0,"damage_taken":0.0,"cards_obtained":["Doubt"]},{"damage_healed":0.0,"max_hp_gain":0.0,"max_hp_loss":0.0,"gold_gain":0.0,"event_name":"Match and Keep!","player_choice":"1 cards matched","floor":19.0,"gold_loss":0.0,"damage_taken":0.0,"cards_obtained":["Jack Of All Trades"]}],"is_beta":false,"boss_relics":[{"not_picked":["Ectoplasm","Runic Dome"],"picked":"Lizard Tail"}],"items_purged_floors":[22],"is_endless":false,"potions_floor_spawned":[1,11,12,16,18,24,27],"killed_by":"Shelled Parasite and Fungi","ascension_level":4}