{"gold_per_floor":[115,135,135,161,190,202,244,275,287,299,323,362,374,405,417,528,540,566,578,610,622,74,74,74],"floor_reached":24,"playtime":964,"items_purged":[],"score":299,"play_id":"40a2f10f-376c-4bba-ac53-2a412c7c4dce","local_time":"20190405182523","is_ascension_mode":true,"campfire_choices":[{"data":"Streamline","floor":6,"key":"SMITH"},{"floor":10,"key":"REST"},{"data":"Turbo","floor":13,"key":"SMITH"},{"data":"Streamline","floor":15,"key":"SMITH"},{"data":"Panache","floor":23,"key":"SMITH"}],"neow_cost":"NONE","seed_source_timestamp":21171055450759,"circlet_count":0,"master_deck":["Strike_B","Strike_B","Strike_B","Strike_B","Defend_B","Defend_B","Defend_B","Defend_B","Zap","Dualcast","Steam","Streamline+1","Steam","Conserve Battery","Conserve Battery","Streamline+1","Self Repair","Turbo+1","Hyperbeam+1","Gash+1","Gash+1","FTL+1","Gash+1","Panache+1","Rebound+1","Glacier","Turbo"],"relics":["Cracked Core","DataDisk","MawBank","Strawberry","Ornamental Fan","Molten Egg 2","Velvet Choker","DollysMirror"],"potions_floor_usage":[16,18],"damage_taken":[{"damage":0,"enemies":"Small Slimes","floor":1,"turns":2},{"damage":2,"enemies":"Jaw Worm","floor":2,"turns":4},{"damage":1,"enemies":"Cultist","floor":5,"turns":3},{"damage":35,"enemies":"Gremlin Nob","floor":7,"turns":4},{"damage":1,"enemies":"Red Slaver","floor":8,"turns":2},{"damage":4,"enemies":"Looter","floor":11,"turns":3},{"damage":9,"enemies":"3 Sentries","floor":12,"turns":6},{"damage":18,"enemies":"Exordium Wildlife","floor":14,"turns":5},{"damage":23,"enemies":"Hexaghost","floor":16,"turns":9},{"damage":20,"enemies":"2 Thieves","floor":18,"turns":4},{"damage":14,"enemies":"Spheric Guardian","floor":20,"turns":4},{"damage":43,"enemies":"Slavers","floor":24,"turns":3}],"seed_played":"962567296607444498","potions_obtained":[{"floor":1,"key":"FocusPotion"},{"floor":8,"key":"SteroidPotion"},{"floor":14,"key":"LiquidBronze"},{"floor":18,"key":"Fruit Juice"}],"is_trial":false,"path_per_floor":["M","M","?","T","M","R","E","M","T","R","M","E","R","M","R","B",null,"M","?","M","?","$","R","E"],"character_chosen":"DEFECT","items_purchased":["DollysMirror","Panache","Rebound+1","Glacier","Turbo"],"campfire_rested":1,"item_purchase_floors":[22,22,22,22,22],"current_hp_per_floor":[68,66,54,54,53,53,25,24,24,48,44,35,35,24,24,8,64,49,49,42,42,42,42,0],"gold":74,"neow_bonus":"THREE_CARDS","is_prod":false,"is_daily":false,"chose_seed":false,"campfire_upgraded":4,"win_rate":0,"timestamp":1554481523,"path_taken":["M","M","?","?","?","R","E","M","T","R","M","E","R","M","R","BOSS","M","?","M","?","?","R","E"],"build_version":"2019-01-23","purchased_purges":0,"victory":false,"max_hp_per_floor":[75,75,75,75,75,75,82,82,82,82,82,82,82,82,82,82,82,87,87,87,87,87,87,87],"card_choices":[{"not_picked":["Turbo","Redo"],"picked":"Steam","floor":0},{"not_picked":["Fusion","Darkness"],"picked":"Streamline","floor":1},{"not_picked":["Rip and Tear","Conserve Battery"],"picked":"Steam","floor":2},{"not_picked":["Compile Driver","Static Discharge"],"picked":"Conserve Battery","floor":5},{"not_picked":["Stack","Meteor Strike"],"picked":"Conserve Battery","floor":7},{"not_picked":["Steam","Cold Snap"],"picked":"Streamline","floor":8},{"not_picked":["Scrape","Barrage"],"picked":"Self Repair","floor":11},{"not_picked":["Rebound","Undo"],"picked":"Turbo","floor":12},{"not_picked":["Stack","Blizzard+1","Compile Driver+1"],"picked":"SKIP","floor":14},{"not_picked":["Fission","Thunder Strike+1"],"picked":"Hyperbeam+1","floor":16},{"not_picked":["Undo","Rebound+1"],"picked":"Gash+1","floor":18},{"not_picked":["Rebound+1","Compile Driver+1"],"picked":"Gash+1","floor":20}],"player_experience":226533,"relics_obtained":[{"floor":4,"key":"MawBank"},{"floor":7,"key":"Strawberry"},{"floor":9,"key":"Ornamental Fan"},{"floor":12,"key":"Molten Egg 2"}],"event_choices":[{"damage_healed":0,"gold_gain":0,"player_choice":"Success","damage_taken":12,"relics_obtained":["DataDisk"],"max_hp_gain":0,"max_hp_loss":0,"event_name":"Scrap Ooze","floor":3,"gold_loss":0},{"damage_healed":0,"gold_gain":0,"player_choice":"Ignored","damage_taken":0,"max_hp_gain":0,"max_hp_loss":0,"event_name":"Vampires","floor":19,"gold_loss":0},{"damage_healed":0,"gold_gain":0,"player_choice":"Read","damage_taken":0,"max_hp_gain":0,"max_hp_loss":0,"event_name":"The Library","floor":21,"gold_loss":0,"cards_obtained":["FTL"]}],"is_beta":false,"boss_relics":[{"not_picked":["Orrery","Inserter"],"picked":"Velvet Choker"}],"items_purged_floors":[],"is_endless":false,"potions_floor_spawned":[1,8,14,18],"killed_by":"Slavers","ascension_level":9}