{"gold_per_floor":[117,5,5,5,5,5,39,60,135,171,346,346,382,382,382,382],"floor_reached":16,"playtime":357,"items_purged":["Strike_R"],"score":236,"play_id":"927ad72a-5dea-47d3-995c-40429373874f","local_time":"20190319135921","is_ascension_mode":true,"campfire_choices":[{"data":"Evolve","floor":12,"key":"SMITH"},{"floor":15,"key":"REST"}],"neow_cost":"NONE","seed_source_timestamp":355494256587283,"circlet_count":0,"master_deck":["AscendersBane","Strike_R","Strike_R","Strike_R","Defend_R","Defend_R","Defend_R+1","Defend_R","Bash+1","Wild Strike","Evolve+1","Regret","Injury","Offering","Wild Strike","Corruption","Doubt","Sentinel"],"relics":["Burning Blood","NeowsBlessing","Darkstone Periapt","Golden Idol","Ancient Tea Set","Shuriken","WingedGreaves","Champion Belt"],"potions_floor_usage":[13],"damage_taken":[{"damage":0,"enemies":"Small Slimes","floor":1,"turns":1},{"damage":0,"enemies":"Lagavulin","floor":7,"turns":1},{"damage":0,"enemies":"2 Louse","floor":8,"turns":1},{"damage":40,"enemies":"Gremlin Nob","floor":10,"turns":4},{"damage":43,"enemies":"Lagavulin","floor":13,"turns":6},{"damage":48,"enemies":"Hexaghost","floor":16,"turns":7}],"seed_played":"2915085979843419312","potions_obtained":[{"floor":1,"key":"SteroidPotion"},{"floor":8,"key":"Regen Potion"},{"floor":13,"key":"Dexterity Potion"}],"is_trial":false,"path_per_floor":["M","$","?","?","?","$","E","M","T","E","?","R","E","?","R","B"],"character_chosen":"IRONCLAD","items_purchased":["Evolve"],"campfire_rested":1,"item_purchase_floors":[2],"current_hp_per_floor":[74,74,67,73,79,79,85,87,87,53,59,59,36,17,44,0],"gold":382,"neow_bonus":"THREE_ENEMY_KILL","is_prod":false,"is_daily":false,"chose_seed":false,"campfire_upgraded":1,"win_rate":0,"timestamp":1552971561,"path_taken":["M","$","?","?","?","?","E","?","T","E","?","R","E","?","R","BOSS"],"build_version":"2019-01-23","purchased_purges":1,"victory":false,"max_hp_per_floor":[75,75,75,81,87,87,87,87,87,87,93,93,93,93,93,93],"card_choices":[{"not_picked":["Blood for Blood","Power Through"],"picked":"Wild Strike","floor":1},{"not_picked":["Shockwave","Warcry"],"picked":"Offering","floor":7},{"not_picked":["Perfected Strike","Flame Barrier"],"picked":"Wild Strike","floor":8},{"not_picked":["Clothesline","Pummel"],"picked":"Corruption","floor":10},{"not_picked":["Pommel Strike","Entrench"],"picked":"Sentinel","floor":13}],"player_experience":430018,"relics_obtained":[{"floor":7,"key":"Ancient Tea Set"},{"floor":9,"key":"Shuriken"},{"floor":10,"key":"WingedGreaves"},{"floor":13,"key":"Champion Belt"}],"event_choices":[{"cards_removed":["Strike_R"],"damage_healed":0,"gold_gain":0,"player_choice":"Card Removal","damage_taken":7,"max_hp_gain":0,"max_hp_loss":0,"event_name":"Golden Wing","floor":3,"gold_loss":0},{"damage_healed":0,"gold_gain":0,"player_choice":"Box","damage_taken":0,"relics_obtained":["Darkstone Periapt"],"max_hp_gain":0,"max_hp_loss":0,"event_name":"Big Fish","floor":4,"gold_loss":0,"cards_obtained":["Regret"]},{"damage_healed":0,"gold_gain":0,"player_choice":"Take Wound","damage_taken":0,"relics_obtained":["Golden Idol"],"max_hp_gain":0,"max_hp_loss":0,"event_name":"Golden Idol","floor":5,"gold_loss":0,"cards_obtained":["Injury"]},{"damage_healed":0,"gold_gain":175,"player_choice":"AGREE","damage_taken":0,"max_hp_gain":0,"max_hp_loss":0,"event_name":"Liars Game","floor":11,"gold_loss":0,"cards_obtained":["Doubt"]},{"damage_healed":0,"gold_gain":0,"player_choice":"Entered Light","damage_taken":19,"max_hp_gain":0,"max_hp_loss":0,"event_name":"Shining Light","floor":14,"gold_loss":0,"cards_upgraded":["Bash","Defend_R"]}],"is_beta":false,"boss_relics":[],"items_purged_floors":[2],"is_endless":false,"potions_floor_spawned":[1,8,13],"killed_by":"Hexaghost","ascension_level":14}