{"gold_per_floor":[114,189,189,41,64,100,123,146,169,344,344,379,379,413,413,413],"floor_reached":16,"playtime":474,"items_purged":[],"score":243,"play_id":"8eb6d619-776b-4f2c-ace2-b66430413367","local_time":"20190319173419","is_ascension_mode":true,"campfire_choices":[{"floor":13,"key":"REST"},{"floor":15,"key":"REST"}],"neow_cost":"NONE","seed_source_timestamp":368274343097604,"circlet_count":0,"master_deck":["AscendersBane","Strike_R","Strike_R","Strike_R","Strike_R","Strike_R","Defend_R","Defend_R","Defend_R+1","Defend_R+1","Bash","Perfected Strike","Uppercut","Evolve","Armaments","Doubt","Perfected Strike"],"relics":["Burning Blood","NeowsBlessing","Golden Idol","Bag of Marbles","War Paint","Boot","Matryoshka","PreservedInsect","Dodecahedron"],"potions_floor_usage":[16,16],"damage_taken":[{"damage":0,"enemies":"2 Louse","floor":1,"turns":1},{"damage":0,"enemies":"Cultist","floor":5,"turns":1},{"damage":0,"enemies":"Lagavulin","floor":6,"turns":1},{"damage":7,"enemies":"Small Slimes","floor":7,"turns":3},{"damage":6,"enemies":"2 Fungi Beasts","floor":8,"turns":3},{"damage":37,"enemies":"3 Sentries","floor":12,"turns":10},{"damage":27,"enemies":"Lagavulin","floor":14,"turns":5},{"damage":58,"enemies":"The Guardian","floor":16,"turns":11}],"seed_played":"3623073582987382405","potions_obtained":[{"floor":5,"key":"GamblersBrew"},{"floor":7,"key":"SpeedPotion"},{"floor":12,"key":"BloodPotion"}],"is_trial":false,"path_per_floor":["M","?","?","$","M","E","M","M","T","?","T","E","R","E","R","B"],"character_chosen":"IRONCLAD","items_purchased":["Bag of Marbles"],"campfire_rested":2,"item_purchase_floors":[4],"current_hp_per_floor":[74,63,45,45,51,57,56,56,56,56,56,25,47,26,48,0],"gold":413,"neow_bonus":"THREE_ENEMY_KILL","is_prod":false,"is_daily":false,"chose_seed":false,"campfire_upgraded":0,"win_rate":0,"timestamp":1552984459,"path_taken":["M","?","?","$","M","E","M","M","T","?","?","E","R","E","R","BOSS"],"build_version":"2019-01-23","purchased_purges":0,"victory":false,"max_hp_per_floor":[75,75,75,75,75,75,75,75,75,75,75,75,75,75,75,75],"card_choices":[{"not_picked":["Twin Strike","Havoc"],"picked":"Perfected Strike","floor":1},{"not_picked":["Carnage","Rampage"],"picked":"Uppercut","floor":5},{"not_picked":["Power Through","Perfected Strike"],"picked":"Evolve","floor":6},{"not_picked":["Wild Strike","Fire Breathing"],"picked":"Armaments","floor":7},{"not_picked":["Searing Blow","Sever Soul","Thunderclap"],"picked":"SKIP","floor":8},{"not_picked":["Bloodletting","Burning Pact"],"picked":"Perfected Strike","floor":12},{"not_picked":["Rage","True Grit","Heavy Blade"],"picked":"SKIP","floor":14}],"player_experience":437686,"relics_obtained":[{"floor":6,"key":"War Paint"},{"floor":9,"key":"Boot"},{"floor":11,"key":"Matryoshka"},{"floor":12,"key":"PreservedInsect"},{"floor":14,"key":"Dodecahedron"}],"event_choices":[{"damage_healed":0,"gold_gain":75,"player_choice":"Gather Gold","damage_taken":11,"max_hp_gain":0,"max_hp_loss":0,"event_name":"World of Goop","floor":2,"gold_loss":0},{"damage_healed":0,"gold_gain":0,"player_choice":"Take Damage","damage_taken":18,"relics_obtained":["Golden Idol"],"max_hp_gain":0,"max_hp_loss":0,"event_name":"Golden Idol","floor":3,"gold_loss":0},{"damage_healed":0,"gold_gain":175,"player_choice":"AGREE","damage_taken":0,"max_hp_gain":0,"max_hp_loss":0,"event_name":"Liars Game","floor":10,"gold_loss":0,"cards_obtained":["Doubt"]}],"is_beta":false,"boss_relics":[],"items_purged_floors":[],"is_endless":false,"potions_floor_spawned":[5,7,12],"killed_by":"The Guardian","ascension_level":14}