{"gold_per_floor":[109,109,123,137,157,157,212,224,251,251,251,271,289,301,301,406,406],"floor_reached":17,"playtime":1051,"items_purged":[],"score":211,"play_id":"b060c6cc-1ae9-4ecb-87f3-677ac4909c9f","local_time":"20190408225113","is_ascension_mode":false,"campfire_choices":[{"data":"Bash","floor":6,"key":"SMITH"},{"data":"Immolate","floor":11,"key":"SMITH"},{"data":"Armaments","floor":15,"key":"SMITH"}],"neow_cost":"PERCENT_DAMAGE","seed_source_timestamp":1898565999481300,"circlet_count":0,"master_deck":["Strike_R","Strike_R","Strike_R","Strike_R","Defend_R","Defend_R","Defend_R","Bash+1","Fire Breathing","Pommel Strike","Iron Wave","Metallicize","Bloodletting","Shrug It Off","Immolate+1","Headbutt","Regret","Combust","Armaments+1","Burning Pact","Feed","True Grit","Shrug It Off","Uppercut","Corruption","Shockwave"],"relics":["Burning Blood","Tiny Chest","Blood Vial","Boot","Orrery"],"potions_floor_usage":[7,16,16,16],"damage_taken":[{"damage":6,"enemies":"Cultist","floor":1,"turns":3},{"damage":1,"enemies":"2 Louse","floor":3,"turns":3},{"damage":2,"enemies":"Small Slimes","floor":4,"turns":4},{"damage":9,"enemies":"Looter","floor":5,"turns":3},{"damage":23,"enemies":"Lagavulin","floor":7,"turns":7},{"damage":4,"enemies":"2 Fungi Beasts","floor":8,"turns":3},{"damage":2,"enemies":"Large Slime","floor":12,"turns":4},{"damage":15,"enemies":"Blue Slaver","floor":13,"turns":2},{"damage":6,"enemies":"2 Fungi Beasts","floor":14,"turns":3},{"damage":11,"enemies":"Slime Boss","floor":16,"turns":5}],"seed_played":"-4111641905510274636","potions_obtained":[{"floor":1,"key":"Dexterity Potion"},{"floor":3,"key":"Fire Potion"},{"floor":5,"key":"Strength Potion"},{"floor":14,"key":"Poison Potion"}],"is_trial":false,"path_per_floor":["M","?","M","M","M","R","E","M","T","?","R","M","M","M","R","B",null],"character_chosen":"IRONCLAD","items_purchased":[],"campfire_rested":0,"item_purchase_floors":[],"current_hp_per_floor":[56,56,61,65,62,62,45,47,47,47,47,53,46,48,48,45,45],"gold":406,"neow_bonus":"TRANSFORM_TWO_CARDS","is_prod":false,"is_daily":false,"chose_seed":false,"campfire_upgraded":3,"win_rate":0,"timestamp":1554789073,"path_taken":["M","?","?","M","M","R","E","M","T","?","R","M","M","M","R","BOSS"],"build_version":"2019-01-23","purchased_purges":0,"victory":false,"max_hp_per_floor":[80,80,80,80,80,80,80,80,80,80,80,80,80,80,80,80,80],"card_choices":[{"not_picked":["Feel No Pain","Flex"],"picked":"Pommel Strike","floor":1},{"not_picked":["Armaments","Flex"],"picked":"Metallicize","floor":3},{"not_picked":["Anger","Warcry"],"picked":"Bloodletting","floor":4},{"not_picked":["Body Slam","Searing Blow"],"picked":"Shrug It Off","floor":5},{"not_picked":["Hemokinesis","Flex"],"picked":"Immolate","floor":7},{"not_picked":["Iron Wave","Sword Boomerang"],"picked":"Headbutt","floor":8},{"not_picked":["Second Wind","Shrug It Off"],"picked":"Combust","floor":12},{"not_picked":["Clothesline","Carnage"],"picked":"Armaments","floor":13},{"not_picked":["Rage","Uppercut"],"picked":"Burning Pact","floor":14},{"not_picked":["Impervious","Reaper"],"picked":"Feed","floor":16},{"not_picked":["Bloodletting","Thunderclap"],"picked":"True Grit","floor":17},{"not_picked":["Anger","Warcry"],"picked":"Shrug It Off","floor":17},{"not_picked":["Thunderclap","Blood for Blood"],"picked":"Uppercut","floor":17},{"not_picked":["Body Slam","Clothesline"],"picked":"Corruption","floor":17},{"not_picked":["Entrench","Flex"],"picked":"Shockwave","floor":17}],"player_experience":141284,"relics_obtained":[{"floor":7,"key":"Tiny Chest"},{"floor":9,"key":"Blood Vial"}],"event_choices":[{"cards_removed":["Havoc"],"damage_healed":0,"gold_gain":0,"player_choice":"Took Card","damage_taken":0,"max_hp_gain":0,"max_hp_loss":0,"event_name":"NoteForYourself","floor":2,"gold_loss":0,"cards_obtained":["Iron Wave"]},{"damage_healed":0,"gold_gain":0,"player_choice":"Box","damage_taken":0,"relics_obtained":["Boot"],"max_hp_gain":0,"max_hp_loss":0,"event_name":"Big Fish","floor":10,"gold_loss":0,"cards_obtained":["Regret"]}],"is_beta":false,"boss_relics":[{"not_picked":["Runic Pyramid","Runic Dome"],"picked":"Orrery"}],"items_purged_floors":[],"is_endless":false,"potions_floor_spawned":[1,3,5,14],"ascension_level":0}