{"gold_per_floor":[210,160,5,19,19,19,30,30,30,48,81,81,16,31,31,31],"floor_reached":16,"playtime":699,"items_purged":[],"score":145,"play_id":"2e5d2372-c040-428b-b810-4cbe5ca7c153","local_time":"20190405175143","is_ascension_mode":true,"campfire_choices":[{"data":"Zap","floor":6,"key":"SMITH"},{"data":"Echo Form","floor":8,"key":"SMITH"},{"floor":15,"key":"REST"}],"neow_cost":"NONE","seed_source_timestamp":19416174169243,"circlet_count":0,"master_deck":["Strike_B","Strike_B","Strike_B","Defend_B","Defend_B","Defend_B","Zap+1","Dualcast","Beam Cell","FTL","Echo Form+1","Turbo","Creative AI","Injury","Turbo","Heatsinks"],"relics":["Cracked Core","Lantern","The Courier","Pantograph","Golden Idol"],"potions_floor_usage":[16],"damage_taken":[{"damage":2,"enemies":"Jaw Worm","floor":1,"turns":4},{"damage":0,"enemies":"2 Louse","floor":4,"turns":2},{"damage":0,"enemies":"Cultist","floor":7,"turns":3},{"damage":3,"enemies":"3 Louse","floor":10,"turns":2},{"damage":32,"enemies":"Gremlin Nob","floor":11,"turns":4},{"damage":30,"enemies":"Large Slime","floor":14,"turns":7},{"damage":56,"enemies":"Slime Boss","floor":16,"turns":10}],"seed_played":"3292675050618703748","potions_obtained":[{"floor":4,"key":"Poison Potion"},{"floor":11,"key":"FearPotion"},{"floor":14,"key":"Dexterity Potion"}],"is_trial":false,"path_per_floor":["M","?","$","M","?","R","M","R","T","M","E","?","$","M","R","B"],"character_chosen":"DEFECT","items_purchased":["Lantern","Turbo","Heatsinks"],"campfire_rested":1,"item_purchase_floors":[3,13,13],"current_hp_per_floor":[66,66,66,66,66,66,66,66,66,63,31,31,31,1,23,0],"gold":31,"neow_bonus":"HUNDRED_GOLD","is_prod":false,"is_daily":false,"chose_seed":false,"campfire_upgraded":2,"win_rate":0,"timestamp":1554479503,"path_taken":["M","?","$","M","?","R","M","R","T","?","E","?","$","M","R","BOSS"],"build_version":"2019-01-23","purchased_purges":0,"victory":false,"max_hp_per_floor":[75,75,75,75,75,75,75,75,75,75,75,75,75,75,75,75],"card_choices":[{"not_picked":["Hologram","Cold Snap"],"picked":"Beam Cell","floor":1},{"not_picked":["Coolheaded","Gash"],"picked":"FTL","floor":4},{"not_picked":["Loop","Defragment"],"picked":"Echo Form","floor":7},{"not_picked":["Genetic Algorithm","Cold Snap"],"picked":"Turbo","floor":10},{"not_picked":["Sweeping Beam","Cold Snap"],"picked":"Creative AI","floor":11},{"not_picked":["Stack","Barrage","Doom and Gloom"],"picked":"SKIP","floor":14}],"player_experience":224798,"relics_obtained":[{"floor":9,"key":"The Courier"},{"floor":11,"key":"Pantograph"}],"event_choices":[{"cards_removed":["Strike_B"],"damage_healed":0,"gold_gain":0,"player_choice":"Card Removal","damage_taken":0,"max_hp_gain":0,"max_hp_loss":0,"event_name":"The Cleric","floor":2,"gold_loss":50},{"cards_removed":["Defend_B"],"damage_healed":0,"gold_gain":0,"player_choice":"Offered Basic","damage_taken":0,"max_hp_gain":0,"max_hp_loss":0,"event_name":"Bonfire Elementals","floor":5,"gold_loss":0},{"damage_healed":0,"gold_gain":0,"player_choice":"Take Wound","damage_taken":0,"relics_obtained":["Golden Idol"],"max_hp_gain":0,"max_hp_loss":0,"event_name":"Golden Idol","floor":12,"gold_loss":0,"cards_obtained":["Injury"]}],"is_beta":false,"boss_relics":[],"items_purged_floors":[],"is_endless":false,"potions_floor_spawned":[4,11,14],"killed_by":"Slime Boss","ascension_level":9}