{"gold_per_floor":[111,130,130,150,168,168,199,217,217,217,242,242,272,288,288,385,385],"floor_reached":17,"playtime":722,"items_purged":[],"score":274,"play_id":"903eef79-d003-409d-95c7-1e799316ac4c","local_time":"20190410131101","is_ascension_mode":true,"campfire_choices":[{"data":"Gash","floor":6,"key":"SMITH"},{"floor":10,"key":"REST"},{"floor":12,"key":"REST"},{"floor":15,"key":"REST"}],"neow_cost":"NONE","seed_source_timestamp":11953079914536,"circlet_count":0,"master_deck":["AscendersBane","Strike_B","Strike_B","Strike_B","Defend_B","Defend_B","Defend_B","Defend_B","Zap+1","Dualcast","Gash+1","Cold Snap","Melter","Doom and Gloom","Steam","Genetic Algorithm+1","Gash","Core Surge","Chaos+1","White Noise+1","All For One"],"relics":["FrozenCore","Toxic Egg 2","Ornamental Fan","Question Card","Pen Nib"],"potions_floor_usage":[8,16],"damage_taken":[{"damage":1,"enemies":"Cultist","floor":1,"turns":3},{"damage":2,"enemies":"Jaw Worm","floor":2,"turns":4},{"damage":2,"enemies":"2 Louse","floor":4,"turns":3},{"damage":16,"enemies":"Lots of Slimes","floor":5,"turns":4},{"damage":17,"enemies":"3 Sentries","floor":7,"turns":5},{"damage":8,"enemies":"Large Slime","floor":8,"turns":4},{"damage":32,"enemies":"Lagavulin","floor":11,"turns":8},{"damage":31,"enemies":"Gremlin Nob","floor":13,"turns":4},{"damage":0,"enemies":"Exordium Wildlife","floor":14,"turns":4},{"damage":23,"enemies":"The Guardian","floor":16,"turns":12}],"seed_played":"-2427224193019180852","potions_obtained":[{"floor":1,"key":"SteroidPotion"},{"floor":7,"key":"Dexterity Potion"},{"floor":13,"key":"PowerPotion"},{"floor":16,"key":"Ancient Potion"}],"is_trial":false,"path_per_floor":["M","M","?","M","M","R","E","M","T","R","E","R","E","M","R","B",null],"character_chosen":"DEFECT","items_purchased":[],"campfire_rested":3,"item_purchase_floors":[],"current_hp_per_floor":[67,65,65,63,47,47,30,22,22,44,12,34,3,3,25,2,57],"gold":385,"neow_bonus":"TRANSFORM_CARD","is_prod":false,"is_daily":false,"chose_seed":false,"campfire_upgraded":1,"win_rate":0,"timestamp":1554869461,"path_taken":["M","?","?","M","?","R","E","?","T","R","E","R","E","M","R","BOSS"],"build_version":"2019-01-23","purchased_purges":0,"victory":false,"max_hp_per_floor":[75,75,75,75,75,75,75,75,75,75,75,75,75,75,75,75,75],"card_choices":[{"not_picked":["Force Field","Redo"],"picked":"Cold Snap","floor":1},{"not_picked":["Streamline","Cold Snap"],"picked":"Melter","floor":2},{"not_picked":["Aggregate","Barrage"],"picked":"Doom and Gloom","floor":4},{"not_picked":["Tempest","Sweeping Beam"],"picked":"Steam","floor":5},{"not_picked":["Scrape","Hello World"],"picked":"Genetic Algorithm","floor":7},{"not_picked":["Turbo+1","Steam+1"],"picked":"Gash","floor":8},{"not_picked":["Rebound","Stack+1"],"picked":"Core Surge","floor":11},{"not_picked":["Lockon","Steam+1","Coolheaded+1"],"picked":"Chaos+1","floor":13},{"not_picked":["BootSequence+1","Rebound","Turbo+1"],"picked":"White Noise+1","floor":14},{"not_picked":["Thunder Strike","Buffer","Biased Cognition"],"picked":"All For One","floor":16}],"player_experience":535824,"relics_obtained":[{"floor":7,"key":"Toxic Egg 2"},{"floor":9,"key":"Ornamental Fan"},{"floor":11,"key":"Question Card"},{"floor":13,"key":"Pen Nib"}],"event_choices":[{"damage_healed":0,"gold_gain":0,"player_choice":"Upgraded","damage_taken":0,"max_hp_gain":0,"max_hp_loss":0,"event_name":"Upgrade Shrine","floor":3,"gold_loss":0,"cards_upgraded":["Zap"]}],"is_beta":false,"boss_relics":[{"not_picked":["Sozu","Nuclear Battery"],"picked":"FrozenCore"}],"items_purged_floors":[],"is_endless":false,"potions_floor_spawned":[1,7,13,14,16],"ascension_level":11}