{"gold_per_floor":[112,124,134,146,14,14,14,14,14,14,24,35,48,68,68,141,141,151,168,168,186,137,137,137,194,194,204,254,254,25,60,60,133,133,149,161,171,171,30,30,57,157,157,170,181,181,197,227,227,227],"floor_reached":51,"playtime":5161,"items_purged":[],"score":1302,"play_id":"47e0b836-7df3-4316-88d0-4477e9bbb9f7","local_time":"20190415145613","is_ascension_mode":true,"campfire_choices":[{"data":"Recycle","floor":6.0,"key":"SMITH"},{"data":"Defragment","floor":10.0,"key":"SMITH"},{"data":"Double Energy","floor":15.0,"key":"SMITH"},{"data":"Barrage","floor":23.0,"key":"SMITH"},{"floor":29.0,"key":"REST"},{"data":"Buffer","floor":32.0,"key":"SMITH"},{"data":"Go for the Eyes","floor":40,"key":"SMITH"},{"data":"Loop","floor":46,"key":"SMITH"},{"data":"Reinforced Body","floor":49,"key":"SMITH"}],"neow_cost":"NONE","seed_source_timestamp":13319409406674,"circlet_count":0,"master_deck":["AscendersBane","Zap","Dualcast","Compile Driver","Self Repair","Go for the Eyes+1","Force Field","Defragment+1","Double Energy+1","Ball Lightning","Reinforced Body+1","Hello World","Leap","Leap","Recycle+1","Genetic Algorithm","Loop+1","Glacier","Buffer+1","Hologram+1","Barrage+1","Static Discharge","Conserve Battery+1","Reinforced Body+1","Seek+1","Chill+1","Recycle+1","Core Surge","Capacitor","White Noise+1","Coolheaded+1","Coolheaded+1"],"special_seed":0,"relics":["Pandora\u0027s Box","Thread and Needle","Blue Candle","Inserter","Tiny Chest","Toxic Egg 2","PreservedInsect","Blood Vial","Nuclear Battery","Kunai","Emotion Chip","Mercury Hourglass","Frozen Egg 2"],"potions_floor_usage":[36,42,44],"damage_taken":[{"damage":4.0,"enemies":"Cultist","floor":1.0,"turns":3.0},{"damage":12.0,"enemies":"Jaw Worm","floor":2.0,"turns":4.0},{"damage":16.0,"enemies":"Small Slimes","floor":3.0,"turns":3.0},{"damage":29.0,"enemies":"Exordium Thugs","floor":4.0,"turns":5.0},{"damage":1.0,"enemies":"Looter","floor":11.0,"turns":4.0},{"damage":18.0,"enemies":"Gremlin Gang","floor":12.0,"turns":5.0},{"damage":0.0,"enemies":"Large Slime","floor":13.0,"turns":5.0},{"damage":8.0,"enemies":"Exordium Wildlife","floor":14.0,"turns":5.0},{"damage":22.0,"enemies":"Slime Boss","floor":16.0,"turns":9.0},{"damage":0.0,"enemies":"Spheric Guardian","floor":18.0,"turns":10.0},{"damage":0.0,"enemies":"Shell Parasite","floor":19.0,"turns":8.0},{"damage":0.0,"enemies":"Shelled Parasite and Fungi","floor":21.0,"turns":11.0},{"damage":46.0,"enemies":"Slavers","floor":25.0,"turns":9.0},{"damage":0.0,"enemies":"Snecko","floor":27.0,"turns":9.0},{"damage":4.0,"enemies":"Book of Stabbing","floor":31.0,"turns":8.0},{"damage":0,"enemies":"Champ","floor":33,"turns":15},{"damage":0,"enemies":"Orb Walker","floor":35,"turns":7},{"damage":0,"enemies":"3 Shapes","floor":36,"turns":8},{"damage":0,"enemies":"Transient","floor":37,"turns":5},{"damage":46,"enemies":"Reptomancer","floor":41,"turns":12},{"damage":0,"enemies":"Mind Bloom Boss Battle","floor":42,"turns":10},{"damage":0,"enemies":"Jaw Worm Horde","floor":44,"turns":10},{"damage":0,"enemies":"4 Shapes","floor":45,"turns":6},{"damage":0,"enemies":"Sphere and 2 Shapes","floor":47,"turns":8},{"damage":0,"enemies":"Nemesis","floor":48,"turns":9},{"damage":4,"enemies":"Time Eater","floor":50,"turns":15}],"seed_played":"-2809648870424851913","potions_obtained":[{"floor":4.0,"key":"Weak Potion"},{"floor":12.0,"key":"PowerPotion"},{"floor":21.0,"key":"Energy Potion"},{"floor":31.0,"key":"FearPotion"},{"floor":35,"key":"Fire Potion"},{"floor":41,"key":"Block Potion"},{"floor":42,"key":"Regen Potion"},{"floor":45,"key":"SkillPotion"}],"is_trial":false,"path_per_floor":["M","M","M","M","$","R","?","$","T","R","M","M","M","M","R","B",null,"M","M","?","M","$","R","$","E","T","M","?","R","$","E","R","B",null,"M","M","M","?","$","R","E","?","T","M","M","R","M","E","R","B",null],"character_chosen":"DEFECT","items_purchased":["Recycle","PowerPotion","Barrage","PreservedInsect","Reinforced Body+1","Capacitor","White Noise+1"],"campfire_rested":1,"item_purchase_floors":[5,5,22,30,30,39,39],"current_hp_per_floor":[67,62,53,31,31,31,31,31,31,31,37,26,33,32,32,17,58,65,71,71,71,71,71,71,32,32,39,39,60,60,63,63,71,71,71,71,71,71,71,71,32,41,41,64,71,71,71,71,71,71],"gold":227,"neow_bonus":"BOSS_RELIC","is_prod":false,"is_daily":false,"chose_seed":false,"campfire_upgraded":8,"win_rate":0,"timestamp":1555307773,"path_taken":["M","M","?","M","$","R","?","$","T","R","M","M","M","M","R","BOSS","M","M","?","M","?","R","$","E","T","M","?","R","$","E","R","BOSS","M","M","?","?","$","R","E","?","T","M","M","R","M","E","R","BOSS"],"build_version":"2019-01-23","purchased_purges":0,"victory":true,"max_hp_per_floor":[71,71,71,71,71,71,71,71,71,71,71,71,71,71,71,71,71,71,71,71,71,71,71,71,71,71,71,71,71,71,71,71,71,71,71,71,71,71,71,71,71,71,71,71,71,71,71,71,71,71],"card_choices":[{"not_picked":["Stack","Barrage"],"picked":"Reinforced Body","floor":1.0},{"not_picked":["Steam","Tempest"],"picked":"Hello World","floor":2.0},{"not_picked":["Hologram","Redo"],"picked":"Leap","floor":3.0},{"not_picked":["FTL","Turbo"],"picked":"Leap","floor":4.0},{"not_picked":["Turbo","Sweeping Beam"],"picked":"Genetic Algorithm","floor":11.0},{"not_picked":["Streamline","Blizzard","Sweeping Beam"],"picked":"SKIP","floor":12.0},{"not_picked":["Chaos","All For One"],"picked":"Loop","floor":13.0},{"not_picked":["Gash","Compile Driver"],"picked":"Glacier","floor":14.0},{"not_picked":["All For One","Fission"],"picked":"Buffer","floor":16.0},{"not_picked":["Loop","Steam"],"picked":"Hologram+1","floor":18.0},{"not_picked":["Rebound","Compile Driver+1","BootSequence"],"picked":"SKIP","floor":19.0},{"not_picked":["Hologram","Go for the Eyes","Darkness"],"picked":"SKIP","floor":21.0},{"not_picked":["Auto Shields","Chaos"],"picked":"Static Discharge","floor":25.0},{"not_picked":["Turbo+1","Genetic Algorithm+1"],"picked":"Conserve Battery+1","floor":27.0},{"not_picked":["Auto Shields+1","Cold Snap","Sweeping Beam"],"picked":"SKIP","floor":31.0},{"not_picked":["Meteor Strike","Rainbow+1"],"picked":"Seek+1","floor":33},{"not_picked":["Redo+1","Gash"],"picked":"Chill+1","floor":35},{"not_picked":["Compile Driver","Go for the Eyes"],"picked":"Recycle+1","floor":36},{"not_picked":["Steam+1","Heatsinks"],"picked":"Core Surge","floor":37},{"not_picked":["Doom and Gloom","Rip and Tear+1","Hologram+1"],"picked":"SKIP","floor":41},{"not_picked":["Barrage+1","Beam Cell"],"picked":"Coolheaded+1","floor":44},{"not_picked":["Rip and Tear+1","Darkness+1"],"picked":"Coolheaded+1","floor":45},{"not_picked":["Auto Shields+1","Conserve Battery+1","Cold Snap"],"picked":"SKIP","floor":47},{"not_picked":["Aggregate+1","Static Discharge","Beam Cell+1"],"picked":"SKIP","floor":48}],"player_experience":579998,"relics_obtained":[{"floor":9.0,"key":"Blue Candle"},{"floor":25.0,"key":"Tiny Chest"},{"floor":26.0,"key":"Toxic Egg 2"},{"floor":31.0,"key":"Blood Vial"},{"floor":41,"key":"Kunai"},{"floor":42,"key":"Emotion Chip"},{"floor":43,"key":"Mercury Hourglass"},{"floor":48,"key":"Frozen Egg 2"}],"event_choices":[{"damage_healed":0.0,"max_hp_gain":0.0,"max_hp_loss":0.0,"gold_gain":0.0,"event_name":"Dead Adventurer","player_choice":"Searched \u00271\u0027 times","floor":7.0,"gold_loss":0.0,"damage_taken":0.0,"relics_obtained":["Thread and Needle"]},{"cards_removed":["Streamline"],"damage_healed":5.0,"max_hp_gain":0.0,"max_hp_loss":0.0,"gold_gain":0.0,"event_name":"Bonfire Elementals","player_choice":"Offered Common","floor":20.0,"gold_loss":0.0,"damage_taken":0.0},{"cards_removed":["Streamline"],"damage_healed":5.0,"max_hp_gain":0.0,"max_hp_loss":0.0,"gold_gain":0.0,"event_name":"Bonfire Elementals","player_choice":"Offered Special","floor":20.0,"gold_loss":0.0,"damage_taken":0.0},{"damage_healed":0.0,"max_hp_gain":0.0,"max_hp_loss":0.0,"gold_gain":100.0,"event_name":"The Joust","player_choice":"Bet on Murderer","floor":28.0,"gold_loss":50.0,"damage_taken":0.0},{"damage_healed":0,"gold_gain":0,"player_choice":"Ignored","damage_taken":0,"max_hp_gain":0,"max_hp_loss":0,"event_name":"Tomb of Lord Red Mask","floor":38,"gold_loss":0},{"damage_healed":0,"gold_gain":0,"player_choice":"Fight","damage_taken":0,"max_hp_gain":0,"max_hp_loss":0,"event_name":"MindBloom","floor":42,"gold_loss":0}],"is_beta":false,"boss_relics":[{"not_picked":["Eternal Feather","Runic Dome"],"picked":"Inserter"},{"not_picked":["Black Star","Velvet Choker"],"picked":"Nuclear Battery"}],"items_purged_floors":[],"is_endless":false,"potions_floor_spawned":[4,12,14,21,31,35,41,42,45,48],"ascension_level":14}