{"gold_per_floor":[119,119,119,69,31,63,63,63,63,90,90,153,186,204,204,308,308,319,17,17,32,32,65,65,65,65,78,111,111,111,111,111,215,215,225,225,245,264,275,309,329,329],"floor_reached":42,"playtime":3104,"items_purged":[],"score":600,"play_id":"b504e643-fdd2-49c1-ae45-09246845f5b4","local_time":"20190328005725","is_ascension_mode":true,"campfire_choices":[{"data":"Hello World","floor":7.0,"key":"SMITH"},{"data":"Cold Snap","floor":11.0,"key":"SMITH"},{"data":"Zap","floor":15.0,"key":"SMITH"},{"data":"Hologram","floor":24.0,"key":"SMITH"},{"data":"Electrodynamics","floor":30.0,"key":"SMITH"},{"data":"Fusion","floor":32.0,"key":"SMITH"}],"neow_cost":"NONE","seed_source_timestamp":13954176089459,"circlet_count":0,"master_deck":["Strike_B","Defend_B","Defend_B","Defend_B","Zap+1","Dualcast","Hello World+1","Steam Power","Skim","Cold Snap+1","Scrape","Melter","Electrodynamics+1","Glacier+1","Hologram+1","Go for the Eyes","Fusion+1","Seek","Finesse","Trip","Dramatic Entrance","Glacier","Hologram","Stack+1","Chaos"],"special_seed":0,"relics":["Busted Crown","Pocketwatch","Blue Candle","Meat on the Bone","Centennial Puzzle","Orichalcum","Thread and Needle","Inserter","Ice Cream","Oddly Smooth Stone","Pantograph","Bottled Flame","Black Star","Juzu Bracelet","Mercury Hourglass"],"potions_floor_usage":[42,42],"damage_taken":[{"damage":0.0,"enemies":"2 Louse","floor":1.0,"turns":2.0},{"damage":25.0,"enemies":"Lagavulin","floor":6.0,"turns":8.0},{"damage":34.0,"enemies":"Gremlin Nob","floor":10.0,"turns":5.0},{"damage":13.0,"enemies":"3 Sentries","floor":12.0,"turns":7.0},{"damage":1.0,"enemies":"3 Sentries","floor":13.0,"turns":7.0},{"damage":0.0,"enemies":"Small Slimes","floor":14.0,"turns":2.0},{"damage":26.0,"enemies":"Slime Boss","floor":16.0,"turns":8.0},{"damage":5.0,"enemies":"Shell Parasite","floor":18.0,"turns":3.0},{"damage":21.0,"enemies":"2 Thieves","floor":21.0,"turns":4.0},{"damage":7.0,"enemies":"Book of Stabbing","floor":23.0,"turns":5.0},{"damage":13.0,"enemies":"Shelled Parasite and Fungi","floor":27.0,"turns":4.0},{"damage":4.0,"enemies":"Gremlin Leader","floor":28.0,"turns":8.0},{"damage":21,"enemies":"Automaton","floor":33,"turns":13},{"damage":0,"enemies":"3 Shapes","floor":35,"turns":4},{"damage":1,"enemies":"3 Darklings","floor":37,"turns":4},{"damage":6,"enemies":"Sphere and 2 Shapes","floor":38,"turns":4},{"damage":27,"enemies":"Spire Growth","floor":39,"turns":5},{"damage":3,"enemies":"Nemesis","floor":40,"turns":9},{"damage":6,"enemies":"Transient","floor":41,"turns":5},{"damage":38,"enemies":"Reptomancer","floor":42,"turns":7}],"seed_played":"5477977105251555750","potions_obtained":[{"floor":1.0,"key":"Strength Potion"},{"floor":6.0,"key":"EssenceOfSteel"},{"floor":12.0,"key":"SkillPotion"},{"floor":16.0,"key":"SkillPotion"},{"floor":18.0,"key":"LiquidBronze"},{"floor":23.0,"key":"Fire Potion"},{"floor":33,"key":"GamblersBrew"},{"floor":38,"key":"Dexterity Potion"},{"floor":41,"key":"SkillPotion"}],"is_trial":false,"path_per_floor":["M","?","?","?","$","E","R","T","T","E","R","?","E","M","R","B",null,"M","$","?","M","$","E","R","?","T","M","E","?","R","?","R","B",null,"M","?","M","M","M","E","M","E"],"character_chosen":"DEFECT","items_purchased":["Skim","Ice Cream"],"campfire_rested":0,"item_purchase_floors":[5,19],"current_hp_per_floor":[75,75,68,68,68,43,43,43,43,21,21,20,31,43,43,29,64,59,59,59,38,38,43,43,43,43,42,38,38,38,38,38,42,67,67,57,56,50,35,44,38,0],"gold":329,"neow_bonus":"BOSS_RELIC","is_prod":false,"is_daily":false,"chose_seed":false,"campfire_upgraded":6,"win_rate":0,"timestamp":1553702245,"path_taken":["M","?","?","?","$","E","R","?","T","E","R","?","E","M","R","BOSS","M","$","?","M","$","E","R","?","T","?","E","?","R","?","R","BOSS","M","?","M","M","M","E","M","E"],"build_version":"2019-01-23","purchased_purges":0,"victory":false,"max_hp_per_floor":[75,75,75,75,75,75,75,75,75,75,75,75,75,75,75,75,75,75,75,75,75,75,75,75,75,75,75,75,75,75,75,75,75,75,75,75,75,75,75,75,75,75],"card_choices":[{"not_picked":[],"picked":"Hello World","floor":1.0},{"not_picked":[],"picked":"Cold Snap","floor":6.0},{"not_picked":["Barrage"],"picked":"SKIP","floor":10.0},{"not_picked":[],"picked":"Scrape","floor":12.0},{"not_picked":["Redo"],"picked":"SKIP","floor":13.0},{"not_picked":[],"picked":"Melter","floor":14.0},{"not_picked":[],"picked":"Electrodynamics","floor":16.0},{"not_picked":[],"picked":"Glacier","floor":18.0},{"not_picked":["Rebound"],"picked":"SKIP","floor":21.0},{"not_picked":[],"picked":"Hologram","floor":23.0},{"not_picked":[],"picked":"Go for the Eyes","floor":27.0},{"not_picked":["Rebound"],"picked":"SKIP","floor":28.0},{"not_picked":[],"picked":"Seek","floor":33},{"not_picked":["Cold Snap"],"picked":"SKIP","floor":35},{"not_picked":[],"picked":"Finesse","floor":36},{"not_picked":[],"picked":"Trip","floor":36},{"not_picked":[],"picked":"Dramatic Entrance","floor":36},{"not_picked":[],"picked":"Glacier","floor":37},{"not_picked":[],"picked":"Hologram","floor":38},{"not_picked":[],"picked":"Stack+1","floor":39},{"not_picked":[],"picked":"Chaos","floor":40},{"not_picked":["Go for the Eyes+1"],"picked":"SKIP","floor":41}],"player_experience":614850,"relics_obtained":[{"floor":6.0,"key":"Pocketwatch"},{"floor":8.0,"key":"Blue Candle"},{"floor":9.0,"key":"Meat on the Bone"},{"floor":10.0,"key":"Centennial Puzzle"},{"floor":13.0,"key":"Thread and Needle"},{"floor":23.0,"key":"Oddly Smooth Stone"},{"floor":26.0,"key":"Pantograph"},{"floor":28.0,"key":"Bottled Flame"},{"floor":40,"key":"Juzu Bracelet"},{"floor":40,"key":"Mercury Hourglass"}],"event_choices":[{"damage_healed":0.0,"max_hp_gain":0.0,"max_hp_loss":0.0,"gold_gain":0.0,"cards_transformed":["Strike_B"],"event_name":"Living Wall","player_choice":"Change","floor":2.0,"gold_loss":0.0,"damage_taken":0.0,"cards_obtained":["Steam Power"]},{"cards_removed":["Defend_B"],"damage_healed":0.0,"max_hp_gain":0.0,"max_hp_loss":0.0,"gold_gain":0.0,"event_name":"Golden Wing","player_choice":"Card Removal","floor":3.0,"gold_loss":0.0,"damage_taken":7.0},{"cards_removed":["Strike_B"],"damage_healed":0.0,"max_hp_gain":0.0,"max_hp_loss":0.0,"gold_gain":0.0,"event_name":"The Cleric","player_choice":"Card Removal","floor":4.0,"gold_loss":50.0,"damage_taken":0.0},{"damage_healed":0.0,"max_hp_gain":0.0,"max_hp_loss":0.0,"gold_gain":0.0,"event_name":"Dead Adventurer","player_choice":"Searched \u00273\u0027 times","floor":12.0,"gold_loss":0.0,"damage_taken":0.0,"relics_obtained":["Orichalcum"]},{"damage_healed":0.0,"max_hp_gain":0.0,"max_hp_loss":0.0,"gold_gain":0.0,"event_name":"Vampires","player_choice":"Ignored","floor":20.0,"gold_loss":0.0,"damage_taken":0.0},{"damage_healed":0.0,"max_hp_gain":0.0,"max_hp_loss":0.0,"gold_gain":0.0,"event_name":"Accursed Blacksmith","player_choice":"Forge","floor":25.0,"gold_loss":0.0,"damage_taken":0.0,"cards_upgraded":["Glacier"]},{"damage_healed":0.0,"max_hp_gain":0.0,"max_hp_loss":0.0,"gold_gain":0.0,"event_name":"Ghosts","player_choice":"Ignored","floor":29.0,"gold_loss":0.0,"damage_taken":0.0},{"damage_healed":0.0,"max_hp_gain":0.0,"max_hp_loss":0.0,"gold_gain":0.0,"cards_transformed":["Strike_B"],"event_name":"Transmorgrifier","player_choice":"Transformed","floor":31.0,"gold_loss":0.0,"damage_taken":0.0,"cards_obtained":["Fusion"]},{"damage_healed":0,"gold_gain":0,"player_choice":"Memory 3","damage_taken":10,"max_hp_gain":0,"max_hp_loss":0,"event_name":"SensoryStone","floor":36,"gold_loss":0}],"is_beta":false,"boss_relics":[{"not_picked":["Fusion Hammer","Orrery"],"picked":"Inserter"},{"not_picked":["Eternal Feather","Velvet Choker"],"picked":"Black Star"}],"items_purged_floors":[],"is_endless":false,"potions_floor_spawned":[1,6,12,16,18,23,33,38,41],"killed_by":"Reptomancer","ascension_level":5}