{"gold_per_floor":[109,109,126,126,144,144,144,144,144,160,177,193,193,143,143,244,244,259,270,295,308,144,144,157,157,157,157,157,157,157],"floor_reached":30,"playtime":2466,"items_purged":[],"score":245,"play_id":"c06f258d-6e1f-4603-be02-6fb45f3e4e15","local_time":"20190412234254","is_ascension_mode":false,"campfire_choices":[{"data":"Body Slam","floor":6,"key":"SMITH"},{"data":"Flame Barrier","floor":8,"key":"SMITH"},{"data":"Reaper","floor":13,"key":"SMITH"},{"data":"Bash","floor":15,"key":"SMITH"},{"data":"Forethought","floor":23,"key":"SMITH"},{"data":"Barricade","floor":25,"key":"SMITH"},{"data":"Shrug It Off","floor":27,"key":"SMITH"}],"neow_cost":"NONE","seed_source_timestamp":51790122048944,"circlet_count":0,"master_deck":["Strike_R","Strike_R","Strike_R","Defend_R","Defend_R+1","Defend_R+1","Defend_R","Bash+1","Flame Barrier+1","Body Slam+1","Reaper+1","Barricade+1","Headbutt+1","Forethought+1","Shrug It Off+1","Ghostly","Ghostly","Ghostly","Ghostly","Ghostly"],"relics":["Burning Blood","Bottled Lightning","Runic Cube","Red Mask","Bottled Tornado","Bottled Flame"],"potions_floor_usage":[16,16,20,21,21,24],"damage_taken":[{"damage":0,"enemies":"Small Slimes","floor":1,"turns":4},{"damage":0,"enemies":"Jaw Worm","floor":3,"turns":3},{"damage":1,"enemies":"2 Louse","floor":5,"turns":3},{"damage":0,"enemies":"Large Slime","floor":10,"turns":6},{"damage":15,"enemies":"Lots of Slimes","floor":11,"turns":4},{"damage":0,"enemies":"Blue Slaver","floor":12,"turns":4},{"damage":37,"enemies":"Hexaghost","floor":16,"turns":11},{"damage":5,"enemies":"Chosen","floor":18,"turns":6},{"damage":24,"enemies":"Spheric Guardian","floor":19,"turns":11},{"damage":68,"enemies":"Masked Bandits","floor":20,"turns":9},{"damage":0,"enemies":"Snake Plant","floor":21,"turns":5},{"damage":15,"enemies":"Centurion and Healer","floor":24,"turns":8},{"damage":49,"enemies":"3 Cultists","floor":30,"turns":9}],"seed_played":"-1718861627500678585","potions_obtained":[{"floor":1,"key":"Poison Potion"},{"floor":11,"key":"Dexterity Potion"},{"floor":12,"key":"Regen Potion"},{"floor":16,"key":"Weak Potion"},{"floor":19,"key":"Weak Potion"},{"floor":24,"key":"Poison Potion"}],"is_trial":false,"path_per_floor":["M","?","M","$","M","R","?","R","T","M","M","M","R","?","R","B",null,"M","M","?","M","$","R","M","R","T","R","T","?","M"],"character_chosen":"IRONCLAD","items_purchased":["Forethought","BloodPotion"],"campfire_rested":0,"item_purchase_floors":[22,22],"current_hp_per_floor":[80,85,85,85,85,85,68,68,68,74,78,85,85,85,85,54,85,85,70,8,26,26,26,35,35,35,35,35,35,0],"gold":157,"neow_bonus":"TRANSFORM_CARD","is_prod":false,"is_daily":false,"chose_seed":false,"campfire_upgraded":7,"win_rate":0.0,"timestamp":1555105374,"path_taken":["M","?","M","$","M","R","?","R","T","M","M","M","R","?","R","BOSS","M","M","?","M","$","R","M","R","T","R","?","?","M"],"build_version":"2019-01-23","purchased_purges":0,"victory":false,"max_hp_per_floor":[80,85,85,85,85,85,85,85,85,85,85,85,85,85,85,85,85,85,85,85,85,85,85,85,85,85,85,85,42,42],"card_choices":[{"not_picked":["Sever Soul","Thunderclap","Pommel Strike"],"picked":"SKIP","floor":1},{"not_picked":["Iron Wave","Armaments"],"picked":"Body Slam","floor":3},{"not_picked":["Clothesline","Armaments","Sever Soul"],"picked":"SKIP","floor":5},{"not_picked":["Carnage","Battle Trance"],"picked":"Reaper","floor":10},{"not_picked":["Fire Breathing","Bloodletting","Pommel Strike"],"picked":"SKIP","floor":11},{"not_picked":["Burning Pact","Flex","True Grit"],"picked":"SKIP","floor":12},{"not_picked":["Juggernaut","Brutality"],"picked":"Barricade","floor":16},{"not_picked":["Infernal Blade","Havoc+1","Anger"],"picked":"SKIP","floor":18},{"not_picked":["Pommel Strike+1","Evolve+1","Clash"],"picked":"SKIP","floor":19},{"not_picked":["True Grit","Clothesline"],"picked":"Headbutt+1","floor":21},{"not_picked":["Inflame","Body Slam"],"picked":"Shrug It Off","floor":24}],"player_experience":111012,"relics_obtained":[{"floor":9,"key":"Bottled Lightning"},{"floor":20,"key":"Red Mask"},{"floor":26,"key":"Bottled Tornado"},{"floor":28,"key":"Bottled Flame"}],"event_choices":[{"damage_healed":0,"gold_gain":0,"player_choice":"Donut","damage_taken":0,"max_hp_gain":5,"max_hp_loss":0,"event_name":"Big Fish","floor":2,"gold_loss":0},{"damage_healed":0,"gold_gain":0,"player_choice":"Entered Light","damage_taken":17,"max_hp_gain":0,"max_hp_loss":0,"event_name":"Shining Light","floor":7,"gold_loss":0,"cards_upgraded":["Defend_R","Defend_R"]},{"cards_removed":["Strike_R"],"damage_healed":0,"gold_gain":0,"player_choice":"Card Removal","damage_taken":0,"max_hp_gain":0,"max_hp_loss":0,"event_name":"The Cleric","floor":14,"gold_loss":50},{"damage_healed":0,"gold_gain":0,"player_choice":"Fought Bandits","damage_taken":0,"max_hp_gain":0,"max_hp_loss":0,"event_name":"Masked Bandits","floor":20,"gold_loss":0},{"damage_healed":0,"gold_gain":0,"player_choice":"Became a Ghost","damage_taken":0,"max_hp_gain":0,"max_hp_loss":43,"event_name":"Ghosts","floor":29,"gold_loss":0,"cards_obtained":["Ghostly","Ghostly","Ghostly","Ghostly","Ghostly"]}],"is_beta":false,"boss_relics":[{"not_picked":["Fusion Hammer","Sozu"],"picked":"Runic Cube"}],"items_purged_floors":[],"is_endless":false,"potions_floor_spawned":[1,11,12,16,19,24],"killed_by":"3 Cultists","ascension_level":0}