{"gold_per_floor":[110,121,121,196,43,68,68,94,117,135,160,160,171,189,189,290,290,305,305,145,145,55,90,90,90],"floor_reached":25,"playtime":1136,"items_purged":["Strike_B"],"score":402,"play_id":"e95ac4c0-f554-4f49-8db4-8d9514b1d595","local_time":"20190401224549","is_ascension_mode":true,"campfire_choices":[{"data":"Sunder","floor":7.0,"key":"SMITH"},{"data":"Seek","floor":12.0,"key":"SMITH"},{"data":"White Noise","floor":15.0,"key":"SMITH"},{"floor":24.0,"key":"REST"}],"neow_cost":"NONE","seed_source_timestamp":7520336056830,"circlet_count":0,"master_deck":["Strike_B","Defend_B","Defend_B","Defend_B","Defend_B","Zap","Dualcast","Sunder+1","Leap+1","Seek+1","Machine Learning","Reinforced Body","Turbo","Sweeping Beam","Self Repair","White Noise+1","Reboot","Melter","Finesse","Conserve Battery"],"special_seed":0,"relics":["Cracked Core","NeowsBlessing","Blood Vial","Meat on the Bone","Bag of Marbles","Pocketwatch","Calling Bell","Strawberry","Singing Bowl","Prayer Wheel","Nilry\u0027s Codex","Incense Burner"],"potions_floor_usage":[25],"damage_taken":[{"damage":0.0,"enemies":"Small Slimes","floor":1.0,"turns":1.0},{"damage":0.0,"enemies":"Jaw Worm","floor":2.0,"turns":1.0},{"damage":0.0,"enemies":"Gremlin Nob","floor":6.0,"turns":1.0},{"damage":0.0,"enemies":"Lagavulin","floor":8.0,"turns":6.0},{"damage":0.0,"enemies":"Cultist","floor":10.0,"turns":1.0},{"damage":16.0,"enemies":"Gremlin Nob","floor":11.0,"turns":3.0},{"damage":0.0,"enemies":"Large Slime","floor":13.0,"turns":3.0},{"damage":0.0,"enemies":"Looter","floor":14.0,"turns":1.0},{"damage":25.0,"enemies":"Slime Boss","floor":16.0,"turns":10.0},{"damage":6.0,"enemies":"3 Byrds","floor":18.0,"turns":5.0},{"damage":66.0,"enemies":"Gremlin Leader","floor":23.0,"turns":5.0},{"damage":84,"enemies":"Slavers","floor":25,"turns":5}],"seed_played":"-8660599925615511050","potions_obtained":[{"floor":2.0,"key":"Poison Potion"},{"floor":6.0,"key":"Fruit Juice"},{"floor":13.0,"key":"Swift Potion"},{"floor":14.0,"key":"FairyPotion"},{"floor":23.0,"key":"AttackPotion"}],"is_trial":false,"path_per_floor":["M","M","?","?","$","E","R","E","T","M","E","R","M","M","R","B",null,"M","?","$","?","?","E","R","E"],"character_chosen":"DEFECT","items_purchased":["Machine Learning","Reinforced Body","Finesse"],"campfire_rested":1,"item_purchase_floors":[5,5,20],"current_hp_per_floor":[68,68,68,57,57,62,62,64,64,66,52,52,61,63,63,59,82,87,87,87,71,71,26,52,0],"gold":90,"neow_bonus":"THREE_ENEMY_KILL","is_prod":false,"is_daily":false,"chose_seed":false,"campfire_upgraded":3,"win_rate":0,"timestamp":1554126349,"path_taken":["M","M","?","?","?","E","R","E","T","M","E","R","M","M","R","BOSS","M","?","$","?","?","E","R","E"],"build_version":"2019-01-23","purchased_purges":1,"victory":false,"max_hp_per_floor":[75,75,75,75,75,80,80,80,80,80,80,80,80,80,80,80,87,89,89,89,89,89,89,89,89],"card_choices":[{"not_picked":["Conserve Battery","Sweeping Beam"],"picked":"Sunder","floor":1.0},{"not_picked":["Go for the Eyes","Cold Snap"],"picked":"Leap","floor":2.0},{"not_picked":["Conserve Battery","Redo"],"picked":"Turbo","floor":6.0},{"not_picked":["Turbo","Ball Lightning"],"picked":"Sweeping Beam","floor":8.0},{"not_picked":["Go for the Eyes","Sweeping Beam","Loop"],"picked":"SKIP","floor":10.0},{"not_picked":["Steam","Coolheaded"],"picked":"Self Repair","floor":11.0},{"not_picked":["Redo","FTL"],"picked":"White Noise","floor":13.0},{"not_picked":["Redo","Streamline","Chaos"],"picked":"SKIP","floor":14.0},{"not_picked":["Multi-Cast","Creative AI"],"picked":"Reboot","floor":16.0},{"not_picked":["Double Energy+1","Streamline"],"picked":"Melter","floor":18.0},{"not_picked":["Beam Cell+1","Cold Snap","Turbo"],"picked":"Singing Bowl","floor":18.0},{"not_picked":["Compile Driver","Barrage"],"picked":"Conserve Battery","floor":23.0}],"player_experience":661462,"relics_obtained":[{"floor":6.0,"key":"Blood Vial"},{"floor":8.0,"key":"Meat on the Bone"},{"floor":9.0,"key":"Bag of Marbles"},{"floor":11.0,"key":"Pocketwatch"},{"floor":17.0,"key":"Strawberry"},{"floor":17.0,"key":"Singing Bowl"},{"floor":17.0,"key":"Prayer Wheel"},{"floor":21.0,"key":"Nilry\u0027s Codex"},{"floor":23.0,"key":"Incense Burner"}],"event_choices":[{"damage_healed":0.0,"max_hp_gain":0.0,"max_hp_loss":0.0,"gold_gain":0.0,"cards_transformed":["Strike_B"],"event_name":"Living Wall","player_choice":"Change","floor":3.0,"gold_loss":0.0,"damage_taken":0.0,"cards_obtained":["Seek"]},{"damage_healed":0.0,"max_hp_gain":0.0,"max_hp_loss":0.0,"gold_gain":75.0,"event_name":"World of Goop","player_choice":"Gather Gold","floor":4.0,"gold_loss":0.0,"damage_taken":11.0},{"damage_healed":0.0,"max_hp_gain":0.0,"max_hp_loss":0.0,"gold_gain":0.0,"event_name":"Ghosts","player_choice":"Ignored","floor":19.0,"gold_loss":0.0,"damage_taken":0.0},{"damage_healed":0.0,"max_hp_gain":0.0,"max_hp_loss":0.0,"gold_gain":0.0,"event_name":"Cursed Tome","player_choice":"Obtained Book","floor":21.0,"gold_loss":0.0,"damage_taken":16.0},{"cards_removed":["Strike_B"],"damage_healed":0.0,"max_hp_gain":0.0,"max_hp_loss":0.0,"gold_gain":0.0,"event_name":"Designer","player_choice":"Upgrade and Remove","floor":22.0,"gold_loss":90.0,"damage_taken":0.0,"cards_upgraded":["Leap"]}],"is_beta":false,"boss_relics":[{"not_picked":["Runic Pyramid","Busted Crown"],"picked":"Calling Bell"}],"items_purged_floors":[20],"is_endless":false,"potions_floor_spawned":[2,6,13,14,23],"killed_by":"Slavers","ascension_level":8}