{"gold_per_floor":[110,110,110,127,127,127,52,3,3,26,45,89,89,114,114,234,234,250,268,50,50,50,50],"floor_reached":23,"playtime":875,"items_purged":["Anger+1"],"score":265,"play_id":"14a8b174-436e-4669-a363-a04231437d2b","local_time":"20190314165233","is_ascension_mode":true,"campfire_choices":[{"data":"Entrench","floor":6,"key":"SMITH"},{"data":"Body Slam","floor":13,"key":"SMITH"},{"floor":15,"key":"REST"}],"neow_cost":"NONE","seed_source_timestamp":2493236838772570,"circlet_count":0,"master_deck":["Strike_R+1","Defend_R+1","Defend_R","Defend_R","Defend_R","Bash","Entrench+1","Thunderclap","Wild Strike","Armaments","Shrug It Off","Wild Strike","Wild Strike","Body Slam+1","Iron Wave","Fiend Fire","Reckless Charge+1","Pummel+1","Shrug It Off+1","Power Through+1"],"relics":["Burning Blood","NeowsBlessing","Golden Idol","Self Forming Clay","Kunai","Astrolabe","Anchor"],"potions_floor_usage":[16,23],"damage_taken":[{"damage":0,"enemies":"Small Slimes","floor":1,"turns":1},{"damage":0,"enemies":"2 Louse","floor":4,"turns":1},{"damage":0,"enemies":"Jaw Worm","floor":10,"turns":1},{"damage":13,"enemies":"Blue Slaver","floor":11,"turns":4},{"damage":15,"enemies":"3 Sentries","floor":12,"turns":8},{"damage":19,"enemies":"Large Slime","floor":14,"turns":6},{"damage":46,"enemies":"Slime Boss","floor":16,"turns":9},{"damage":34,"enemies":"3 Byrds","floor":18,"turns":8},{"damage":17,"enemies":"2 Thieves","floor":19,"turns":4},{"damage":31,"enemies":"Gremlin Leader","floor":23,"turns":5}],"seed_played":"4230167262119798920","potions_obtained":[{"floor":4,"key":"SpeedPotion"},{"floor":11,"key":"Energy Potion"},{"floor":14,"key":"GamblersBrew"},{"floor":18,"key":"PowerPotion"}],"is_trial":false,"path_per_floor":["M","?","?","M","?","R","$","$","T","M","M","E","R","M","R","B",null,"M","M","$","?","$","E"],"character_chosen":"IRONCLAD","items_purchased":["Wild Strike","Armaments","Shrug It Off","Anchor"],"campfire_rested":1,"item_purchase_floors":[7,7,8,20],"current_hp_per_floor":[78,78,62,68,48,48,48,48,48,54,47,38,38,25,49,9,62,34,23,23,23,23,0],"gold":50,"neow_bonus":"THREE_ENEMY_KILL","is_prod":false,"is_daily":false,"chose_seed":false,"campfire_upgraded":2,"win_rate":0,"timestamp":1552549953,"path_taken":["M","?","?","M","?","R","?","$","T","M","M","E","R","M","R","BOSS","M","M","$","?","$","E"],"build_version":"2019-01-23","purchased_purges":1,"victory":false,"max_hp_per_floor":[80,80,80,80,80,80,80,80,80,80,80,80,80,80,80,80,80,80,80,80,80,80,80],"card_choices":[{"not_picked":["Headbutt","Intimidate"],"picked":"Entrench","floor":1},{"not_picked":["Sever Soul","Flex"],"picked":"Thunderclap","floor":4},{"not_picked":["Flex","Pummel"],"picked":"Wild Strike","floor":10},{"not_picked":["Shrug It Off","Fire Breathing"],"picked":"Wild Strike","floor":11},{"not_picked":["Searing Blow","Limit Break"],"picked":"Body Slam","floor":12},{"not_picked":["Pommel Strike","Searing Blow"],"picked":"Iron Wave","floor":14},{"not_picked":["Brutality","Bludgeon"],"picked":"Fiend Fire","floor":16},{"not_picked":["Heavy Blade+1","Wild Strike+1"],"picked":"Shrug It Off+1","floor":18},{"not_picked":["Ghostly Armor+1","Iron Wave"],"picked":"Power Through+1","floor":19}],"player_experience":362666,"relics_obtained":[{"floor":9,"key":"Self Forming Clay"},{"floor":12,"key":"Kunai"}],"event_choices":[{"cards_removed":["Strike_R"],"damage_healed":0,"gold_gain":0,"player_choice":"Forget","damage_taken":0,"max_hp_gain":0,"max_hp_loss":0,"event_name":"Living Wall","floor":2,"gold_loss":0},{"damage_healed":0,"gold_gain":0,"player_choice":"Entered Light","damage_taken":16,"max_hp_gain":0,"max_hp_loss":0,"event_name":"Shining Light","floor":3,"gold_loss":0,"cards_upgraded":["Strike_R","Defend_R"]},{"damage_healed":0,"gold_gain":0,"player_choice":"Take Damage","damage_taken":20,"relics_obtained":["Golden Idol"],"max_hp_gain":0,"max_hp_loss":0,"event_name":"Golden Idol","floor":5,"gold_loss":0},{"damage_healed":0,"gold_gain":0,"player_choice":"Ignored","damage_taken":0,"max_hp_gain":0,"max_hp_loss":0,"event_name":"Vampires","floor":21,"gold_loss":0}],"is_beta":false,"boss_relics":[{"not_picked":["Coffee Dripper","Eternal Feather"],"picked":"Astrolabe"}],"items_purged_floors":[20],"is_endless":false,"potions_floor_spawned":[4,11,14,18],"killed_by":"Gremlin Leader","ascension_level":8}