{"gold_per_floor":[110,60,60,7,20,51,65,240,240,240,265,265],"floor_reached":12,"playtime":587,"items_purged":[],"score":86,"play_id":"1ac4a0a1-99d5-4ff1-b231-cdb970d449b0","local_time":"20190308123043","is_ascension_mode":false,"campfire_choices":[],"neow_cost":"TEN_PERCENT_HP_LOSS","seed_source_timestamp":1959391024971302,"circlet_count":0,"master_deck":["Strike_R","Strike_R","Strike_R","Defend_R","Defend_R","Defend_R","Bash","Reaper","Shrug It Off","Shrug It Off","Disarm","Perfected Strike","Dual Wield","Doubt","Barricade","Disarm"],"relics":["Burning Blood","Ornamental Fan","Paper Frog","Dream Catcher"],"potions_floor_usage":[6],"damage_taken":[{"damage":5,"enemies":"Small Slimes","floor":1,"turns":4},{"damage":0,"enemies":"2 Louse","floor":5,"turns":3},{"damage":21,"enemies":"Gremlin Nob","floor":6,"turns":5},{"damage":5,"enemies":"Jaw Worm","floor":7,"turns":4},{"damage":61,"enemies":"Lagavulin","floor":11,"turns":12},{"damage":15,"enemies":"Large Slime","floor":12,"turns":4}],"seed_played":"-2227587359714371092","potions_obtained":[{"floor":5,"key":"AttackPotion"}],"is_trial":false,"path_per_floor":["M","?","?","$","M","E","M","?","T","?","E","M"],"character_chosen":"IRONCLAD","items_purchased":["Shrug It Off"],"campfire_rested":0,"item_purchase_floors":[4],"current_hp_per_floor":[72,72,65,65,72,57,64,64,64,64,9,0],"gold":265,"neow_bonus":"THREE_RARE_CARDS","is_prod":false,"is_daily":false,"chose_seed":false,"campfire_upgraded":0,"win_rate":0,"timestamp":1552015843,"path_taken":["M","?","?","$","M","E","M","?","T","?","E","M"],"build_version":"2019-01-23","purchased_purges":0,"victory":false,"max_hp_per_floor":[72,72,72,72,72,72,72,72,72,72,72,72],"card_choices":[{"not_picked":["Fiend Fire","Juggernaut"],"picked":"Reaper","floor":0},{"not_picked":["Havoc","Anger"],"picked":"Shrug It Off","floor":1},{"not_picked":["Armaments","Sword Boomerang"],"picked":"Disarm","floor":5},{"not_picked":["Cleave","Iron Wave"],"picked":"Perfected Strike","floor":6},{"not_picked":["Metallicize","Iron Wave"],"picked":"Dual Wield","floor":7},{"not_picked":["Sword Boomerang","Fire Breathing"],"picked":"Disarm","floor":11}],"player_experience":213814,"relics_obtained":[{"floor":6,"key":"Ornamental Fan"},{"floor":9,"key":"Paper Frog"},{"floor":11,"key":"Dream Catcher"}],"event_choices":[{"cards_removed":["Strike_R"],"damage_healed":0,"gold_gain":0,"player_choice":"Card Removal","damage_taken":0,"max_hp_gain":0,"max_hp_loss":0,"event_name":"The Cleric","floor":2,"gold_loss":50},{"cards_removed":["Strike_R"],"damage_healed":0,"gold_gain":0,"player_choice":"Card Removal","damage_taken":7,"max_hp_gain":0,"max_hp_loss":0,"event_name":"Golden Wing","floor":3,"gold_loss":0},{"damage_healed":0,"gold_gain":175,"player_choice":"AGREE","damage_taken":0,"max_hp_gain":0,"max_hp_loss":0,"event_name":"Liars Game","floor":8,"gold_loss":0,"cards_obtained":["Doubt"]},{"damage_healed":0,"gold_gain":0,"cards_transformed":["Defend_R"],"player_choice":"Change","damage_taken":0,"max_hp_gain":0,"max_hp_loss":0,"event_name":"Living Wall","floor":10,"gold_loss":0,"cards_obtained":["Barricade"]}],"is_beta":false,"boss_relics":[],"items_purged_floors":[],"is_endless":false,"potions_floor_spawned":[5],"killed_by":"Large Slime","ascension_level":0}