{"gold_per_floor":[119,132,151,151,166,166,191,191,191,205,220,254,254,268,268,372,372,372,372,372,372,322,322,322,322,322,322,34,34,34,34,34,34,34,34,34,34,34,34,34,34,34,34,34,2,2,2,2,2,2],"floor_reached":51,"playtime":2468,"items_purged":[],"score":810,"play_id":"b1189765-c14d-4e59-8c6b-05d369f440bd","local_time":"20190415192248","is_ascension_mode":false,"campfire_choices":[{"data":"Uppercut","floor":6,"key":"SMITH"},{"data":"Rampage","floor":8,"key":"SMITH"},{"data":"Armaments","floor":15,"key":"SMITH"},{"data":"Uppercut","floor":24,"key":"SMITH"},{"data":"HandOfGreed","floor":29,"key":"SMITH"},{"data":"Carnage","floor":32,"key":"SMITH"},{"data":"Demon Form","floor":44,"key":"SMITH"},{"floor":47,"key":"REST"},{"floor":49,"key":"REST"}],"neow_cost":"NONE","seed_source_timestamp":288439380445200,"circlet_count":0,"master_deck":["Strike_R","Strike_R","Strike_R","Strike_R","Defend_R","Defend_R","Defend_R","Defend_R","Bash+1","Power Through","Rampage+1","Headbutt","Uppercut+1","Twin Strike","Armaments+1","Carnage+1","Uppercut+1","Headbutt","Double Tap","Inflame","Battle Trance","Shrug It Off","Spot Weakness","Disarm+1","Spot Weakness","HandOfGreed+1","Clothesline+1","Immolate","Heavy Blade","Headbutt+1","Flex+1","Rage+1","Demon Form+1","Flame Barrier","Iron Wave+1","Battle Trance+1","Iron Wave+1","Shrug It Off+1"],"relics":["Burning Blood","Lantern","Anchor","Matryoshka","Ectoplasm","Bottled Tornado","Art of War","The Courier","Magic Flower","OrangePellets","Snecko Eye","Du-Vu Doll","Dream Catcher","Boot"],"potions_floor_usage":[7,23,38,50,50],"damage_taken":[{"damage":10,"enemies":"Small Slimes","floor":1,"turns":4},{"damage":4,"enemies":"Cultist","floor":2,"turns":4},{"damage":8,"enemies":"Jaw Worm","floor":3,"turns":3},{"damage":12,"enemies":"Blue Slaver","floor":5,"turns":3},{"damage":13,"enemies":"Lagavulin","floor":7,"turns":8},{"damage":0,"enemies":"Gremlin Gang","floor":10,"turns":5},{"damage":0,"enemies":"3 Louse","floor":11,"turns":3},{"damage":0,"enemies":"Gremlin Nob","floor":12,"turns":2},{"damage":0,"enemies":"Exordium Wildlife","floor":14,"turns":3},{"damage":38,"enemies":"The Guardian","floor":16,"turns":10},{"damage":0,"enemies":"Chosen","floor":18,"turns":3},{"damage":3,"enemies":"3 Byrds","floor":20,"turns":4},{"damage":3,"enemies":"Shelled Parasite and Fungi","floor":21,"turns":4},{"damage":0,"enemies":"Book of Stabbing","floor":23,"turns":4},{"damage":28,"enemies":"Slavers","floor":25,"turns":5},{"damage":0,"enemies":"Chosen and Byrds","floor":27,"turns":4},{"damage":0,"enemies":"Centurion and Healer","floor":31,"turns":4},{"damage":52,"enemies":"Automaton","floor":33,"turns":9},{"damage":9,"enemies":"3 Darklings","floor":35,"turns":3},{"damage":4,"enemies":"3 Shapes","floor":36,"turns":6},{"damage":16,"enemies":"Transient","floor":37,"turns":5},{"damage":18,"enemies":"Maw","floor":38,"turns":6},{"damage":0,"enemies":"4 Shapes","floor":39,"turns":6},{"damage":20,"enemies":"Nemesis","floor":40,"turns":7},{"damage":18,"enemies":"3 Darklings","floor":41,"turns":4},{"damage":23,"enemies":"Writhing Mass","floor":46,"turns":5},{"damage":11,"enemies":"Maw","floor":48,"turns":6},{"damage":39,"enemies":"Donu and Deca","floor":50,"turns":7}],"seed_played":"5976364690109652542","potions_obtained":[{"floor":1,"key":"Fire Potion"},{"floor":3,"key":"Swift Potion"},{"floor":7,"key":"Energy Potion"},{"floor":14,"key":"Swift Potion"},{"floor":16,"key":"Strength Potion"},{"floor":23,"key":"Energy Potion"},{"floor":33,"key":"SteroidPotion"},{"floor":37,"key":"SpeedPotion"},{"floor":39,"key":"AttackPotion"},{"floor":48,"key":"Fire Potion"}],"is_trial":false,"path_per_floor":["M","M","M","?","M","R","E","R","T","M","M","E","?","M","R","B",null,"M","?","M","M","?","E","R","E","T","M","$","R","$","M","R","B",null,"M","M","M","M","M","E","M","?","T","R","$","M","R","M","R","B",null],"character_chosen":"IRONCLAD","items_purchased":["HandOfGreed","OrangePellets","Flame Barrier"],"campfire_rested":2,"item_purchase_floors":[28,28,45],"current_hp_per_floor":[76,78,76,76,70,70,63,63,63,69,75,80,85,85,85,53,85,85,85,85,85,85,85,85,63,63,72,72,72,72,81,81,38,85,85,85,78,69,78,67,58,58,58,58,58,44,69,67,85,55],"gold":2,"neow_bonus":"UPGRADE_CARD","is_prod":false,"is_daily":false,"chose_seed":false,"campfire_upgraded":7,"win_rate":1,"timestamp":1555381368,"path_taken":["M","M","M","?","M","R","E","R","T","?","M","E","?","M","R","BOSS","M","?","M","M","?","E","R","E","T","M","$","R","$","M","R","BOSS","M","M","?","M","?","E","M","?","T","R","$","M","R","M","R","BOSS"],"build_version":"2019-01-23","purchased_purges":0,"victory":true,"max_hp_per_floor":[80,80,80,80,80,80,80,80,80,80,80,80,85,85,85,85,85,85,85,85,85,85,85,85,85,85,85,85,85,85,85,85,85,85,85,85,85,85,85,85,85,85,85,85,85,85,85,85,85,85],"card_choices":[{"not_picked":["Twin Strike","Reckless Charge"],"picked":"Power Through","floor":1},{"not_picked":["Shrug It Off","True Grit"],"picked":"Rampage","floor":2},{"not_picked":["Heavy Blade","Dark Embrace"],"picked":"Headbutt","floor":3},{"not_picked":["Infernal Blade","Shrug It Off"],"picked":"Uppercut","floor":5},{"not_picked":["Sever Soul","Corruption"],"picked":"Twin Strike","floor":7},{"not_picked":["Entrench","Clash"],"picked":"Armaments","floor":10},{"not_picked":["Power Through","Sentinel"],"picked":"Carnage","floor":11},{"not_picked":["Armaments","Twin Strike"],"picked":"Uppercut","floor":12},{"not_picked":["Sever Soul","Anger"],"picked":"Headbutt","floor":14},{"not_picked":["Fiend Fire","Barricade"],"picked":"Double Tap","floor":16},{"not_picked":["Body Slam","Pummel"],"picked":"Inflame","floor":18},{"not_picked":["Burning Pact","Clash"],"picked":"Shrug It Off","floor":20},{"not_picked":["Havoc","Wild Strike"],"picked":"Spot Weakness","floor":21},{"not_picked":["Infernal Blade","Warcry","Armaments"],"picked":"SKIP","floor":23},{"not_picked":["True Grit","Second Wind"],"picked":"Disarm+1","floor":25},{"not_picked":["Armaments+1","Clash"],"picked":"Spot Weakness","floor":27},{"not_picked":["Body Slam+1","Flex"],"picked":"Clothesline+1","floor":31},{"not_picked":["Barricade","Fiend Fire"],"picked":"Immolate","floor":33},{"not_picked":["Evolve","Wild Strike"],"picked":"Heavy Blade","floor":35},{"not_picked":["Thunderclap+1","True Grit"],"picked":"Headbutt+1","floor":36},{"not_picked":["Barricade","Hemokinesis+1","Havoc+1"],"picked":"SKIP","floor":37},{"not_picked":["Wild Strike+1","Sword Boomerang"],"picked":"Flex+1","floor":38},{"not_picked":["Seeing Red+1","Sever Soul+1","Twin Strike"],"picked":"SKIP","floor":39},{"not_picked":["Entrench+1","Power Through+1"],"picked":"Rage+1","floor":40},{"not_picked":["Heavy Blade","Thunderclap"],"picked":"Demon Form","floor":41},{"not_picked":["Rampage","Clothesline+1"],"picked":"Iron Wave+1","floor":46},{"not_picked":["Power Through+1","Pommel Strike+1"],"picked":"Battle Trance+1","floor":47},{"not_picked":["Seeing Red","Clash+1"],"picked":"Iron Wave+1","floor":48},{"not_picked":["Heavy Blade+1","Warcry"],"picked":"Shrug It Off+1","floor":49}],"player_experience":374425,"relics_obtained":[{"floor":7,"key":"Lantern"},{"floor":9,"key":"Anchor"},{"floor":12,"key":"Matryoshka"},{"floor":23,"key":"Bottled Tornado"},{"floor":25,"key":"Art of War"},{"floor":26,"key":"The Courier"},{"floor":26,"key":"Magic Flower"},{"floor":40,"key":"Du-Vu Doll"},{"floor":43,"key":"Dream Catcher"},{"floor":43,"key":"Boot"}],"event_choices":[{"damage_healed":0,"gold_gain":0,"player_choice":"Bought 0 Potions","damage_taken":0,"max_hp_gain":0,"max_hp_loss":0,"event_name":"The Woman in Blue","floor":4,"gold_loss":0},{"damage_healed":0,"gold_gain":0,"player_choice":"Donut","damage_taken":0,"max_hp_gain":5,"max_hp_loss":0,"event_name":"Big Fish","floor":13,"gold_loss":0},{"damage_healed":0,"gold_gain":0,"player_choice":"Read","damage_taken":0,"max_hp_gain":0,"max_hp_loss":0,"event_name":"The Library","floor":19,"gold_loss":0,"cards_obtained":["Battle Trance"]},{"damage_healed":0,"gold_gain":100,"player_choice":"Bet on Murderer","damage_taken":0,"max_hp_gain":0,"max_hp_loss":0,"event_name":"The Joust","floor":22,"gold_loss":50},{"cards_removed":["Strike_R"],"damage_healed":0,"gold_gain":0,"player_choice":"Removed Attack","damage_taken":0,"max_hp_gain":0,"max_hp_loss":0,"event_name":"Falling","floor":42,"gold_loss":0}],"is_beta":false,"boss_relics":[{"not_picked":["Lizard Tail","Empty Cage"],"picked":"Ectoplasm"},{"not_picked":["Orrery","Black Star"],"picked":"Snecko Eye"}],"items_purged_floors":[],"is_endless":false,"potions_floor_spawned":[1,3,7,14,16,18,23,33,35,37,39,48],"ascension_level":0}