{"gold_per_floor":[363,363,363,20,39,39,64,76,76,1,20,82,34,53,53,127,127,143,73,73,73,86,86,86,98,98,98,98],"floor_reached":28,"playtime":1600,"items_purged":["Strike_B"],"score":356,"play_id":"9897850e-f657-4705-8f4d-4a5309cb5acb","local_time":"20190411171251","is_ascension_mode":true,"campfire_choices":[{"floor":6.0,"key":"REST"},{"floor":15.0,"key":"REST"},{"data":"Recycle","floor":23.0,"key":"SMITH"}],"neow_cost":"PERCENT_DAMAGE","seed_source_timestamp":25434377960082,"circlet_count":0,"master_deck":["AscendersBane","Defend_B","Defend_B","Defend_B","Defend_B","Dualcast+1","Ball Lightning","Seek","Electrodynamics","Warcry","Body Slam","Backflip","Conserve Battery","Acrobatics","Juggernaut","Recycle+1","Electrodynamics","Undo","White Noise","Glacier"],"special_seed":0,"relics":["Cracked Core","PrismaticShard","Sundial","Letter Opener","Empty Cage","Turnip"],"potions_floor_usage":[],"damage_taken":[{"damage":2.0,"enemies":"Jaw Worm","floor":1.0,"turns":4.0},{"damage":8.0,"enemies":"2 Louse","floor":5.0,"turns":2.0},{"damage":32.0,"enemies":"Lagavulin","floor":7.0,"turns":8.0},{"damage":1.0,"enemies":"Cultist","floor":8.0,"turns":3.0},{"damage":7.0,"enemies":"Looter","floor":11.0,"turns":3.0},{"damage":0.0,"enemies":"Large Slime","floor":14.0,"turns":4.0},{"damage":21.0,"enemies":"The Guardian","floor":16.0,"turns":11.0},{"damage":13.0,"enemies":"3 Byrds","floor":18.0,"turns":2.0},{"damage":12.0,"enemies":"Chosen","floor":22.0,"turns":4.0},{"damage":19.0,"enemies":"Colosseum Slavers","floor":24.0,"turns":3.0},{"damage":10.0,"enemies":"Centurion and Healer","floor":25.0,"turns":3.0},{"damage":12,"enemies":"Cultist and Chosen","floor":28,"turns":4}],"seed_played":"-5663963402734447611","potions_obtained":[{"floor":11.0,"key":"Swift Potion"},{"floor":14.0,"key":"PowerPotion"},{"floor":18.0,"key":"FocusPotion"},{"floor":22.0,"key":"Dexterity Potion"}],"is_trial":false,"path_per_floor":["M","?","?","$","M","R","E","M","T","$","M","?","$","M","R","B",null,"M","$","?","?","M","R","?","M","T","?","M"],"character_chosen":"DEFECT","items_purchased":["Electrodynamics","PrismaticShard","Conserve Battery","Recycle"],"campfire_rested":2,"item_purchase_floors":[4,4,13,19],"current_hp_per_floor":[48,33,33,33,25,47,15,14,14,14,7,7,7,7,29,8,58,45,45,45,45,33,33,14,4,4,4,0],"gold":98,"neow_bonus":"TWO_FIFTY_GOLD","is_prod":false,"is_daily":false,"chose_seed":false,"campfire_upgraded":1,"win_rate":0,"timestamp":1554970371,"path_taken":["M","?","?","$","?","R","E","M","T","?","M","?","$","M","R","BOSS","M","$","?","?","M","R","?","M","T","?","?"],"build_version":"2019-01-23","purchased_purges":1,"victory":false,"max_hp_per_floor":[75,75,75,75,75,75,75,75,75,75,75,75,75,75,75,75,75,75,75,75,75,75,75,75,75,75,75,75],"card_choices":[{"not_picked":["Turbo","Compile Driver"],"picked":"Ball Lightning","floor":1.0},{"not_picked":["Power Through","Slice"],"picked":"Grand Finale","floor":5.0},{"not_picked":["Headbutt","Leap"],"picked":"Warcry","floor":7.0},{"not_picked":["Calculated Gamble","Coolheaded"],"picked":"Body Slam","floor":8.0},{"not_picked":["A Thousand Cuts","Blur"],"picked":"Backflip","floor":11.0},{"not_picked":["PiercingWail","Go for the Eyes"],"picked":"Acrobatics","floor":14.0},{"not_picked":["Fission","Double Tap"],"picked":"Juggernaut","floor":16.0},{"not_picked":["Flex","Rebound","Compile Driver"],"picked":"SKIP","floor":18.0},{"not_picked":["Catalyst","Accuracy"],"picked":"White Noise","floor":22.0},{"not_picked":["Warcry","Redo","Eviscerate"],"picked":"SKIP","floor":25.0}],"player_experience":725546,"relics_obtained":[{"floor":7.0,"key":"Sundial"},{"floor":9.0,"key":"Letter Opener"},{"floor":26.0,"key":"Turnip"}],"event_choices":[{"damage_healed":0.0,"max_hp_gain":0.0,"max_hp_loss":0.0,"gold_gain":0.0,"event_name":"Shining Light","player_choice":"Entered Light","floor":2.0,"gold_loss":0.0,"damage_taken":15.0,"cards_upgraded":["Strike_B","Dualcast"]},{"damage_healed":0.0,"max_hp_gain":0.0,"max_hp_loss":0.0,"gold_gain":0.0,"cards_transformed":["Strike_B"],"event_name":"Living Wall","player_choice":"Change","floor":3.0,"gold_loss":0.0,"damage_taken":0.0,"cards_obtained":["Seek"]},{"damage_healed":0.0,"max_hp_gain":0.0,"max_hp_loss":0.0,"gold_gain":62.0,"event_name":"Golden Wing","player_choice":"Gained Gold","floor":12.0,"gold_loss":0.0,"damage_taken":0.0},{"damage_healed":0.0,"max_hp_gain":0.0,"max_hp_loss":0.0,"gold_gain":0.0,"cards_transformed":["Zap","Grand Finale"],"event_name":"Drug Dealer","player_choice":"Became Test Subject","floor":20.0,"gold_loss":0.0,"damage_taken":0.0,"cards_obtained":["Electrodynamics","Undo"]},{"damage_healed":0.0,"max_hp_gain":0.0,"max_hp_loss":0.0,"gold_gain":0.0,"event_name":"Vampires","player_choice":"Ignored","floor":21.0,"gold_loss":0.0,"damage_taken":0.0},{"damage_healed":0.0,"max_hp_gain":0.0,"max_hp_loss":0.0,"gold_gain":0.0,"event_name":"Colosseum","player_choice":"Fight","floor":24.0,"gold_loss":0.0,"damage_taken":0.0},{"damage_healed":0.0,"max_hp_gain":0.0,"max_hp_loss":0.0,"gold_gain":0.0,"event_name":"Colosseum","player_choice":"Fled From Nobs","floor":24.0,"gold_loss":0.0,"damage_taken":0.0},{"damage_healed":0.0,"max_hp_gain":0.0,"max_hp_loss":0.0,"gold_gain":0.0,"event_name":"The Library","player_choice":"Read","floor":27.0,"gold_loss":0.0,"damage_taken":0.0,"cards_obtained":["Glacier"]}],"is_beta":false,"boss_relics":[{"not_picked":["Orrery","Nuclear Battery"],"picked":"Empty Cage"}],"items_purged_floors":[10],"is_endless":false,"potions_floor_spawned":[11,14,18,22],"killed_by":"Cultist and Chosen","ascension_level":13}