{"gold_per_floor":[109,120,120,133,152,152,186,186,186,186,55,84,84,116,116,116],"floor_reached":16,"playtime":975,"items_purged":["Strike_G"],"score":286,"play_id":"38dbd9e0-e499-4e53-b170-bd9d428d4dd9","local_time":"20190415075449","is_ascension_mode":true,"campfire_choices":[{"data":"Neutralize","floor":6.0,"key":"SMITH"},{"data":"Deadly Poison","floor":8.0,"key":"SMITH"},{"floor":10.0,"key":"REST"},{"floor":13.0,"key":"REST"},{"data":"Cloak And Dagger","floor":15.0,"key":"SMITH"}],"neow_cost":"NONE","seed_source_timestamp":204224814397100,"circlet_count":0,"master_deck":["AscendersBane","Defend_G","Defend_G","Defend_G","Defend_G","Defend_G","Strike_G","Strike_G","Strike_G","Survivor","Neutralize+1","Prepared","Backstab","Deadly Poison+1","Prepared","Cloak And Dagger+1","Deflect"],"special_seed":0,"relics":["Ring of the Snake","Letter Opener","Calipers","Thread and Needle","Centennial Puzzle"],"potions_floor_usage":[16,16],"damage_taken":[{"damage":0.0,"enemies":"2 Louse","floor":1.0,"turns":6.0},{"damage":7.0,"enemies":"Cultist","floor":2.0,"turns":5.0},{"damage":0.0,"enemies":"Small Slimes","floor":4.0,"turns":5.0},{"damage":1.0,"enemies":"Red Slaver","floor":5.0,"turns":4.0},{"damage":25.0,"enemies":"Lagavulin","floor":7.0,"turns":10.0},{"damage":13.0,"enemies":"3 Sentries","floor":12.0,"turns":8.0},{"damage":0.0,"enemies":"Lagavulin","floor":14.0,"turns":6.0},{"damage":43,"enemies":"Slime Boss","floor":16,"turns":10}],"seed_played":"1585271631799579058","potions_obtained":[{"floor":2.0,"key":"SteroidPotion"},{"floor":7.0,"key":"Energy Potion"},{"floor":12.0,"key":"Energy Potion"},{"floor":14.0,"key":"GhostInAJar"}],"is_trial":false,"path_per_floor":["M","M","?","M","M","R","E","R","T","R","$","E","R","E","R","B"],"character_chosen":"THE_SILENT","items_purchased":["Cloak And Dagger"],"campfire_rested":2,"item_purchase_floors":[11],"current_hp_per_floor":[59,52,43,43,42,42,17,17,17,36,36,23,42,42,42,0],"gold":116,"neow_bonus":"TRANSFORM_CARD","is_prod":false,"is_daily":false,"chose_seed":false,"campfire_upgraded":3,"win_rate":0,"timestamp":1555329289,"path_taken":["M","M","?","M","M","R","E","R","T","R","?","E","R","E","R","BOSS"],"build_version":"2019-01-23","purchased_purges":1,"victory":false,"max_hp_per_floor":[66,66,66,66,66,66,66,66,66,66,66,66,66,66,66,66],"card_choices":[{"not_picked":["Slice","Reflex","Outmaneuver"],"picked":"SKIP","floor":1.0},{"not_picked":["Predator","Blade Dance"],"picked":"Backstab","floor":2.0},{"not_picked":["All Out Attack","Deflect"],"picked":"Deadly Poison","floor":4.0},{"not_picked":["Blade Dance","Bane","Deflect"],"picked":"SKIP","floor":5.0},{"not_picked":["Slice","Outmaneuver"],"picked":"Prepared","floor":7.0},{"not_picked":["Dagger Throw","Wraith Form v2","Flying Knee"],"picked":"SKIP","floor":12.0},{"not_picked":["Deadly Poison","Quick Slash"],"picked":"Deflect","floor":14.0}],"player_experience":319000,"relics_obtained":[{"floor":7.0,"key":"Letter Opener"},{"floor":9.0,"key":"Calipers"},{"floor":12.0,"key":"Thread and Needle"},{"floor":14.0,"key":"Centennial Puzzle"}],"event_choices":[{"damage_healed":0.0,"max_hp_gain":0.0,"max_hp_loss":0.0,"gold_gain":0.0,"event_name":"Wheel of Change","player_choice":"Damaged","floor":3.0,"gold_loss":0.0,"damage_taken":9.0}],"is_beta":false,"boss_relics":[],"items_purged_floors":[11],"is_endless":false,"potions_floor_spawned":[2,7,12,14],"killed_by":"Slime Boss","ascension_level":20}