{"gold_per_floor":[113,126,126,126,126,158,168,197,197,197,209,236,249,2,2,97,97,109,109,125,139,155,155,80,80,80,109,109],"floor_reached":28,"playtime":3220,"items_purged":["Strike_B"],"score":340,"play_id":"be927f91-c73a-47fa-9ea5-b55318bb8199","local_time":"20190321205527","is_ascension_mode":true,"campfire_choices":[{"floor":15,"key":"REST"},{"floor":23,"key":"REST"},{"data":"Defragment","floor":25,"key":"SMITH"}],"neow_cost":"NONE","seed_source_timestamp":529498937773,"circlet_count":0,"master_deck":["Strike_B+1","Strike_B+1","Defend_B","Defend_B","Defend_B","Defend_B+1","Zap","Dualcast","Conserve Battery","Defragment+1","Redo","Tempest","Sunder","Undo","Go for the Eyes","Beam Cell","Ball Lightning","Thunder Strike+1","Redo+1","Thunder Strike","Reprogram","Ball Lightning"],"special_seed":0,"relics":["NeowsBlessing","Strawberry","Sundial","Bag of Marbles","Orichalcum","Cables","Runic Pyramid","Nloth\u0027s Gift","Whetstone","Blue Candle"],"potions_floor_usage":[8,12,16,27,27],"damage_taken":[{"damage":0.0,"enemies":"Small Slimes","floor":1.0,"turns":1.0},{"damage":0.0,"enemies":"2 Louse","floor":2.0,"turns":1.0},{"damage":0.0,"enemies":"Lagavulin","floor":6.0,"turns":1.0},{"damage":5,"enemies":"Jaw Worm","floor":7,"turns":2},{"damage":52,"enemies":"3 Sentries","floor":8,"turns":8},{"damage":8,"enemies":"Exordium Thugs","floor":11,"turns":4},{"damage":15,"enemies":"Lagavulin","floor":12,"turns":6},{"damage":0,"enemies":"Large Slime","floor":13,"turns":4},{"damage":18,"enemies":"Slime Boss","floor":16,"turns":8},{"damage":9,"enemies":"Shell Parasite","floor":18,"turns":5},{"damage":22,"enemies":"2 Thieves","floor":20,"turns":4},{"damage":13,"enemies":"Cultist and Chosen","floor":21,"turns":6},{"damage":31,"enemies":"Snake Plant","floor":22,"turns":4},{"damage":29,"enemies":"Book of Stabbing","floor":27,"turns":5},{"damage":5,"enemies":"Shelled Parasite and Fungi","floor":28,"turns":2}],"seed_played":"-4696226583478800263","potions_obtained":[{"floor":1.0,"key":"Regen Potion"},{"floor":6,"key":"Dexterity Potion"},{"floor":7,"key":"SteroidPotion"},{"floor":8,"key":"FearPotion"},{"floor":13,"key":"AttackPotion"},{"floor":20,"key":"Ancient Potion"},{"floor":22,"key":"FocusPotion"}],"is_trial":false,"path_per_floor":["M","M","?","?","?","E","M","E","T","?","M","E","M","$","R","B",null,"M","?","M","M","M","R","$","R","T","E","M"],"character_chosen":"DEFECT","items_purchased":["Cables"],"campfire_rested":2,"item_purchase_floors":[14],"current_hp_per_floor":[75,75,75,82,66,66,61,24,24,24,16,1,1,1,25,7,82,73,73,51,38,7,31,31,31,31,2,0],"gold":109,"neow_bonus":"THREE_ENEMY_KILL","is_prod":false,"is_daily":false,"chose_seed":false,"campfire_upgraded":1,"win_rate":0,"timestamp":1553169327,"path_taken":["M","M","?","?","?","E","?","E","T","?","M","E","?","$","R","BOSS","M","?","?","M","M","R","$","R","T","E","?"],"build_version":"2019-01-23","purchased_purges":1,"victory":false,"max_hp_per_floor":[75,75,75,82,82,82,82,82,82,82,82,82,82,82,82,82,82,82,82,82,82,82,82,82,82,82,82,82],"card_choices":[{"not_picked":["Aggregate","Double Energy"],"picked":"Conserve Battery","floor":1.0},{"not_picked":["Redo","Tempest"],"picked":"Defragment","floor":2.0},{"not_picked":["Leap","Genetic Algorithm"],"picked":"Tempest","floor":6},{"not_picked":["BootSequence","Barrage"],"picked":"Sunder","floor":7},{"not_picked":["Sunder","Blizzard"],"picked":"Undo","floor":8},{"not_picked":["Rip and Tear","Auto Shields"],"picked":"Go for the Eyes","floor":11},{"not_picked":["BootSequence","Redo"],"picked":"Beam Cell","floor":12},{"not_picked":["Compile Driver","Steam"],"picked":"Ball Lightning","floor":13},{"not_picked":["Creative AI","Meteor Strike"],"picked":"Thunder Strike","floor":16},{"not_picked":["Turbo+1","Compile Driver"],"picked":"Redo+1","floor":18},{"not_picked":["Go for the Eyes+1","Leap"],"picked":"Thunder Strike","floor":20},{"not_picked":["Coolheaded","Doom and Gloom+1"],"picked":"Reprogram","floor":21},{"not_picked":["Genetic Algorithm","Gash"],"picked":"Ball Lightning","floor":22},{"not_picked":["Rebound","FTL","Go for the Eyes"],"picked":"SKIP","floor":27}],"player_experience":495808,"relics_obtained":[{"floor":8,"key":"Sundial"},{"floor":9,"key":"Bag of Marbles"},{"floor":12,"key":"Orichalcum"},{"floor":26,"key":"Whetstone"},{"floor":27,"key":"Blue Candle"}],"event_choices":[{"damage_healed":0.0,"max_hp_gain":0.0,"max_hp_loss":0.0,"gold_gain":0.0,"cards_transformed":["Strike_B"],"event_name":"Living Wall","player_choice":"Change","floor":3.0,"gold_loss":0.0,"damage_taken":0.0,"cards_obtained":["Redo"]},{"damage_healed":0.0,"max_hp_gain":0.0,"max_hp_loss":0.0,"gold_gain":0.0,"event_name":"Big Fish","player_choice":"Box","floor":4.0,"gold_loss":0.0,"damage_taken":0.0,"relics_obtained":["Strawberry"],"cards_obtained":["Regret"]},{"damage_healed":0.0,"max_hp_gain":0.0,"max_hp_loss":0.0,"gold_gain":0.0,"event_name":"Shining Light","player_choice":"Entered Light","floor":5.0,"gold_loss":0.0,"damage_taken":16.0,"cards_upgraded":["Defend_B","Strike_B"]},{"cards_removed":["Regret"],"damage_healed":0,"gold_gain":0,"player_choice":"Purged","damage_taken":0,"max_hp_gain":0,"max_hp_loss":0,"event_name":"Purifier","floor":10,"gold_loss":0},{"damage_healed":0,"gold_gain":0,"player_choice":"Traded Relic","damage_taken":0,"relics_obtained":["Nloth\u0027s Gift"],"max_hp_gain":0,"max_hp_loss":0,"event_name":"N\u0027loth","floor":19,"relics_lost":["Cracked Core"],"gold_loss":0}],"is_beta":false,"boss_relics":[{"not_picked":["Fusion Hammer","Ectoplasm"],"picked":"Runic Pyramid"}],"items_purged_floors":[24],"is_endless":false,"potions_floor_spawned":[1,6,7,8,13,20,22],"killed_by":"Shelled Parasite and Fungi","ascension_level":4}