{"gold_per_floor":[111,111,111,122,122,154,169,169,169,169],"floor_reached":10,"playtime":281,"items_purged":[],"score":112,"play_id":"8a5580b4-29ca-4ec8-98d8-0c5ce9f44fb5","local_time":"20190416005438","is_ascension_mode":true,"campfire_choices":[{"data":"Defragment","floor":8,"key":"SMITH"}],"neow_cost":"NONE","seed_source_timestamp":17084532254788,"circlet_count":0,"master_deck":["AscendersBane","Strike_B","Strike_B","Strike_B","Defend_B","Defend_B","Defend_B","Defend_B","Zap","Dualcast","Static Discharge","Consume","Self Repair","Defragment+1","Leap"],"relics":["Velvet Choker","Pantograph","Letter Opener","Question Card"],"potions_floor_usage":[6],"damage_taken":[{"damage":17,"enemies":"Small Slimes","floor":1,"turns":4},{"damage":4,"enemies":"2 Louse","floor":4,"turns":3},{"damage":30,"enemies":"Lagavulin","floor":6,"turns":7},{"damage":9,"enemies":"Jaw Worm","floor":7,"turns":3},{"damage":30,"enemies":"3 Sentries","floor":10,"turns":4}],"seed_played":"-4714289217652047605","potions_obtained":[{"floor":1,"key":"Energy Potion"},{"floor":4,"key":"Regen Potion"},{"floor":6,"key":"EntropicBrew"}],"is_trial":false,"path_per_floor":["M","?","?","M","$","E","M","R","T","E"],"character_chosen":"DEFECT","items_purchased":[],"campfire_rested":0,"item_purchase_floors":[],"current_hp_per_floor":[47,47,44,40,40,31,29,29,29,0],"gold":169,"neow_bonus":"BOSS_RELIC","is_prod":false,"is_daily":false,"chose_seed":false,"campfire_upgraded":1,"win_rate":0,"timestamp":1555343678,"path_taken":["M","?","?","?","?","E","M","R","T","E"],"build_version":"2019-01-23","purchased_purges":0,"victory":false,"max_hp_per_floor":[71,71,71,71,71,71,71,71,71,71],"card_choices":[{"not_picked":["Streamline","Compile Driver"],"picked":"Static Discharge","floor":1},{"not_picked":["Beam Cell","Auto Shields"],"picked":"Self Repair","floor":4},{"not_picked":["Steam","Turbo"],"picked":"Defragment","floor":6},{"not_picked":["Hologram","Cold Snap"],"picked":"Leap","floor":7}],"player_experience":764578,"relics_obtained":[{"floor":6,"key":"Letter Opener"},{"floor":9,"key":"Question Card"}],"event_choices":[{"damage_healed":0,"gold_gain":0,"cards_transformed":["Strike_B"],"player_choice":"Change","damage_taken":0,"max_hp_gain":0,"max_hp_loss":0,"event_name":"Living Wall","floor":2,"gold_loss":0,"cards_obtained":["Consume"]},{"damage_healed":0,"gold_gain":0,"player_choice":"Success","damage_taken":3,"relics_obtained":["Pantograph"],"max_hp_gain":0,"max_hp_loss":0,"event_name":"Scrap Ooze","floor":3,"gold_loss":0}],"is_beta":false,"boss_relics":[],"items_purged_floors":[],"is_endless":false,"potions_floor_spawned":[1,4,6,7],"killed_by":"3 Sentries","ascension_level":14}