{"gold_per_floor":[119,137,155,155,155,155,181,181,181,196,215,215],"floor_reached":12,"playtime":334,"items_purged":[],"score":136,"play_id":"af691766-bf04-42d9-baef-0542f1b0d757","local_time":"20190415124043","is_ascension_mode":true,"campfire_choices":[{"data":"Defragment","floor":6,"key":"SMITH"},{"floor":8,"key":"REST"}],"neow_cost":"NONE","seed_source_timestamp":10121296779984,"circlet_count":0,"master_deck":["AscendersBane","Strike_B","Strike_B","Strike_B","Defend_B","Defend_B","Defend_B","Defend_B","Zap","Dualcast","Blizzard","Defragment+1","Gash","Creative AI","Leap","Reinforced Body"],"relics":["Cracked Core","NeowsBlessing","FaceOfCleric","Kunai","Darkstone Periapt"],"potions_floor_usage":[10,10,11],"damage_taken":[{"damage":0,"enemies":"Cultist","floor":1,"turns":1},{"damage":0,"enemies":"Small Slimes","floor":2,"turns":1},{"damage":0,"enemies":"2 Louse","floor":3,"turns":1},{"damage":54,"enemies":"Gremlin Nob","floor":7,"turns":5},{"damage":22,"enemies":"Lots of Slimes","floor":10,"turns":3},{"damage":0,"enemies":"3 Louse","floor":11,"turns":5},{"damage":9,"enemies":"Exordium Thugs","floor":12,"turns":2}],"seed_played":"-8002147813925395819","potions_obtained":[{"floor":3,"key":"LiquidBronze"},{"floor":7,"key":"LiquidBronze"},{"floor":10,"key":"EssenceOfSteel"}],"is_trial":false,"path_per_floor":["M","M","M","?","?","R","E","R","T","M","M","M"],"character_chosen":"DEFECT","items_purchased":[],"campfire_rested":1,"item_purchase_floors":[],"current_hp_per_floor":[64,64,64,64,64,64,11,32,32,11,12,3],"gold":215,"neow_bonus":"THREE_ENEMY_KILL","is_prod":false,"is_daily":false,"chose_seed":false,"campfire_upgraded":1,"win_rate":0,"timestamp":1555299643,"path_taken":["M","?","M","?","?","R","E","R","T","?","M","M"],"build_version":"2019-01-23","purchased_purges":0,"victory":false,"max_hp_per_floor":[71,71,71,71,71,71,72,72,72,73,74,74],"card_choices":[{"not_picked":["Go for the Eyes","Stack","Turbo"],"picked":"SKIP","floor":1},{"not_picked":["Gash","Stack"],"picked":"Blizzard","floor":2},{"not_picked":["Sweeping Beam","Beam Cell"],"picked":"Defragment","floor":3},{"not_picked":["Sweeping Beam","Storm"],"picked":"Creative AI","floor":7},{"not_picked":["Steam","Compile Driver"],"picked":"Leap","floor":10},{"not_picked":["Ball Lightning","Gash"],"picked":"Reinforced Body","floor":11}],"player_experience":576929,"relics_obtained":[{"floor":7,"key":"Kunai"},{"floor":9,"key":"Darkstone Periapt"}],"event_choices":[{"damage_healed":0,"gold_gain":0,"cards_transformed":["Strike_B"],"player_choice":"Change","damage_taken":0,"max_hp_gain":0,"max_hp_loss":0,"event_name":"Living Wall","floor":4,"gold_loss":0,"cards_obtained":["Gash"]},{"damage_healed":0,"gold_gain":0,"player_choice":"Trade","damage_taken":0,"relics_obtained":["FaceOfCleric"],"max_hp_gain":0,"max_hp_loss":0,"event_name":"FaceTrader","floor":5,"gold_loss":0}],"is_beta":false,"boss_relics":[],"items_purged_floors":[],"is_endless":false,"potions_floor_spawned":[3,7,10],"killed_by":"Exordium Thugs","ascension_level":14}