{"gold_per_floor":[114,131,55,55,5,5,16,16,16,47,47,72,72,72,72,72],"floor_reached":16,"playtime":598,"items_purged":[],"score":180,"play_id":"626f954f-f6e0-44b1-beeb-ca26b8b09ae8","local_time":"20190414205641","is_ascension_mode":true,"campfire_choices":[{"floor":6.0,"key":"REST"},{"data":"Hologram","floor":8.0,"key":"SMITH"},{"data":"Gash","floor":11.0,"key":"SMITH"},{"floor":13,"key":"REST"},{"data":"Conserve Battery","floor":15,"key":"SMITH"}],"neow_cost":"PERCENT_DAMAGE","seed_source_timestamp":259288316680391,"circlet_count":0,"master_deck":["AscendersBane","Strike_B","Strike_B","Defend_B","Defend_B+1","Defend_B","Zap","Dualcast+1","Leap","Conserve Battery+1","Gash+1","Hologram+1","BootSequence"],"special_seed":0,"relics":["Cracked Core","Meat on the Bone","Calipers","Unceasing Top"],"potions_floor_usage":[12,12],"damage_taken":[{"damage":7.0,"enemies":"2 Louse","floor":1.0,"turns":2.0},{"damage":0.0,"enemies":"Jaw Worm","floor":2.0,"turns":3.0},{"damage":0.0,"enemies":"Small Slimes","floor":7.0,"turns":3.0},{"damage":6.0,"enemies":"Lagavulin","floor":10.0,"turns":8.0},{"damage":36,"enemies":"Gremlin Nob","floor":12,"turns":5},{"damage":46,"enemies":"Hexaghost","floor":16,"turns":14}],"seed_played":"-3087928916553121867","potions_obtained":[{"floor":7.0,"key":"Block Potion"},{"floor":10.0,"key":"EssenceOfSteel"}],"is_trial":false,"path_per_floor":["M","M","$","?","?","R","M","R","T","E","R","E","R","?","R","B"],"character_chosen":"DEFECT","items_purchased":["Conserve Battery","Gash"],"campfire_rested":2,"item_purchase_floors":[3,3],"current_hp_per_floor":[39,39,39,25,25,46,46,46,46,40,40,16,37,37,37,0],"gold":72,"neow_bonus":"REMOVE_TWO","is_prod":false,"is_daily":false,"chose_seed":false,"campfire_upgraded":3,"win_rate":0,"timestamp":1555243001,"path_taken":["M","M","$","?","?","R","M","R","T","E","R","E","R","?","R","BOSS"],"build_version":"2019-01-23","purchased_purges":0,"victory":false,"max_hp_per_floor":[71,71,71,71,71,71,71,71,71,71,71,71,71,71,71,71],"card_choices":[{"not_picked":["Compile Driver","Go for the Eyes"],"picked":"Leap","floor":1.0},{"not_picked":["Leap","Steam Power","Beam Cell"],"picked":"SKIP","floor":2.0},{"not_picked":["Ball Lightning","Reprogram"],"picked":"Hologram","floor":7.0},{"not_picked":["Hello World","Darkness"],"picked":"BootSequence","floor":10.0},{"not_picked":["Compile Driver","Rip and Tear","Sweeping Beam"],"picked":"SKIP","floor":12}],"player_experience":571827,"relics_obtained":[{"floor":9.0,"key":"Meat on the Bone"},{"floor":10.0,"key":"Calipers"},{"floor":12,"key":"Unceasing Top"}],"event_choices":[{"damage_healed":0.0,"max_hp_gain":0.0,"max_hp_loss":0.0,"gold_gain":0.0,"event_name":"Shining Light","player_choice":"Entered Light","floor":4.0,"gold_loss":0.0,"damage_taken":14.0,"cards_upgraded":["Dualcast","Defend_B"]},{"cards_removed":["Strike_B"],"damage_healed":0.0,"max_hp_gain":0.0,"max_hp_loss":0.0,"gold_gain":0.0,"event_name":"The Cleric","player_choice":"Card Removal","floor":5.0,"gold_loss":50.0,"damage_taken":0.0},{"damage_healed":0,"gold_gain":0,"player_choice":"Ignored","damage_taken":0,"max_hp_gain":0,"max_hp_loss":0,"event_name":"Liars Game","floor":14,"gold_loss":0}],"is_beta":false,"boss_relics":[],"items_purged_floors":[],"is_endless":false,"potions_floor_spawned":[7,10],"killed_by":"Hexaghost","ascension_level":14}