{"gold_per_floor":[118,118,118,128,145,145,145,145,145,163,163],"floor_reached":11,"playtime":411,"items_purged":[],"score":69,"play_id":"2b239a46-7b94-4244-a4d6-10e865f17af4","local_time":"20190311142226","is_ascension_mode":true,"campfire_choices":[{"data":"Reflex","floor":7,"key":"SMITH"}],"neow_cost":"NONE","seed_source_timestamp":2225479470050579,"circlet_count":0,"master_deck":["Defend_G","Defend_G","Defend_G","Defend_G","Defend_G","Strike_G","Strike_G","Strike_G","Survivor","Neutralize","PiercingWail","Reflex+1","Regret","Flechettes"],"relics":["Empty Cage","Turnip","Happy Flower","Singing Bowl","Ancient Tea Set","Darkstone Periapt"],"potions_floor_usage":[11],"damage_taken":[{"damage":1,"enemies":"Small Slimes","floor":1,"turns":5},{"damage":13,"enemies":"Cultist","floor":4,"turns":6},{"damage":0,"enemies":"2 Louse","floor":5,"turns":3},{"damage":15,"enemies":"2 Fungi Beasts","floor":10,"turns":6},{"damage":39,"enemies":"3 Sentries","floor":11,"turns":8}],"seed_played":"5350633193991758343","potions_obtained":[{"floor":5,"key":"Weak Potion"}],"is_trial":false,"path_per_floor":["M","?","?","M","M","?","R","?","T","M","E"],"character_chosen":"THE_SILENT","items_purchased":[],"campfire_rested":0,"item_purchase_floors":[],"current_hp_per_floor":[69,66,66,53,53,53,53,53,53,38,0],"gold":163,"neow_bonus":"BOSS_RELIC","is_prod":false,"is_daily":false,"chose_seed":false,"campfire_upgraded":1,"win_rate":0,"timestamp":1552281746,"path_taken":["M","?","?","?","M","?","R","?","T","M","E"],"build_version":"2019-01-23","purchased_purges":0,"victory":false,"max_hp_per_floor":[70,70,70,70,70,70,70,70,70,70,70],"card_choices":[{"not_picked":["Blade Dance","Poisoned Stab"],"picked":"Concentrate","floor":1},{"not_picked":["Sucker Punch","Calculated Gamble"],"picked":"PiercingWail","floor":4},{"not_picked":["Quick Slash","Dagger Spray"],"picked":"Reflex","floor":5},{"not_picked":["Slice","Quick Slash"],"picked":"Flechettes","floor":10}],"player_experience":307293,"relics_obtained":[{"floor":9,"key":"Darkstone Periapt"}],"event_choices":[{"damage_healed":0,"gold_gain":0,"player_choice":"Success","damage_taken":3,"relics_obtained":["Turnip"],"max_hp_gain":0,"max_hp_loss":0,"event_name":"Scrap Ooze","floor":2,"gold_loss":0},{"cards_removed":["Concentrate"],"damage_healed":0,"gold_gain":0,"player_choice":"Gave Card","damage_taken":0,"relics_obtained":["Happy Flower"],"max_hp_gain":0,"max_hp_loss":0,"event_name":"WeMeetAgain","floor":3,"gold_loss":0},{"damage_healed":0,"gold_gain":0,"player_choice":"Box","damage_taken":0,"relics_obtained":["Singing Bowl"],"max_hp_gain":0,"max_hp_loss":0,"event_name":"Big Fish","floor":6,"gold_loss":0,"cards_obtained":["Regret"]},{"damage_healed":0,"gold_gain":0,"player_choice":"Searched \u00271\u0027 times","damage_taken":0,"relics_obtained":["Ancient Tea Set"],"max_hp_gain":0,"max_hp_loss":0,"event_name":"Dead Adventurer","floor":8,"gold_loss":0}],"is_beta":false,"boss_relics":[],"items_purged_floors":[],"is_endless":false,"potions_floor_spawned":[5],"killed_by":"3 Sentries","ascension_level":2}