{"gold_per_floor":[211,35,35,0,75,75,110,110,187,187,187,199,211,238,250,262],"floor_reached":16,"playtime":670,"items_purged":["Strike_R"],"score":188,"play_id":"22b22a19-304b-44dc-8e4e-9dfeec089a51","local_time":"20190413110239","is_ascension_mode":true,"campfire_choices":[{"data":"Bash","floor":6.0,"key":"SMITH"},{"floor":8.0,"key":"REST"},{"data":"Metallicize","floor":10.0,"key":"SMITH"},{"data":"Shrug It Off","floor":13.0,"key":"SMITH"},{"data":"Rampage","floor":15.0,"key":"SMITH"}],"neow_cost":"NONE","seed_source_timestamp":43386528572200,"circlet_count":0,"master_deck":["AscendersBane","Strike_R","Strike_R","Strike_R","Defend_R","Defend_R","Defend_R","Defend_R","Bash+1","Rampage+1","Metallicize+1","Shrug It Off+1"],"special_seed":0,"relics":["Burning Blood","Oddly Smooth Stone","Shuriken","MawBank"],"potions_floor_usage":[],"damage_taken":[{"damage":9.0,"enemies":"2 Louse","floor":1.0,"turns":4.0},{"damage":43.0,"enemies":"Gremlin Nob","floor":7.0,"turns":5.0},{"damage":0.0,"enemies":"Jaw Worm","floor":14.0,"turns":6.0},{"damage":60,"enemies":"Slime Boss","floor":16,"turns":10}],"seed_played":"2450191805102048557","potions_obtained":[{"floor":14.0,"key":"FairyPotion"}],"is_trial":false,"path_per_floor":["M","$","?","?","?","R","E","R","T","R","?","$","R","M","R","B"],"character_chosen":"IRONCLAD","items_purchased":["Metallicize","Shrug It Off"],"campfire_rested":1,"item_purchase_floors":[2,2],"current_hp_per_floor":[65,65,58,75,64,64,27,49,49,49,31,31,31,37,37,0],"gold":262,"neow_bonus":"HUNDRED_GOLD","is_prod":false,"is_daily":false,"chose_seed":false,"campfire_upgraded":4,"win_rate":0,"timestamp":1555167759,"path_taken":["M","$","?","?","?","R","E","R","T","R","?","$","R","M","R","BOSS"],"build_version":"2019-01-23","purchased_purges":1,"victory":false,"max_hp_per_floor":[75,75,75,75,75,75,75,75,75,75,75,75,75,75,75,75],"card_choices":[{"not_picked":["Thunderclap","Twin Strike"],"picked":"Rampage","floor":1.0},{"not_picked":["Intimidate","Cleave","Perfected Strike"],"picked":"SKIP","floor":7.0},{"not_picked":["Anger","Clothesline","Warcry"],"picked":"SKIP","floor":14.0}],"player_experience":303701,"relics_obtained":[{"floor":7.0,"key":"Oddly Smooth Stone"},{"floor":9.0,"key":"Shuriken"}],"event_choices":[{"cards_removed":["Strike_R"],"damage_healed":0.0,"max_hp_gain":0.0,"max_hp_loss":0.0,"gold_gain":0.0,"event_name":"Golden Wing","player_choice":"Card Removal","floor":3.0,"gold_loss":0.0,"damage_taken":7.0},{"damage_healed":18.0,"max_hp_gain":0.0,"max_hp_loss":0.0,"gold_gain":0.0,"event_name":"The Cleric","player_choice":"Healed","floor":4.0,"gold_loss":35.0,"damage_taken":0.0},{"damage_healed":0.0,"max_hp_gain":0.0,"max_hp_loss":0.0,"gold_gain":75.0,"event_name":"World of Goop","player_choice":"Gather Gold","floor":5.0,"gold_loss":0.0,"damage_taken":11.0},{"damage_healed":0.0,"max_hp_gain":0.0,"max_hp_loss":0.0,"gold_gain":0.0,"event_name":"Scrap Ooze","player_choice":"Success","floor":11.0,"gold_loss":0.0,"damage_taken":18.0,"relics_obtained":["MawBank"]}],"is_beta":false,"boss_relics":[],"items_purged_floors":[2],"is_endless":false,"potions_floor_spawned":[14],"killed_by":"Slime Boss","ascension_level":20}