{"gold_per_floor":[116,136,152,15,28,55,55,85,112,157,184,215,227,239,251,338,350,378,401,88,88,38,38,56,56],"floor_reached":25,"playtime":1472,"items_purged":["Defend_R","Strike_R","Shame"],"score":446,"play_id":"46972718-7f4b-4ad0-b272-c56c10734694","local_time":"20190414144211","is_ascension_mode":true,"campfire_choices":[{"data":"Pommel Strike","floor":7.0,"key":"SMITH"},{"floor":15.0,"key":"REST"},{"data":"Armaments","floor":23,"key":"SMITH"}],"neow_cost":"NONE","seed_source_timestamp":141829667106200,"circlet_count":0,"master_deck":["AscendersBane","Strike_R","Strike_R","Strike_R","Strike_R","Defend_R","Defend_R","Defend_R","Bash","Metallicize","Iron Wave","Headbutt","Metallicize","Pommel Strike+1","Shrug It Off","Juggernaut+1","Flame Barrier","Brutality+1","Iron Wave","Armaments+1"],"special_seed":0,"relics":["Burning Blood","Smiling Mask","Matryoshka","Vajra","MawBank","Centennial Puzzle","Frozen Egg 2","Eternal Feather","Bottled Tornado","Dodecahedron"],"potions_floor_usage":[],"damage_taken":[{"damage":6.0,"enemies":"Jaw Worm","floor":1.0,"turns":5.0},{"damage":0.0,"enemies":"Small Slimes","floor":2.0,"turns":4.0},{"damage":12.0,"enemies":"Cultist","floor":3.0,"turns":5.0},{"damage":4.0,"enemies":"Blue Slaver","floor":5.0,"turns":6.0},{"damage":25.0,"enemies":"3 Sentries","floor":6.0,"turns":15.0},{"damage":27.0,"enemies":"Gremlin Nob","floor":8.0,"turns":4.0},{"damage":3.0,"enemies":"3 Sentries","floor":10.0,"turns":7.0},{"damage":13.0,"enemies":"Large Slime","floor":11.0,"turns":6.0},{"damage":12.0,"enemies":"3 Louse","floor":12.0,"turns":3.0},{"damage":21.0,"enemies":"Slime Boss","floor":16.0,"turns":11.0},{"damage":14.0,"enemies":"Chosen","floor":18.0,"turns":5.0},{"damage":29.0,"enemies":"Shell Parasite","floor":19.0,"turns":7.0},{"damage":27,"enemies":"Snake Plant","floor":24,"turns":4},{"damage":25,"enemies":"3 Cultists","floor":25,"turns":3}],"seed_played":"-6030676809498451223","potions_obtained":[{"floor":1.0,"key":"SneckoOil"},{"floor":3.0,"key":"EssenceOfSteel"},{"floor":6.0,"key":"Explosive Potion"},{"floor":12.0,"key":"Ancient Potion"},{"floor":16.0,"key":"EssenceOfSteel"}],"is_trial":false,"path_per_floor":["M","M","M","$","M","E","R","E","T","E","M","M","$","?","R","B",null,"M","M","$","?","$","R","M","M"],"character_chosen":"IRONCLAD","items_purchased":["Metallicize","Bottled Tornado"],"campfire_rested":1,"item_purchase_floors":[4,20],"current_hp_per_floor":[68,74,68,68,70,51,51,30,30,33,26,20,20,20,42,27,63,55,32,32,32,32,44,23,0],"gold":56,"neow_bonus":"RANDOM_COMMON_RELIC","is_prod":false,"is_daily":false,"chose_seed":false,"campfire_upgraded":2,"win_rate":0,"timestamp":1555267331,"path_taken":["M","M","M","$","M","E","R","E","T","E","M","M","$","?","R","BOSS","M","M","$","?","$","R","M","M"],"build_version":"2019-01-23","purchased_purges":3,"victory":false,"max_hp_per_floor":[75,75,75,75,75,75,75,75,75,75,75,75,75,75,75,75,75,75,75,75,75,75,75,75,75],"card_choices":[{"not_picked":["Rupture","Heavy Blade"],"picked":"Metallicize","floor":1.0},{"not_picked":["Clothesline","Cleave"],"picked":"Iron Wave","floor":2.0},{"not_picked":["Flame Barrier","Carnage"],"picked":"Headbutt","floor":3.0},{"not_picked":["Havoc","True Grit","Sever Soul"],"picked":"SKIP","floor":5.0},{"not_picked":["Burning Pact","Shockwave"],"picked":"Pommel Strike","floor":6.0},{"not_picked":["Flex","Armaments"],"picked":"Shrug It Off","floor":8.0},{"not_picked":["Twin Strike","Wild Strike"],"picked":"Juggernaut","floor":10.0},{"not_picked":["Armaments","Perfected Strike"],"picked":"Flame Barrier","floor":11.0},{"not_picked":["Rupture+1","True Grit","Cleave"],"picked":"SKIP","floor":12.0},{"not_picked":["Exhume","Berserk+1"],"picked":"Brutality+1","floor":16.0},{"not_picked":["Searing Blow","Clothesline"],"picked":"Iron Wave","floor":18.0},{"not_picked":["Whirlwind","Power Through"],"picked":"Armaments","floor":19.0},{"not_picked":["Anger","Second Wind","Disarm"],"picked":"SKIP","floor":24}],"player_experience":315899,"relics_obtained":[{"floor":6.0,"key":"Matryoshka"},{"floor":8.0,"key":"Vajra"},{"floor":9.0,"key":"MawBank"},{"floor":9.0,"key":"Centennial Puzzle"},{"floor":10.0,"key":"Frozen Egg 2"}],"event_choices":[{"damage_healed":0.0,"max_hp_gain":0.0,"max_hp_loss":0.0,"gold_gain":0.0,"event_name":"Liars Game","player_choice":"Ignored","floor":14.0,"gold_loss":0.0,"damage_taken":0.0},{"damage_healed":0,"gold_gain":0,"player_choice":"Stole Relic","damage_taken":0,"relics_obtained":["Dodecahedron"],"max_hp_gain":0,"max_hp_loss":0,"event_name":"Addict","floor":21,"gold_loss":0,"cards_obtained":["Shame"]}],"is_beta":false,"boss_relics":[{"not_picked":["Black Star","Astrolabe"],"picked":"Eternal Feather"}],"items_purged_floors":[4,20,22],"is_endless":false,"potions_floor_spawned":[1,3,6,12,16],"killed_by":"3 Cultists","ascension_level":20}