{"gold_per_floor":[119,119,134,134,155,190,190,221,221,252,272,30,30,53,53,181,181,199,222,246,98,118,118,151,151,151,165,205,229],"floor_reached":29,"playtime":2011,"items_purged":["Gash"],"score":354,"play_id":"9bd195f5-ff8a-4b46-a059-1f9907ce08f8","local_time":"20190403223415","daily_mods":["SealedDeck","Green Cards","Blue Cards"],"is_ascension_mode":true,"campfire_choices":[{"data":"Blade Dance","floor":7,"key":"SMITH"},{"data":"Outmaneuver","floor":15,"key":"SMITH"},{"data":"FTL","floor":23,"key":"SMITH"},{"data":"Reflex","floor":25,"key":"SMITH"}],"neow_cost":"","seed_source_timestamp":32061786871964,"circlet_count":0,"master_deck":["Blade Dance+1","Accuracy","Leap+1","Dagger Throw","Dagger Throw","Dagger Throw","FTL+1","Prepared","Outmaneuver+1","Skim","Backflip","Conserve Battery+1","Slice","Reflex+1","Infinite Blades","Slice","Finesse","Burst","Finisher","Footwork+1","Footwork+1","Choke","Well Laid Plans+1","Slice+1","Echo Form+1","White Noise"],"relics":["Ring of the Snake","Golden Idol","Ornamental Fan","Potion Belt","Blood Vial","Pear","Frozen Egg 2","Oddly Smooth Stone","HoveringKite","Mummified Hand","Matryoshka","Omamori"],"potions_floor_usage":[16,29,29],"damage_taken":[{"damage":0,"enemies":"Small Slimes","floor":1,"turns":2},{"damage":0,"enemies":"2 Louse","floor":3,"turns":2},{"damage":4,"enemies":"Jaw Worm","floor":5,"turns":2},{"damage":2,"enemies":"Gremlin Nob","floor":6,"turns":3},{"damage":0,"enemies":"Lagavulin","floor":8,"turns":4},{"damage":2,"enemies":"Gremlin Nob","floor":10,"turns":3},{"damage":0,"enemies":"Large Slime","floor":11,"turns":2},{"damage":0,"enemies":"Exordium Wildlife","floor":14,"turns":2},{"damage":9,"enemies":"Hexaghost","floor":16,"turns":6},{"damage":2,"enemies":"Spheric Guardian","floor":18,"turns":3},{"damage":6,"enemies":"2 Thieves","floor":19,"turns":3},{"damage":17,"enemies":"Chosen and Byrds","floor":20,"turns":6},{"damage":0,"enemies":"Centurion and Healer","floor":22,"turns":3},{"damage":0,"enemies":"Gremlin Leader","floor":24,"turns":7},{"damage":3,"enemies":"Snecko","floor":27,"turns":5},{"damage":50,"enemies":"Book of Stabbing","floor":28,"turns":6},{"damage":21,"enemies":"Shelled Parasite and Fungi","floor":29,"turns":5}],"seed_played":"-7236263036716364975","potions_obtained":[{"floor":1,"key":"LiquidBronze"},{"floor":6,"key":"Dexterity Potion"},{"floor":8,"key":"SkillPotion"},{"floor":10,"key":"SteroidPotion"},{"floor":20,"key":"Regen Potion"},{"floor":24,"key":"Ancient Potion"}],"is_trial":true,"path_per_floor":["M","?","M","?","M","E","R","E","T","E","M","$","?","M","R","B",null,"M","M","M","$","M","R","E","R","T","M","E","M"],"character_chosen":"THE_SILENT","items_purchased":["Oddly Smooth Stone","Finesse","Choke"],"campfire_rested":0,"item_purchase_floors":[12,12,21],"current_hp_per_floor":[70,53,53,46,42,40,40,40,50,50,52,52,36,38,38,31,80,78,74,59,59,61,61,63,63,63,62,14,7],"gold":229,"neow_bonus":"","is_prod":false,"is_daily":false,"chose_seed":false,"campfire_upgraded":4,"win_rate":0,"timestamp":1554323655,"path_taken":["M","?","M","?","M","E","R","E","T","E","M","$","?","M","R","BOSS","M","M","M","$","M","R","E","R","T","M","E","M"],"build_version":"2019-01-23","purchased_purges":1,"victory":false,"max_hp_per_floor":[70,70,70,70,70,70,70,70,80,80,80,80,80,80,80,80,80,80,80,80,80,80,80,80,80,80,80,80,80],"card_choices":[{"not_picked":["Compile Driver","Dagger Throw"],"picked":"Backflip","floor":1},{"not_picked":["Crippling Poison","Streamline"],"picked":"Conserve Battery","floor":3},{"not_picked":["Flying Knee","Ball Lightning"],"picked":"Slice","floor":5},{"not_picked":["Go for the Eyes","All For One"],"picked":"Reflex","floor":6},{"not_picked":["All Out Attack","Predator"],"picked":"Infinite Blades","floor":8},{"not_picked":["Defragment","Redo"],"picked":"Slice","floor":10},{"not_picked":["Stack","Flying Knee","Hello World+1"],"picked":"SKIP","floor":11},{"not_picked":["Dodge and Roll","Go for the Eyes"],"picked":"Gash","floor":14},{"not_picked":["Machine Learning+1","Adrenaline"],"picked":"Burst","floor":16},{"not_picked":["Dagger Throw","Sweeping Beam"],"picked":"Finisher","floor":18},{"not_picked":["Blade Dance","Genetic Algorithm"],"picked":"Footwork+1","floor":19},{"not_picked":["Backflip","Choke"],"picked":"Footwork+1","floor":20},{"not_picked":["Crippling Poison+1","Deadly Poison+1"],"picked":"Well Laid Plans+1","floor":22},{"not_picked":["Compile Driver","Ball Lightning+1"],"picked":"Slice+1","floor":24},{"not_picked":["Blade Dance","Rebound"],"picked":"Echo Form+1","floor":27},{"not_picked":["Glacier+1","All For One"],"picked":"White Noise","floor":28}],"player_experience":218405,"relics_obtained":[{"floor":6,"key":"Potion Belt"},{"floor":8,"key":"Blood Vial"},{"floor":9,"key":"Pear"},{"floor":10,"key":"Frozen Egg 2"},{"floor":24,"key":"Mummified Hand"},{"floor":26,"key":"Matryoshka"},{"floor":28,"key":"Omamori"}],"event_choices":[{"damage_healed":0,"gold_gain":0,"player_choice":"Take Damage","damage_taken":17,"relics_obtained":["Golden Idol"],"max_hp_gain":0,"max_hp_loss":0,"event_name":"Golden Idol","floor":2,"gold_loss":0},{"damage_healed":0,"gold_gain":0,"player_choice":"Success","damage_taken":7,"relics_obtained":["Ornamental Fan"],"max_hp_gain":0,"max_hp_loss":0,"event_name":"Scrap Ooze","floor":4,"gold_loss":0},{"damage_healed":0,"gold_gain":0,"player_choice":"Entered Light","damage_taken":16,"max_hp_gain":0,"max_hp_loss":0,"event_name":"Shining Light","floor":13,"gold_loss":0,"cards_upgraded":["Leap","Conserve Battery"]}],"is_beta":false,"boss_relics":[{"not_picked":["Fusion Hammer","Ectoplasm"],"picked":"HoveringKite"}],"items_purged_floors":[21],"is_endless":false,"potions_floor_spawned":[1,6,8,10,20,24,27,28],"killed_by":"Shelled Parasite and Fungi","ascension_level":1}