{"gold_per_floor":[113,128,403,422,422,454,529,529,529,529],"floor_reached":10,"playtime":365,"items_purged":[],"score":83,"play_id":"372e9f8c-e157-4c76-aa2d-0f747165391d","local_time":"20190329191110","is_ascension_mode":true,"campfire_choices":[],"neow_cost":"NONE","seed_source_timestamp":25547869097413,"circlet_count":0,"master_deck":["Strike_B","Strike_B","Strike_B","Strike_B","Defend_B","Defend_B","Defend_B","Defend_B","Zap","Dualcast","Glacier","Scrape","Regret","Hello World","Genetic Algorithm"],"relics":["Cracked Core","NeowsBlessing","Unceasing Top","Centennial Puzzle","Golden Idol","Kunai"],"potions_floor_usage":[],"damage_taken":[{"damage":0,"enemies":"Small Slimes","floor":1,"turns":1},{"damage":0,"enemies":"Cultist","floor":2,"turns":1},{"damage":0,"enemies":"2 Louse","floor":4,"turns":1},{"damage":47,"enemies":"Gremlin Nob","floor":6,"turns":5},{"damage":16,"enemies":"Large Slime","floor":10,"turns":3}],"seed_played":"5310287786667140293","potions_obtained":[{"floor":1,"key":"Weak Potion"},{"floor":4,"key":"SneckoOil"}],"is_trial":false,"path_per_floor":["M","M","?","M","?","E","?","?","T","M"],"character_chosen":"DEFECT","items_purchased":[],"campfire_rested":0,"item_purchase_floors":[],"current_hp_per_floor":[75,75,75,75,63,16,5,5,5,0],"gold":529,"neow_bonus":"THREE_ENEMY_KILL","is_prod":false,"is_daily":false,"chose_seed":false,"campfire_upgraded":0,"win_rate":0,"timestamp":1553854270,"path_taken":["M","M","?","?","?","E","?","?","T","M"],"build_version":"2019-01-23","purchased_purges":0,"victory":false,"max_hp_per_floor":[75,75,75,75,75,75,75,69,69,69],"card_choices":[{"not_picked":["Static Discharge","Conserve Battery"],"picked":"Glacier","floor":1},{"not_picked":["Go for the Eyes","Streamline"],"picked":"Scrape","floor":2},{"not_picked":["Barrage","Leap"],"picked":"Hello World","floor":4},{"not_picked":["Sweeping Beam","Ball Lightning"],"picked":"Genetic Algorithm","floor":6}],"player_experience":623801,"relics_obtained":[{"floor":6,"key":"Centennial Puzzle"},{"floor":9,"key":"Kunai"}],"event_choices":[{"damage_healed":0,"gold_gain":275,"player_choice":"Desecrate","damage_taken":0,"max_hp_gain":0,"max_hp_loss":0,"event_name":"Golden Shrine","floor":3,"gold_loss":0,"cards_obtained":["Regret"]},{"damage_healed":0,"gold_gain":0,"player_choice":"Success","damage_taken":12,"relics_obtained":["Unceasing Top"],"max_hp_gain":0,"max_hp_loss":0,"event_name":"Scrap Ooze","floor":5,"gold_loss":0},{"damage_healed":0,"gold_gain":75,"player_choice":"Gather Gold","damage_taken":11,"max_hp_gain":0,"max_hp_loss":0,"event_name":"World of Goop","floor":7,"gold_loss":0},{"damage_healed":0,"gold_gain":0,"player_choice":"Lose Max HP","damage_taken":0,"relics_obtained":["Golden Idol"],"max_hp_gain":0,"max_hp_loss":6,"event_name":"Golden Idol","floor":8,"gold_loss":0}],"is_beta":false,"boss_relics":[],"items_purged_floors":[],"is_endless":false,"potions_floor_spawned":[1,4],"killed_by":"Large Slime","ascension_level":5}