{"gold_per_floor":[114,39,39,39,39,66,66,84,109,124,134,159,171,221,233,374,386,417,444,456,482,510,585,597,83,83,97,137,150,171,171],"floor_reached":31,"playtime":1883,"items_purged":["Strike_B"],"score":507,"play_id":"986afbe7-a959-4052-bc1c-64986ca6f840","local_time":"20190404003259","is_ascension_mode":true,"campfire_choices":[{"data":"Recycle","floor":15.0,"key":"SMITH"}],"neow_cost":"NONE","seed_source_timestamp":16964096803548,"circlet_count":0,"master_deck":["Strike_B","Defend_B","Defend_B","Defend_B+1","Zap","Dualcast","Reinforced Body+1","White Noise+1","Sunder+1","Gash","Self Repair+1","Hologram","Rebound","Recycle+1","Fission","FTL","Gash+1","Decay","Hologram","Pain","Creative AI","Glacier","Core Surge","Beam Cell+1"],"special_seed":0,"relics":["Astrolabe","Omamori","Symbiotic Virus","Regal Pillow","Peace Pipe","Bronze Scales","MawBank","Golden Idol","Odd Mushroom","Calling Bell","PreservedInsect","Question Card","Incense Burner","Tiny Chest","WarpedTongs","Blue Candle","OrangePellets","Shuriken","Matryoshka"],"potions_floor_usage":[],"damage_taken":[{"damage":1.0,"enemies":"Cultist","floor":1.0,"turns":3.0},{"damage":22.0,"enemies":"Lagavulin","floor":6.0,"turns":5.0},{"damage":0.0,"enemies":"Jaw Worm","floor":8.0,"turns":3.0},{"damage":0.0,"enemies":"Small Slimes","floor":10.0,"turns":2.0},{"damage":3.0,"enemies":"Blue Slaver","floor":11.0,"turns":3.0},{"damage":16.0,"enemies":"Gremlin Nob","floor":12.0,"turns":3.0},{"damage":13.0,"enemies":"The Mushroom Lair","floor":14.0,"turns":3.0},{"damage":0.0,"enemies":"Slime Boss","floor":16.0,"turns":6.0},{"damage":11.0,"enemies":"Spheric Guardian","floor":18.0,"turns":5.0},{"damage":5.0,"enemies":"3 Byrds","floor":19.0,"turns":2.0},{"damage":27.0,"enemies":"Shelled Parasite and Fungi","floor":21.0,"turns":4.0},{"damage":16.0,"enemies":"Snake Plant","floor":22.0,"turns":3.0},{"damage":0.0,"enemies":"Gremlin Leader","floor":23.0,"turns":5.0},{"damage":25.0,"enemies":"Cultist and Chosen","floor":27.0,"turns":5.0},{"damage":38.0,"enemies":"Book of Stabbing","floor":28.0,"turns":5.0},{"damage":2.0,"enemies":"Centurion and Healer","floor":29.0,"turns":7.0},{"damage":3.0,"enemies":"Snecko","floor":30.0,"turns":4.0},{"damage":22,"enemies":"Snake Plant","floor":31,"turns":1}],"seed_played":"-690556146216573005","potions_obtained":[{"floor":1.0,"key":"Strength Potion"},{"floor":6.0,"key":"FearPotion"},{"floor":8.0,"key":"LiquidBronze"},{"floor":16.0,"key":"Poison Potion"},{"floor":19.0,"key":"Ancient Potion"},{"floor":22.0,"key":"Explosive Potion"},{"floor":27.0,"key":"Strength Potion"},{"floor":29.0,"key":"FearPotion"}],"is_trial":false,"path_per_floor":["M","$","?","T","?","E","?","M","T","M","M","E","?","?","R","B",null,"M","M","?","M","M","E","?","$","T","M","E","M","M","M"],"character_chosen":"DEFECT","items_purchased":["Blue Candle","Creative AI","OrangePellets"],"campfire_rested":0,"item_purchase_floors":[25,25,25],"current_hp_per_floor":[67,67,42,42,42,20,5,15,15,25,32,26,26,23,23,33,65,64,69,69,52,46,56,56,56,56,41,3,11,18,0],"gold":171,"neow_bonus":"BOSS_RELIC","is_prod":false,"is_daily":false,"chose_seed":false,"campfire_upgraded":1,"win_rate":0,"timestamp":1554305579,"path_taken":["M","$","?","?","?","E","?","M","T","M","?","E","?","?","R","BOSS","M","M","?","?","M","E","?","?","T","M","E","M","M","M"],"build_version":"2019-01-23","purchased_purges":1,"victory":false,"max_hp_per_floor":[75,75,75,75,75,75,75,75,75,75,75,75,75,75,75,75,75,75,75,75,75,75,75,75,75,75,75,75,75,75,75],"card_choices":[{"not_picked":["Hello World","Cold Snap"],"picked":"Gash","floor":1.0},{"not_picked":["Stack","Reinforced Body"],"picked":"Self Repair","floor":6.0},{"not_picked":["Sunder","Storm"],"picked":"Hologram","floor":8.0},{"not_picked":["Auto Shields","Capacitor","Leap"],"picked":"SKIP","floor":10.0},{"not_picked":["Reprogram","Self Repair"],"picked":"Rebound","floor":11.0},{"not_picked":["Leap","Sweeping Beam","Capacitor"],"picked":"SKIP","floor":12.0},{"not_picked":["Turbo","Steam"],"picked":"Recycle","floor":14.0},{"not_picked":["Thunder Strike","Machine Learning"],"picked":"Fission","floor":16.0},{"not_picked":["Sweeping Beam","Redo","Compile Driver"],"picked":"FTL","floor":18.0},{"not_picked":["Auto Shields","Genetic Algorithm","Heatsinks"],"picked":"Gash+1","floor":19.0},{"not_picked":["Redo","Compile Driver","Ball Lightning"],"picked":"Hologram","floor":21.0},{"not_picked":["Tempest+1","Sweeping Beam","Capacitor","Heatsinks"],"picked":"SKIP","floor":22.0},{"not_picked":["Chaos","Loop+1","Glacier","Compile Driver+1"],"picked":"SKIP","floor":23.0},{"not_picked":["Streamline","Hello World","Leap"],"picked":"Glacier","floor":27.0},{"not_picked":["Turbo","Capacitor","Ball Lightning+1","Streamline"],"picked":"SKIP","floor":28.0},{"not_picked":["Capacitor","Hologram+1","Chaos"],"picked":"Core Surge","floor":29.0},{"not_picked":["Turbo+1","Coolheaded+1","Leap"],"picked":"Beam Cell+1","floor":30.0}],"player_experience":675619,"relics_obtained":[{"floor":4.0,"key":"Symbiotic Virus"},{"floor":6.0,"key":"Peace Pipe"},{"floor":9.0,"key":"Bronze Scales"},{"floor":12.0,"key":"MawBank"},{"floor":14.0,"key":"Odd Mushroom"},{"floor":17.0,"key":"PreservedInsect"},{"floor":17.0,"key":"Question Card"},{"floor":17.0,"key":"Incense Burner"},{"floor":23.0,"key":"Tiny Chest"},{"floor":26.0,"key":"Shuriken"},{"floor":28.0,"key":"Matryoshka"}],"event_choices":[{"damage_healed":0.0,"max_hp_gain":0.0,"max_hp_loss":0.0,"gold_gain":0.0,"event_name":"Scrap Ooze","player_choice":"Success","floor":3.0,"gold_loss":0.0,"damage_taken":25.0,"relics_obtained":["Omamori"]},{"damage_healed":0.0,"max_hp_gain":0.0,"max_hp_loss":0.0,"gold_gain":0.0,"event_name":"Big Fish","player_choice":"Box","floor":5.0,"gold_loss":0.0,"damage_taken":0.0,"relics_obtained":["Regal Pillow"],"cards_obtained":["Regret"]},{"damage_healed":0.0,"max_hp_gain":0.0,"max_hp_loss":0.0,"gold_gain":0.0,"event_name":"Shining Light","player_choice":"Entered Light","floor":7.0,"gold_loss":0.0,"damage_taken":15.0,"cards_upgraded":["Self Repair","Defend_B"]},{"damage_healed":0.0,"max_hp_gain":0.0,"max_hp_loss":0.0,"gold_gain":0.0,"event_name":"Golden Idol","player_choice":"Take Wound","floor":13.0,"gold_loss":0.0,"damage_taken":0.0,"relics_obtained":["Golden Idol"],"cards_obtained":["Injury"]},{"damage_healed":0.0,"max_hp_gain":0.0,"max_hp_loss":0.0,"gold_gain":0.0,"event_name":"Mushrooms","player_choice":"Fought Mushrooms","floor":14.0,"gold_loss":0.0,"damage_taken":0.0},{"damage_healed":0.0,"max_hp_gain":0.0,"max_hp_loss":0.0,"gold_gain":0.0,"event_name":"Wheel of Change","player_choice":"Cursed","floor":20.0,"gold_loss":0.0,"damage_taken":0.0,"cards_obtained":["Decay"]},{"damage_healed":0.0,"max_hp_gain":0.0,"max_hp_loss":0.0,"gold_gain":0.0,"event_name":"Accursed Blacksmith","player_choice":"Rummage","floor":24.0,"gold_loss":0.0,"damage_taken":0.0,"relics_obtained":["WarpedTongs"],"cards_obtained":["Pain"]}],"is_beta":false,"boss_relics":[{"not_picked":["Sozu","Empty Cage"],"picked":"Calling Bell"}],"items_purged_floors":[2],"is_endless":false,"potions_floor_spawned":[1,6,8,16,19,22,27,29],"killed_by":"Snake Plant","ascension_level":8}