{"gold_per_floor":[117,42,42,62,62,93,93,106,106,106],"floor_reached":10,"playtime":445,"items_purged":[],"score":92,"play_id":"d3687fcc-229d-40a4-a666-bbd4a1c89baf","local_time":"20190325015101","is_ascension_mode":true,"campfire_choices":[],"neow_cost":"NONE","seed_source_timestamp":35763082890083,"circlet_count":0,"master_deck":["Defend_G+1","Defend_G","Defend_G","Defend_G","Defend_G+1","Strike_G","Survivor","Neutralize","Catalyst+1","Underhanded Strike+1","Concentrate+1","Finisher","Noxious Fumes","Cloak And Dagger","Envenom","Doppelganger","Dagger Spray"],"relics":["Astrolabe","Pantograph","Happy Flower"],"potions_floor_usage":[10,10],"damage_taken":[{"damage":12,"enemies":"Cultist","floor":1,"turns":6},{"damage":3,"enemies":"Jaw Worm","floor":4,"turns":5},{"damage":7,"enemies":"Lagavulin","floor":6,"turns":8},{"damage":4,"enemies":"2 Louse","floor":8,"turns":3},{"damage":31,"enemies":"Gremlin Nob","floor":10,"turns":5}],"seed_played":"-6261108486293783049","potions_obtained":[{"floor":1,"key":"SneckoOil"},{"floor":4,"key":"PowerPotion"}],"is_trial":false,"path_per_floor":["M","$","?","M","$","E","?","M","T","E"],"character_chosen":"THE_SILENT","items_purchased":["Noxious Fumes"],"campfire_rested":0,"item_purchase_floors":[2],"current_hp_per_floor":[51,51,37,34,34,27,27,23,23,0],"gold":106,"neow_bonus":"BOSS_RELIC","is_prod":false,"is_daily":false,"chose_seed":false,"campfire_upgraded":0,"win_rate":0,"timestamp":1553446261,"path_taken":["M","?","?","M","$","E","?","M","T","E"],"build_version":"2019-01-23","purchased_purges":0,"victory":false,"max_hp_per_floor":[70,70,70,70,70,70,70,70,70,70],"card_choices":[{"not_picked":["Riddle With Holes","Deadly Poison"],"picked":"Finisher","floor":1},{"not_picked":["Flying Knee","Deflect"],"picked":"Cloak And Dagger","floor":4},{"not_picked":["Choke","Acrobatics"],"picked":"Envenom","floor":6},{"not_picked":["Deadly Poison","Deflect"],"picked":"Dagger Spray","floor":8}],"player_experience":575228,"relics_obtained":[{"floor":6,"key":"Pantograph"},{"floor":9,"key":"Happy Flower"}],"event_choices":[{"damage_healed":0,"gold_gain":0,"player_choice":"Entered Light","damage_taken":14,"max_hp_gain":0,"max_hp_loss":0,"event_name":"Shining Light","floor":3,"gold_loss":0,"cards_upgraded":["Defend_G","Defend_G"]},{"damage_healed":0,"gold_gain":0,"cards_transformed":["Strike_G"],"player_choice":"Transformed","damage_taken":0,"max_hp_gain":0,"max_hp_loss":0,"event_name":"Transmorgrifier","floor":7,"gold_loss":0,"cards_obtained":["Doppelganger"]}],"is_beta":false,"boss_relics":[],"items_purged_floors":[],"is_endless":false,"potions_floor_spawned":[1,4],"killed_by":"Gremlin Nob","ascension_level":8}