{"gold_per_floor":[116,191,191,202,377,377,49,49,49,49,49,81,91,41,41,138,138],"floor_reached":17,"playtime":668,"items_purged":[],"score":151,"play_id":"84507a66-77c4-401a-932f-3d0e174f55ed","local_time":"20190320232125","is_ascension_mode":false,"campfire_choices":[{"data":"Hologram","floor":6,"key":"SMITH"},{"data":"Recycle","floor":8,"key":"SMITH"},{"data":"Hello World","floor":11,"key":"SMITH"},{"data":"Self Repair","floor":15,"key":"SMITH"}],"neow_cost":"NONE","seed_source_timestamp":13704748760363,"circlet_count":0,"master_deck":["Strike_B","Strike_B","Strike_B","Defend_B","Defend_B","Defend_B","Defend_B","Zap","Dualcast","Hologram+1","Ball Lightning","Recycle+1","Core Surge","Hello World+1","Conserve Battery","Self Repair+1","Biased Cognition"],"relics":["Inserter","Ornamental Fan","Nuclear Battery"],"potions_floor_usage":[16],"damage_taken":[{"damage":12,"enemies":"Cultist","floor":1,"turns":5},{"damage":0,"enemies":"Small Slimes","floor":4,"turns":4},{"damage":12,"enemies":"3 Sentries","floor":12,"turns":9},{"damage":11,"enemies":"Jaw Worm","floor":13,"turns":6},{"damage":22,"enemies":"Slime Boss","floor":16,"turns":7}],"seed_played":"-6037411212000885912","potions_obtained":[{"floor":13,"key":"SkillPotion"},{"floor":16,"key":"Dexterity Potion"}],"is_trial":false,"path_per_floor":["M","?","?","M","?","R","$","R","T","?","R","E","M","?","R","B",null],"character_chosen":"DEFECT","items_purchased":["Recycle","Core Surge","Hello World","Conserve Battery"],"campfire_rested":0,"item_purchase_floors":[7,7,7,7],"current_hp_per_floor":[63,52,45,45,45,45,45,45,45,45,45,33,29,29,29,17,75],"gold":138,"neow_bonus":"BOSS_RELIC","is_prod":false,"is_daily":false,"chose_seed":false,"campfire_upgraded":4,"win_rate":0,"timestamp":1553091685,"path_taken":["M","?","?","M","?","R","?","R","T","?","R","E","M","?","R","BOSS"],"build_version":"2019-01-23","purchased_purges":0,"victory":false,"max_hp_per_floor":[75,75,75,75,75,75,75,75,75,75,75,75,75,75,75,75,75],"card_choices":[{"not_picked":["Stack","Rebound"],"picked":"Hologram","floor":1},{"not_picked":["Coolheaded","Reprogram"],"picked":"Ball Lightning","floor":4},{"not_picked":["Cold Snap","Darkness"],"picked":"Self Repair","floor":12},{"not_picked":["Barrage","Rebound","Lockon"],"picked":"SKIP","floor":13},{"not_picked":["Core Surge","Amplify"],"picked":"Biased Cognition","floor":16}],"player_experience":476304,"relics_obtained":[{"floor":12,"key":"Ornamental Fan"}],"event_choices":[{"damage_healed":0,"gold_gain":75,"player_choice":"Gather Gold","damage_taken":11,"max_hp_gain":0,"max_hp_loss":0,"event_name":"World of Goop","floor":2,"gold_loss":0},{"cards_removed":["Strike_B"],"damage_healed":0,"gold_gain":0,"player_choice":"Card Removal","damage_taken":7,"max_hp_gain":0,"max_hp_loss":0,"event_name":"Golden Wing","floor":3,"gold_loss":0},{"damage_healed":0,"gold_gain":175,"player_choice":"AGREE","damage_taken":0,"max_hp_gain":0,"max_hp_loss":0,"event_name":"Liars Game","floor":5,"gold_loss":0,"cards_obtained":["Doubt"]},{"damage_healed":0,"gold_gain":0,"player_choice":"Fled","damage_taken":0,"max_hp_gain":0,"max_hp_loss":0,"event_name":"Scrap Ooze","floor":10,"gold_loss":0},{"cards_removed":["Doubt"],"damage_healed":0,"gold_gain":0,"player_choice":"Card Removal","damage_taken":0,"max_hp_gain":0,"max_hp_loss":0,"event_name":"The Cleric","floor":14,"gold_loss":50}],"is_beta":false,"boss_relics":[{"not_picked":["Velvet Choker","Lizard Tail"],"picked":"Nuclear Battery"}],"items_purged_floors":[],"is_endless":false,"potions_floor_spawned":[13,16],"ascension_level":0}