{"gold_per_floor":[216,216,236,71,71,96,116,116,116,151,171,26,46,57,57,158,158,176,188,21,31,50,50,82,82,82,82,82,93,93,103,103,208,208,218,93,93,106,124,124,124,159,159,193,193,193,224,243,243,243],"floor_reached":51,"playtime":2486,"items_purged":["Strike_B","Strike_B","Defend_B"],"score":1447,"play_id":"19cf1a6a-7574-4020-8a1b-cc9474952540","local_time":"20190411110920","is_ascension_mode":true,"campfire_choices":[{"floor":8.0,"key":"REST"},{"data":"Hologram","floor":15.0,"key":"SMITH"},{"data":"Seek","floor":23.0,"key":"SMITH"},{"floor":30.0,"key":"REST"},{"floor":32.0,"key":"REST"},{"data":"Beam Cell","floor":40.0,"key":"SMITH"},{"data":"Madness","floor":46,"key":"SMITH"},{"floor":49,"key":"REST"}],"neow_cost":"NONE","seed_source_timestamp":3089704034937,"circlet_count":0,"master_deck":["AscendersBane","Defend_B","Defend_B","Zap","Dualcast","Gash","Gash","Good Instincts","All For One","Beam Cell+1","FTL","Seek+1","Hologram+1","Reboot+1","Gash","Glacier","Panache","Coolheaded","Go for the Eyes","Seek+1","Electrodynamics","FTL+1","Madness+1","Madness","Gash+1"],"special_seed":0,"relics":["Cracked Core","Kunai","Bronze Scales","Singing Bowl","Potion Belt","Eternal Feather","Letter Opener","Shuriken","Empty Cage","Centennial Puzzle","Molten Egg 2","Dream Catcher","Bag of Marbles"],"potions_floor_usage":[50],"damage_taken":[{"damage":3.0,"enemies":"Jaw Worm","floor":1.0,"turns":4.0},{"damage":0.0,"enemies":"Cultist","floor":3.0,"turns":4.0},{"damage":36.0,"enemies":"Gremlin Nob","floor":6.0,"turns":5.0},{"damage":1.0,"enemies":"2 Louse","floor":7.0,"turns":2.0},{"damage":6.0,"enemies":"Lagavulin","floor":10.0,"turns":5.0},{"damage":5.0,"enemies":"Looter","floor":11.0,"turns":2.0},{"damage":0.0,"enemies":"Exordium Thugs","floor":13.0,"turns":4.0},{"damage":6.0,"enemies":"Exordium Wildlife","floor":14.0,"turns":3.0},{"damage":0.0,"enemies":"Hexaghost","floor":16.0,"turns":7.0},{"damage":0.0,"enemies":"3 Byrds","floor":18.0,"turns":5.0},{"damage":20.0,"enemies":"Shell Parasite","floor":19.0,"turns":3.0},{"damage":10.0,"enemies":"Snake Plant","floor":21.0,"turns":4.0},{"damage":0.0,"enemies":"Sentry and Sphere","floor":22.0,"turns":3.0},{"damage":24.0,"enemies":"Slavers","floor":24.0,"turns":3.0},{"damage":6.0,"enemies":"Snecko","floor":29.0,"turns":3.0},{"damage":3.0,"enemies":"Cultist and Chosen","floor":31.0,"turns":2.0},{"damage":27.0,"enemies":"Automaton","floor":33.0,"turns":7.0},{"damage":6.0,"enemies":"3 Darklings","floor":35.0,"turns":2.0},{"damage":9.0,"enemies":"3 Shapes","floor":38.0,"turns":2.0},{"damage":0.0,"enemies":"Jaw Worm Horde","floor":39.0,"turns":2.0},{"damage":0.0,"enemies":"Reptomancer","floor":42.0,"turns":3.0},{"damage":5.0,"enemies":"Giant Head","floor":44.0,"turns":3.0},{"damage":28,"enemies":"Reptomancer","floor":47,"turns":3},{"damage":15,"enemies":"4 Shapes","floor":48,"turns":2},{"damage":13,"enemies":"Donu and Deca","floor":50,"turns":4}],"seed_played":"6364024025441574971","potions_obtained":[{"floor":1.0,"key":"PowerPotion"},{"floor":10.0,"key":"SneckoOil"},{"floor":13.0,"key":"SkillPotion"},{"floor":16.0,"key":"Swift Potion"},{"floor":18.0,"key":"EssenceOfSteel"},{"floor":33.0,"key":"Explosive Potion"},{"floor":38.0,"key":"AttackPotion"},{"floor":47,"key":"Strength Potion"}],"is_trial":false,"path_per_floor":["M","?","M","$","?","E","M","R","T","E","M","$","M","M","R","B",null,"M","M","$","M","M","R","E","$","T","?","?","M","R","M","R","B",null,"M","$","?","M","M","R","?","E","T","E","?","R","E","M","R","B",null],"character_chosen":"DEFECT","items_purchased":["Good Instincts","Hologram","Panache"],"campfire_rested":4,"item_purchase_floors":[4,12,20],"current_hp_per_floor":[65,47,47,47,47,11,10,32,32,26,23,23,25,21,21,21,66,66,46,46,36,36,48,26,26,26,10,10,4,42,41,80,53,81,77,77,77,70,70,82,70,72,72,69,69,81,55,42,84,71],"gold":243,"neow_bonus":"HUNDRED_GOLD","is_prod":false,"is_daily":false,"chose_seed":false,"campfire_upgraded":4,"win_rate":0,"timestamp":1554948560,"path_taken":["M","?","M","$","?","E","?","R","T","E","M","$","M","?","R","BOSS","M","M","$","M","M","R","E","$","T","?","?","?","R","M","R","BOSS","M","$","?","M","?","R","?","E","T","E","?","R","E","?","R","BOSS"],"build_version":"2019-01-23","purchased_purges":3,"victory":true,"max_hp_per_floor":[75,75,75,75,75,75,75,75,75,75,77,77,79,81,81,81,81,81,81,81,81,81,81,83,83,83,88,88,88,88,90,90,90,90,92,92,92,94,94,94,94,96,96,98,98,98,100,102,102,102],"card_choices":[{"not_picked":["Chaos","Go for the Eyes"],"picked":"Gash","floor":1.0},{"not_picked":["Recycle","Chaos"],"picked":"Gash","floor":3.0},{"not_picked":["Steam","BootSequence"],"picked":"Beam Cell","floor":6.0},{"not_picked":["Barrage","Capacitor"],"picked":"FTL","floor":7.0},{"not_picked":["White Noise","Coolheaded"],"picked":"Seek","floor":10.0},{"not_picked":["Coolheaded","Turbo","Doom and Gloom"],"picked":"Singing Bowl","floor":11.0},{"not_picked":["Beam Cell","Conserve Battery","Sweeping Beam"],"picked":"Singing Bowl","floor":13.0},{"not_picked":["Consume","Sweeping Beam","Self Repair"],"picked":"Singing Bowl","floor":14.0},{"not_picked":["Amplify","Buffer"],"picked":"Reboot","floor":16.0},{"not_picked":["Hologram","Rip and Tear+1"],"picked":"Gash","floor":18.0},{"not_picked":["Darkness","Melter"],"picked":"Glacier","floor":19.0},{"not_picked":["Conserve Battery","Tempest"],"picked":"Coolheaded","floor":21.0},{"not_picked":["Stack","Steam+1"],"picked":"Go for the Eyes","floor":22.0},{"not_picked":["Sweeping Beam","Coolheaded","Doom and Gloom"],"picked":"Singing Bowl","floor":24.0},{"not_picked":["Go for the Eyes","Blizzard"],"picked":"Seek","floor":29.0},{"not_picked":["Hologram","Capacitor","Rebound"],"picked":"Singing Bowl","floor":31.0},{"not_picked":["Rainbow","Multi-Cast"],"picked":"Electrodynamics","floor":33.0},{"not_picked":["Rip and Tear","Beam Cell","Go for the Eyes"],"picked":"Singing Bowl","floor":35.0},{"not_picked":["Stack","Redo+1","Heatsinks"],"picked":"Singing Bowl","floor":38.0},{"not_picked":["Stack","Darkness"],"picked":"FTL+1","floor":39.0},{"not_picked":["Capacitor+1","Compile Driver","Loop"],"picked":"Singing Bowl","floor":42.0},{"not_picked":["Conserve Battery","Chaos","Sunder+1"],"picked":"Singing Bowl","floor":44.0},{"not_picked":["Steam","Conserve Battery+1","Meteor Strike+1"],"picked":"Singing Bowl","floor":47},{"not_picked":["Turbo","Coolheaded","Ball Lightning+1"],"picked":"Singing Bowl","floor":48},{"not_picked":["Steam","Static Discharge+1"],"picked":"Gash+1","floor":49}],"player_experience":712689,"relics_obtained":[{"floor":6.0,"key":"Bronze Scales"},{"floor":9.0,"key":"Singing Bowl"},{"floor":10.0,"key":"Potion Belt"},{"floor":24.0,"key":"Letter Opener"},{"floor":26.0,"key":"Shuriken"},{"floor":42.0,"key":"Centennial Puzzle"},{"floor":43.0,"key":"Molten Egg 2"},{"floor":44.0,"key":"Dream Catcher"},{"floor":47,"key":"Bag of Marbles"}],"event_choices":[{"damage_healed":0.0,"max_hp_gain":0.0,"max_hp_loss":0.0,"gold_gain":0.0,"event_name":"Scrap Ooze","player_choice":"Success","floor":2.0,"gold_loss":0.0,"damage_taken":18.0,"relics_obtained":["Kunai"]},{"damage_healed":0.0,"max_hp_gain":0.0,"max_hp_loss":0.0,"gold_gain":0.0,"cards_transformed":["Strike_B"],"event_name":"Transmorgrifier","player_choice":"Transformed","floor":5.0,"gold_loss":0.0,"damage_taken":0.0,"cards_obtained":["All For One"]},{"damage_healed":0.0,"max_hp_gain":5.0,"max_hp_loss":0.0,"gold_gain":0.0,"event_name":"Forgotten Altar","player_choice":"Shed Blood","floor":27.0,"gold_loss":0.0,"damage_taken":21.0},{"damage_healed":0.0,"max_hp_gain":0.0,"max_hp_loss":0.0,"gold_gain":0.0,"event_name":"Upgrade Shrine","player_choice":"Upgraded","floor":28.0,"gold_loss":0.0,"damage_taken":0.0,"cards_upgraded":["Reboot"]},{"damage_healed":0.0,"max_hp_gain":0.0,"max_hp_loss":0.0,"gold_gain":0.0,"event_name":"Accursed Blacksmith","player_choice":"Forge","floor":37.0,"gold_loss":0.0,"damage_taken":0.0,"cards_upgraded":["Seek"]},{"damage_healed":0.0,"max_hp_gain":0.0,"max_hp_loss":0.0,"gold_gain":0.0,"event_name":"Winding Halls","player_choice":"Embrace Madness","floor":41.0,"gold_loss":0.0,"damage_taken":12.0,"cards_obtained":["Madness","Madness"]},{"damage_healed":0,"gold_gain":0,"player_choice":"0 cards matched","damage_taken":0,"max_hp_gain":0,"max_hp_loss":0,"event_name":"Match and Keep!","floor":45,"gold_loss":0,"cards_obtained":[]}],"is_beta":false,"boss_relics":[{"not_picked":["Sozu","Coffee Dripper"],"picked":"Eternal Feather"},{"not_picked":["Runic Pyramid","Calling Bell"],"picked":"Empty Cage"}],"items_purged_floors":[4,12,36],"is_endless":false,"potions_floor_spawned":[1,10,13,16,18,21,33,38,47],"ascension_level":12}