{"gold_per_floor":[109,109,89,14,34,78,78,98,98,23,47,90,90,113,113,113],"floor_reached":16,"playtime":557,"items_purged":["Injury"],"score":257,"play_id":"fc8ae362-8b83-48cf-ad22-a5240eb357b4","local_time":"20190321134000","is_ascension_mode":true,"campfire_choices":[{"data":"Body Slam","floor":7.0,"key":"SMITH"},{"data":"Clothesline","floor":13,"key":"SMITH"},{"floor":15,"key":"REST"}],"neow_cost":"NONE","seed_source_timestamp":11632574458668,"circlet_count":0,"master_deck":["AscendersBane","Strike_R","Strike_R","Strike_R","Strike_R","Defend_R","Defend_R","Defend_R","Defend_R","Bash","Clothesline+1","Body Slam+1","Shrug It Off","Corruption"],"special_seed":0,"relics":["Burning Blood","NeowsBlessing","Golden Idol","Singing Bowl","Potion Belt","Bronze Scales"],"potions_floor_usage":[12,16,16],"damage_taken":[{"damage":0.0,"enemies":"Jaw Worm","floor":1.0,"turns":1.0},{"damage":0.0,"enemies":"Small Slimes","floor":5.0,"turns":1.0},{"damage":0.0,"enemies":"Lagavulin","floor":6.0,"turns":1.0},{"damage":0.0,"enemies":"Cultist","floor":8.0,"turns":3.0},{"damage":38,"enemies":"Large Slime","floor":11,"turns":9},{"damage":48,"enemies":"Gremlin Nob","floor":12,"turns":5},{"damage":9,"enemies":"3 Louse","floor":14,"turns":4},{"damage":37,"enemies":"The Guardian","floor":16,"turns":14}],"seed_played":"6183735641109001681","potions_obtained":[{"floor":3.0,"key":"BloodPotion"},{"floor":5.0,"key":"SteroidPotion"},{"floor":8.0,"key":"LiquidBronze"},{"floor":11,"key":"SpeedPotion"}],"is_trial":false,"path_per_floor":["M","?","?","$","M","E","R","M","T","?","M","E","R","M","R","B"],"character_chosen":"IRONCLAD","items_purchased":[],"campfire_rested":1,"item_purchase_floors":[],"current_hp_per_floor":[74,74,74,74,75,77,77,77,77,77,47,14,14,11,35,0],"gold":113,"neow_bonus":"THREE_ENEMY_KILL","is_prod":false,"is_daily":false,"chose_seed":false,"campfire_upgraded":2,"win_rate":0,"timestamp":1553143200,"path_taken":["M","?","?","$","M","E","R","?","T","?","M","E","R","M","R","BOSS"],"build_version":"2019-01-23","purchased_purges":1,"victory":false,"max_hp_per_floor":[75,75,75,75,75,77,77,77,77,77,79,81,81,81,81,81],"card_choices":[{"not_picked":["Sword Boomerang","Twin Strike"],"picked":"Clothesline","floor":1.0},{"not_picked":["Cleave","Carnage"],"picked":"Body Slam","floor":5.0},{"not_picked":["Flex","Dual Wield","Anger"],"picked":"Singing Bowl","floor":6.0},{"not_picked":["Sever Soul","Dual Wield"],"picked":"Shrug It Off","floor":8.0},{"not_picked":["Anger","Warcry","Rupture"],"picked":"Singing Bowl","floor":11},{"not_picked":["Battle Trance","Uppercut","Anger"],"picked":"Singing Bowl","floor":12},{"not_picked":["Anger","Headbutt"],"picked":"Corruption","floor":14}],"player_experience":486230,"relics_obtained":[{"floor":6.0,"key":"Singing Bowl"},{"floor":9.0,"key":"Potion Belt"},{"floor":12,"key":"Bronze Scales"}],"event_choices":[{"damage_healed":0.0,"max_hp_gain":0.0,"max_hp_loss":0.0,"gold_gain":0.0,"event_name":"Golden Idol","player_choice":"Take Wound","floor":2.0,"gold_loss":0.0,"damage_taken":0.0,"relics_obtained":["Golden Idol"],"cards_obtained":["Injury"]},{"damage_healed":0.0,"max_hp_gain":0.0,"max_hp_loss":0.0,"gold_gain":0.0,"event_name":"The Woman in Blue","player_choice":"Bought 1 Potion","floor":3.0,"gold_loss":0.0,"damage_taken":0.0},{"cards_removed":["Strike_R"],"damage_healed":0.0,"max_hp_gain":0.0,"max_hp_loss":0.0,"gold_gain":0.0,"event_name":"The Cleric","player_choice":"Card Removal","floor":10.0,"gold_loss":75.0,"damage_taken":0.0}],"is_beta":false,"boss_relics":[],"items_purged_floors":[4],"is_endless":false,"potions_floor_spawned":[5,8,11],"killed_by":"The Guardian","ascension_level":18}