{"gold_per_floor":[116,41,41,65,65,65,98,111,111,129,170,185,185,201,201,297,297,315,240,240,255,255,255,293,309,339,364,16,40,40,55,55,149,149,169,169,189,29,29,63,63,188,241,241,274,292,325,358,370,382],"floor_reached":51,"playtime":3941,"items_purged":["Defend_G"],"score":1377,"play_id":"bd0d86a2-b20a-4ff3-a01c-c2d7c5f48efe","local_time":"20190403000410","is_ascension_mode":true,"campfire_choices":[{"data":"Storm of Steel","floor":6.0,"key":"SMITH"},{"floor":15.0,"key":"REST"},{"floor":23.0,"key":"REST"},{"data":"Well Laid Plans","floor":30.0,"key":"SMITH"},{"floor":32.0,"key":"REST"},{"floor":41.0,"key":"REST"},{"data":"Tools of the Trade","floor":44.0,"key":"SMITH"},{"floor":49,"key":"REST"}],"neow_cost":"PERCENT_DAMAGE","seed_source_timestamp":11704926811810,"circlet_count":0,"master_deck":["AscendersBane","Defend_G","Defend_G","Defend_G+1","Neutralize","Storm of Steel+1","Backflip+1","Well Laid Plans+1","Tools of the Trade+1","Calculated Gamble+1","Caltrops+1","A Thousand Cuts+1","Envenom+1","Dagger Throw","Corpse Explosion+1","Caltrops+1","PiercingWail+1","Doppelganger+1","Panache+1","Finesse+1","Prepared+1","Prepared+1","Wraith Form v2+1","Crippling Poison+1","Acrobatics+1","Reflex+1","Backflip+1","Cloak And Dagger+1","Dodge and Roll+1"],"special_seed":0,"relics":["Ring of the Snake","Golden Idol","Toxic Egg 2","Frozen Egg 2","Tough Bandages","Philosopher\u0027s Stone","Potion Belt","Tiny Chest","Lantern","Empty Cage","Blood Vial","Turnip","Incense Burner","War Paint","Happy Flower","MawBank"],"potions_floor_usage":[47,50],"damage_taken":[{"damage":0.0,"enemies":"2 Louse","floor":1.0,"turns":3.0},{"damage":0.0,"enemies":"Jaw Worm","floor":4.0,"turns":5.0},{"damage":27.0,"enemies":"Lagavulin","floor":7.0,"turns":6.0},{"damage":1.0,"enemies":"Cultist","floor":8.0,"turns":3.0},{"damage":9.0,"enemies":"Looter","floor":10.0,"turns":3.0},{"damage":14.0,"enemies":"Gremlin Nob","floor":11.0,"turns":4.0},{"damage":2.0,"enemies":"Blue Slaver","floor":12.0,"turns":4.0},{"damage":4.0,"enemies":"Large Slime","floor":14.0,"turns":6.0},{"damage":13.0,"enemies":"The Guardian","floor":16.0,"turns":8.0},{"damage":24.0,"enemies":"Spheric Guardian","floor":18.0,"turns":4.0},{"damage":0.0,"enemies":"Chosen","floor":21.0,"turns":4.0},{"damage":12.0,"enemies":"Gremlin Leader","floor":24.0,"turns":4.0},{"damage":12.0,"enemies":"Snake Plant","floor":25.0,"turns":4.0},{"damage":0.0,"enemies":"3 Cultists","floor":27.0,"turns":3.0},{"damage":2.0,"enemies":"Cultist and Chosen","floor":31.0,"turns":6.0},{"damage":11.0,"enemies":"Collector","floor":33.0,"turns":6.0},{"damage":40.0,"enemies":"3 Darklings","floor":35.0,"turns":3.0},{"damage":3.0,"enemies":"Orb Walker","floor":37.0,"turns":4.0},{"damage":0.0,"enemies":"Giant Head","floor":40.0,"turns":5.0},{"damage":0.0,"enemies":"Mind Bloom Boss Battle","floor":42.0,"turns":4.0},{"damage":3.0,"enemies":"Nemesis","floor":45.0,"turns":6.0},{"damage":0.0,"enemies":"Transient","floor":46.0,"turns":5.0},{"damage":0,"enemies":"Reptomancer","floor":47,"turns":4},{"damage":7,"enemies":"Jaw Worm Horde","floor":48,"turns":3},{"damage":11,"enemies":"Time Eater","floor":50,"turns":10}],"seed_played":"5547007120405104869","potions_obtained":[{"floor":1.0,"key":"Weak Potion"},{"floor":4.0,"key":"GamblersBrew"},{"floor":11.0,"key":"EssenceOfSteel"},{"floor":14.0,"key":"AttackPotion"},{"floor":18.0,"key":"AttackPotion"},{"floor":25.0,"key":"Block Potion"},{"floor":31.0,"key":"SkillPotion"},{"floor":37.0,"key":"Swift Potion"},{"floor":45.0,"key":"EssenceOfSteel"},{"floor":47,"key":"SkillPotion"},{"floor":48,"key":"Dexterity Potion"}],"is_trial":false,"path_per_floor":["M","?","?","M","?","R","E","M","T","M","E","M","?","M","R","B",null,"M","?","?","M","?","R","E","M","T","M","$","T","R","M","R","B",null,"M","T","M","$","?","E","R","?","T","R","E","M","E","M","R","B",null],"character_chosen":"THE_SILENT","items_purchased":["Panache+1","Finesse+1","Prepared+1","Reflex+1"],"campfire_rested":5,"item_purchase_floors":[28,28,28,38],"current_hp_per_floor":[44,44,44,44,60,60,33,32,32,23,9,7,7,3,21,8,47,23,23,23,23,23,41,29,17,17,17,17,17,17,15,33,22,51,11,11,10,10,10,12,30,32,32,32,31,33,35,30,48,39],"gold":394,"neow_bonus":"THREE_RARE_CARDS","is_prod":false,"is_daily":false,"chose_seed":false,"campfire_upgraded":3,"win_rate":0,"timestamp":1554217450,"path_taken":["M","?","?","M","?","R","E","M","T","M","E","?","?","M","R","BOSS","M","?","?","M","?","R","E","M","T","M","?","?","R","M","R","BOSS","M","?","?","$","?","E","R","?","T","R","E","M","E","M","R","BOSS"],"build_version":"2019-01-23","purchased_purges":1,"victory":true,"max_hp_per_floor":[66,66,60,60,60,60,60,60,60,60,60,60,60,60,60,60,60,60,60,60,60,60,60,60,60,60,60,60,60,60,60,60,60,60,60,60,60,60,60,60,60,60,60,60,60,60,60,60,60,60],"card_choices":[{"not_picked":["Wraith Form v2","Die Die Die"],"picked":"Storm of Steel","floor":0.0},{"not_picked":["Quick Slash","Poisoned Stab"],"picked":"Backflip","floor":1.0},{"not_picked":["PiercingWail","Cloak And Dagger"],"picked":"Well Laid Plans","floor":4.0},{"not_picked":["Flechettes","Blade Dance"],"picked":"Tools of the Trade","floor":7.0},{"not_picked":["PiercingWail+1","Slice"],"picked":"Calculated Gamble+1","floor":8.0},{"not_picked":["Flying Knee","Quick Slash"],"picked":"Caltrops+1","floor":10.0},{"not_picked":["Crippling Poison+1","Flying Knee"],"picked":"Caltrops+1","floor":11.0},{"not_picked":["Slice","Dodge and Roll+1","Blade Dance+1"],"picked":"SKIP","floor":12.0},{"not_picked":["Dodge and Roll+1","Deadly Poison+1"],"picked":"A Thousand Cuts+1","floor":14.0},{"not_picked":["Doppelganger+1","Bullet Time+1"],"picked":"Envenom+1","floor":16.0},{"not_picked":["Quick Slash","Caltrops+1"],"picked":"Dagger Throw","floor":18.0},{"not_picked":["Bouncing Flask+1","Deadly Poison+1","Dash"],"picked":"SKIP","floor":21.0},{"not_picked":["Underhanded Strike","Distraction+1"],"picked":"PiercingWail+1","floor":24.0},{"not_picked":["Outmaneuver+1","Bane"],"picked":"Doppelganger+1","floor":25.0},{"not_picked":["Deflect+1","Underhanded Strike","Deadly Poison+1"],"picked":"SKIP","floor":27.0},{"not_picked":["A Thousand Cuts+1","Sucker Punch"],"picked":"Prepared+1","floor":31.0},{"not_picked":["Die Die Die","Storm of Steel+1"],"picked":"Wraith Form v2+1","floor":33.0},{"not_picked":["Eviscerate","Dodge and Roll+1"],"picked":"Crippling Poison+1","floor":35.0},{"not_picked":["Deadly Poison+1","Deflect+1"],"picked":"Acrobatics+1","floor":37.0},{"not_picked":["Infinite Blades+1","Flying Knee"],"picked":"Backflip+1","floor":40.0},{"not_picked":["Dodge and Roll+1","Phantasmal Killer+1"],"picked":"Cloak And Dagger+1","floor":42.0},{"not_picked":["Phantasmal Killer+1","Crippling Poison+1","Footwork+1"],"picked":"SKIP","floor":45.0},{"not_picked":["Sucker Punch","Slice","Well Laid Plans+1"],"picked":"SKIP","floor":46.0},{"not_picked":["Poisoned Stab","Calculated Gamble+1","PiercingWail+1"],"picked":"SKIP","floor":47},{"not_picked":["Blade Dance+1","Accuracy+1"],"picked":"Dodge and Roll+1","floor":48}],"player_experience":667606,"relics_obtained":[{"floor":7.0,"key":"Toxic Egg 2"},{"floor":9.0,"key":"Frozen Egg 2"},{"floor":11.0,"key":"Tough Bandages"},{"floor":24.0,"key":"Potion Belt"},{"floor":26.0,"key":"Tiny Chest"},{"floor":29.0,"key":"Lantern"},{"floor":36.0,"key":"Blood Vial"},{"floor":40.0,"key":"Turnip"},{"floor":42.0,"key":"Incense Burner"},{"floor":43.0,"key":"War Paint"},{"floor":45.0,"key":"Happy Flower"},{"floor":47,"key":"MawBank"}],"event_choices":[{"cards_removed":["Strike_G"],"damage_healed":0.0,"max_hp_gain":0.0,"max_hp_loss":0.0,"gold_gain":0.0,"event_name":"The Cleric","player_choice":"Card Removal","floor":2.0,"gold_loss":75.0,"damage_taken":0.0},{"damage_healed":0.0,"max_hp_gain":0.0,"max_hp_loss":6.0,"gold_gain":0.0,"event_name":"Golden Idol","player_choice":"Lose Max HP","floor":3.0,"gold_loss":0.0,"damage_taken":0.0,"relics_obtained":["Golden Idol"]},{"damage_healed":16.0,"max_hp_gain":0.0,"max_hp_loss":0.0,"gold_gain":0.0,"event_name":"Wheel of Change","player_choice":"Full Heal","floor":5.0,"gold_loss":0.0,"damage_taken":0.0},{"damage_healed":0.0,"max_hp_gain":0.0,"max_hp_loss":0.0,"gold_gain":0.0,"event_name":"Golden Wing","player_choice":"Ignored","floor":13.0,"gold_loss":0.0,"damage_taken":0.0},{"cards_removed":["Strike_G"],"damage_healed":0.0,"max_hp_gain":0.0,"max_hp_loss":0.0,"gold_gain":0.0,"event_name":"Beggar","player_choice":"Gave Gold","floor":19.0,"gold_loss":75.0,"damage_taken":0.0},{"cards_removed":["Strike_G"],"damage_healed":0.0,"max_hp_gain":0.0,"max_hp_loss":0.0,"gold_gain":0.0,"event_name":"Back to Basics","player_choice":"Elegance","floor":20.0,"gold_loss":0.0,"damage_taken":0.0},{"damage_healed":0.0,"max_hp_gain":0.0,"max_hp_loss":0.0,"gold_gain":0.0,"cards_transformed":["Strike_G","Strike_G"],"event_name":"Drug Dealer","player_choice":"Became Test Subject","floor":22.0,"gold_loss":0.0,"damage_taken":0.0,"cards_obtained":["Corpse Explosion","Caltrops"]},{"cards_removed":["Caltrops"],"damage_healed":0.0,"max_hp_gain":0.0,"max_hp_loss":0.0,"gold_gain":0.0,"event_name":"Falling","player_choice":"Removed Power","floor":39.0,"gold_loss":0.0,"damage_taken":0.0},{"damage_healed":0.0,"max_hp_gain":0.0,"max_hp_loss":0.0,"gold_gain":0.0,"event_name":"MindBloom","player_choice":"Fight","floor":42.0,"gold_loss":0.0,"damage_taken":0.0}],"is_beta":false,"boss_relics":[{"not_picked":["Runic Dome","Busted Crown"],"picked":"Philosopher\u0027s Stone"},{"not_picked":["Eternal Feather","Ring of the Serpent"],"picked":"Empty Cage"}],"items_purged_floors":[38],"is_endless":false,"potions_floor_spawned":[1,4,11,14,18,25,31,37,45,47,48],"ascension_level":16}