{"gold_per_floor":[114,189,189,204,304,321,321,332,356,33,33],"floor_reached":11,"playtime":245,"items_purged":[],"score":104,"play_id":"8d0ec5d3-810f-49b9-84d9-a5411141c77f","local_time":"20190411171707","is_ascension_mode":true,"campfire_choices":[],"neow_cost":"NONE","seed_source_timestamp":27439117941161,"circlet_count":0,"master_deck":["AscendersBane","Strike_B","Strike_B","Strike_B","Strike_B","Defend_B","Defend_B","Defend_B","Defend_B","Zap","Dualcast","Coolheaded","Coolheaded","Redo","Capacitor"],"relics":["Cracked Core","Pen Nib","DataDisk","Bag of Marbles","Matryoshka"],"potions_floor_usage":[11],"damage_taken":[{"damage":0,"enemies":"2 Louse","floor":1,"turns":2},{"damage":10,"enemies":"Small Slimes","floor":4,"turns":3},{"damage":0,"enemies":"Cultist","floor":6,"turns":3},{"damage":8,"enemies":"Exordium Wildlife","floor":8,"turns":5},{"damage":15,"enemies":"Lots of Slimes","floor":11,"turns":1}],"seed_played":"411654595324579137","potions_obtained":[{"floor":3,"key":"LiquidBronze"},{"floor":3,"key":"Ancient Potion"}],"is_trial":false,"path_per_floor":["M","?","?","M","?","M","?","M","T","$","M"],"character_chosen":"DEFECT","items_purchased":["Matryoshka","Capacitor"],"campfire_rested":0,"item_purchase_floors":[10,10],"current_hp_per_floor":[68,57,57,47,47,47,22,14,14,14,0],"gold":33,"neow_bonus":"RANDOM_COMMON_RELIC","is_prod":false,"is_daily":false,"chose_seed":false,"campfire_upgraded":0,"win_rate":0,"timestamp":1554970627,"path_taken":["M","?","?","?","?","?","?","M","T","?","M"],"build_version":"2019-01-23","purchased_purges":0,"victory":false,"max_hp_per_floor":[75,75,75,75,75,75,75,75,75,75,75],"card_choices":[{"not_picked":["Conserve Battery","Go for the Eyes"],"picked":"Coolheaded","floor":1},{"not_picked":["Rebound","Go for the Eyes","Barrage"],"picked":"SKIP","floor":4},{"not_picked":["Heatsinks","Chaos"],"picked":"Coolheaded","floor":6},{"not_picked":["Hyperbeam","Leap"],"picked":"Redo","floor":8}],"player_experience":727146,"relics_obtained":[{"floor":9,"key":"Bag of Marbles"}],"event_choices":[{"damage_healed":0,"gold_gain":75,"player_choice":"Gather Gold","damage_taken":11,"max_hp_gain":0,"max_hp_loss":0,"event_name":"World of Goop","floor":2,"gold_loss":0},{"damage_healed":0,"gold_gain":0,"player_choice":"Got Potions","damage_taken":0,"max_hp_gain":0,"max_hp_loss":0,"event_name":"Lab","floor":3,"gold_loss":0},{"damage_healed":0,"gold_gain":100,"player_choice":"Gold","damage_taken":0,"max_hp_gain":0,"max_hp_loss":0,"event_name":"Wheel of Change","floor":5,"gold_loss":0},{"damage_healed":0,"gold_gain":0,"player_choice":"Success","damage_taken":25,"relics_obtained":["DataDisk"],"max_hp_gain":0,"max_hp_loss":0,"event_name":"Scrap Ooze","floor":7,"gold_loss":0}],"is_beta":false,"boss_relics":[],"items_purged_floors":[],"is_endless":false,"potions_floor_spawned":[4,8],"killed_by":"Lots of Slimes","ascension_level":13}