{"gold_per_floor":[116,191,208,3,18,18,47,47,71,71,90,103,135,154,154,229,229,246,260,41,54,69,69,69,82,82,82,96,96],"floor_reached":29,"playtime":1526,"items_purged":[],"score":406,"play_id":"3bf6f49b-b092-469d-938d-78465f427895","local_time":"20190414204343","is_ascension_mode":true,"campfire_choices":[{"data":"Apotheosis","floor":6.0,"key":"SMITH"},{"floor":8.0,"key":"REST"},{"data":"Tempest","floor":10.0,"key":"SMITH"},{"floor":15.0,"key":"REST"},{"floor":23.0,"key":"REST"},{"data":"Capacitor","floor":27.0,"key":"SMITH"}],"neow_cost":"TEN_PERCENT_HP_LOSS","seed_source_timestamp":257642732963292,"circlet_count":0,"master_deck":["AscendersBane","Strike_B","Strike_B","Strike_B","Defend_B","Defend_B","Defend_B","Zap","Dualcast","Tempest+1","Leap","Apotheosis+1","Darkness","Cold Snap","Double Energy","Coolheaded","Conserve Battery","Blizzard","Fission+1","Coolheaded","Coolheaded","Capacitor+1","Barrage","Self Repair"],"special_seed":0,"relics":["Cracked Core","Regal Pillow","Happy Flower","Orichalcum","Runic Pyramid","Art of War","Letter Opener"],"potions_floor_usage":[],"damage_taken":[{"damage":0.0,"enemies":"2 Louse","floor":1.0,"turns":2.0},{"damage":7.0,"enemies":"Small Slimes","floor":3.0,"turns":4.0},{"damage":0.0,"enemies":"Cultist","floor":5.0,"turns":3.0},{"damage":16.0,"enemies":"3 Sentries","floor":7.0,"turns":9.0},{"damage":3.0,"enemies":"Blue Slaver","floor":11.0,"turns":3.0},{"damage":16.0,"enemies":"Exordium Wildlife","floor":12.0,"turns":2.0},{"damage":20.0,"enemies":"Gremlin Nob","floor":13.0,"turns":3.0},{"damage":1.0,"enemies":"Exordium Thugs","floor":14.0,"turns":3.0},{"damage":38.0,"enemies":"Slime Boss","floor":16.0,"turns":7.0},{"damage":21.0,"enemies":"2 Thieves","floor":18.0,"turns":3.0},{"damage":0.0,"enemies":"Shell Parasite","floor":19.0,"turns":4.0},{"damage":11.0,"enemies":"Snake Plant","floor":21.0,"turns":4.0},{"damage":5.0,"enemies":"Cultist and Chosen","floor":22.0,"turns":5.0},{"damage":0.0,"enemies":"3 Cultists","floor":25.0,"turns":3.0},{"damage":0.0,"enemies":"Snecko","floor":28.0,"turns":3.0},{"damage":52,"enemies":"Masked Bandits","floor":29,"turns":3}],"seed_played":"-8078985642963551048","potions_obtained":[{"floor":1.0,"key":"GamblersBrew"},{"floor":7.0,"key":"Energy Potion"},{"floor":11.0,"key":"Regen Potion"},{"floor":16.0,"key":"Weak Potion"},{"floor":18.0,"key":"SpeedPotion"},{"floor":19.0,"key":"Weak Potion"},{"floor":21.0,"key":"Ancient Potion"}],"is_trial":false,"path_per_floor":["M","?","M","$","M","R","E","R","T","R","M","M","E","M","R","B",null,"M","M","$","M","M","R","?","M","T","R","M","?"],"character_chosen":"DEFECT","items_purchased":["Apotheosis","Darkness","Art of War","Capacitor"],"campfire_rested":3,"item_purchase_floors":[4,4,20,20],"current_hp_per_floor":[64,53,46,46,46,46,30,64,64,64,61,45,34,33,64,26,55,34,34,34,23,18,52,52,52,52,52,52,0],"gold":96,"neow_bonus":"REMOVE_TWO","is_prod":false,"is_daily":false,"chose_seed":false,"campfire_upgraded":3,"win_rate":0,"timestamp":1555242223,"path_taken":["M","?","M","$","M","R","E","R","T","R","M","M","E","M","R","BOSS","M","M","$","M","M","R","?","?","T","R","M","?"],"build_version":"2019-01-23","purchased_purges":0,"victory":false,"max_hp_per_floor":[64,64,64,64,64,64,64,64,64,64,64,64,64,64,64,64,64,64,64,64,64,64,64,64,64,64,64,64,64],"card_choices":[{"not_picked":["Rip and Tear","FTL"],"picked":"Tempest","floor":1.0},{"not_picked":["Ball Lightning","Sweeping Beam"],"picked":"Leap","floor":3.0},{"not_picked":["Scrape","Beam Cell"],"picked":"Cold Snap","floor":5.0},{"not_picked":["Rebound","Amplify","Doom and Gloom"],"picked":"SKIP","floor":7.0},{"not_picked":["Chaos","Force Field"],"picked":"Double Energy","floor":11.0},{"not_picked":["Tempest","Rebound"],"picked":"Coolheaded","floor":12.0},{"not_picked":["Gash","Storm"],"picked":"Conserve Battery","floor":13.0},{"not_picked":["Beam Cell","Leap"],"picked":"Blizzard","floor":14.0},{"not_picked":["Reboot","Meteor Strike"],"picked":"Fission","floor":16.0},{"not_picked":["Streamline+1","Force Field+1"],"picked":"Coolheaded","floor":18.0},{"not_picked":["Ball Lightning","Steam Power"],"picked":"Coolheaded","floor":19.0},{"not_picked":["Stack","Hologram","Gash"],"picked":"SKIP","floor":21.0},{"not_picked":["Redo+1","Undo","Conserve Battery"],"picked":"SKIP","floor":22.0},{"not_picked":["Coolheaded","Compile Driver"],"picked":"Barrage","floor":25.0},{"not_picked":["Conserve Battery","Blizzard"],"picked":"Self Repair","floor":28.0}],"player_experience":570301,"relics_obtained":[{"floor":7.0,"key":"Regal Pillow"},{"floor":9.0,"key":"Happy Flower"},{"floor":13.0,"key":"Orichalcum"},{"floor":26.0,"key":"Letter Opener"}],"event_choices":[{"damage_healed":0.0,"max_hp_gain":0.0,"max_hp_loss":0.0,"gold_gain":75.0,"event_name":"World of Goop","player_choice":"Gather Gold","floor":2.0,"gold_loss":0.0,"damage_taken":11.0},{"damage_healed":0.0,"max_hp_gain":0.0,"max_hp_loss":0.0,"gold_gain":0.0,"event_name":"Accursed Blacksmith","player_choice":"Forge","floor":24.0,"gold_loss":0.0,"damage_taken":0.0,"cards_upgraded":["Fission"]},{"damage_healed":0,"gold_gain":0,"player_choice":"Fought Bandits","damage_taken":0,"max_hp_gain":0,"max_hp_loss":0,"event_name":"Masked Bandits","floor":29,"gold_loss":0}],"is_beta":false,"boss_relics":[{"not_picked":["Busted Crown","Black Star"],"picked":"Runic Pyramid"}],"items_purged_floors":[],"is_endless":false,"potions_floor_spawned":[1,7,11,16,18,19,21],"killed_by":"Masked Bandits","ascension_level":14}