{"gold_per_floor":[368,368,384,402,413,413,428,428,474,474,549,560,577,577,577,675,675,693,705,705,705,705,705,721,721,748,767,767],"floor_reached":28,"playtime":817,"items_purged":[],"score":322,"play_id":"a76d3143-7ec9-4665-8ab8-28ffa4b70ebc","local_time":"20190314170710","is_ascension_mode":true,"campfire_choices":[{"data":"Perfected Strike","floor":6.0,"key":"SMITH"},{"floor":8.0,"key":"REST"},{"data":"Perfected Strike","floor":10.0,"key":"SMITH"},{"floor":15.0,"key":"REST"},{"floor":23,"key":"REST"}],"neow_cost":"PERCENT_DAMAGE","seed_source_timestamp":2494141644985913,"circlet_count":0,"master_deck":["Strike_R","Strike_R","Strike_R","Strike_R","Strike_R","Bash","Perfected Strike+1","Perfected Strike+1","Dual Wield","Twin Strike","Disarm","Perfected Strike","Demon Form","Dropkick+1","Uppercut+1","Shockwave+1","Armaments","Perfected Strike+1","Warcry+1","Shrug It Off"],"special_seed":0,"relics":["Burning Blood","Potion Belt","Mummified Hand","Astrolabe","Blood Vial"],"potions_floor_usage":[18,19,24,27,27,27,28],"damage_taken":[{"damage":7.0,"enemies":"Jaw Worm","floor":1.0,"turns":3.0},{"damage":1.0,"enemies":"Cultist","floor":3.0,"turns":3.0},{"damage":10.0,"enemies":"Small Slimes","floor":4.0,"turns":3.0},{"damage":21.0,"enemies":"Blue Slaver","floor":5.0,"turns":3.0},{"damage":14.0,"enemies":"Exordium Wildlife","floor":7.0,"turns":5.0},{"damage":13.0,"enemies":"Red Slaver","floor":12.0,"turns":3.0},{"damage":17.0,"enemies":"Looter","floor":13.0,"turns":3.0},{"damage":34.0,"enemies":"Hexaghost","floor":16.0,"turns":8.0},{"damage":7,"enemies":"3 Byrds","floor":18,"turns":6},{"damage":43,"enemies":"2 Thieves","floor":19,"turns":4},{"damage":28,"enemies":"Snake Plant","floor":24,"turns":3},{"damage":12,"enemies":"Shelled Parasite and Fungi","floor":27,"turns":2},{"damage":7,"enemies":"3 Cultists","floor":28,"turns":3}],"seed_played":"7720212774085001063","potions_obtained":[{"floor":1.0,"key":"Swift Potion"},{"floor":3.0,"key":"LiquidBronze"},{"floor":4.0,"key":"Dexterity Potion"},{"floor":7.0,"key":"SkillPotion"},{"floor":16.0,"key":"Block Potion"},{"floor":18,"key":"Weak Potion"},{"floor":25,"key":"Fire Potion"},{"floor":25,"key":"SneckoOil"},{"floor":25,"key":"Swift Potion"},{"floor":27,"key":"GamblersBrew"}],"is_trial":false,"path_per_floor":["M","?","M","M","M","R","M","R","T","R","?","M","M","?","R","B",null,"M","M","?","?","?","R","M","?","T","M","M"],"character_chosen":"IRONCLAD","items_purchased":[],"campfire_rested":3,"item_purchase_floors":[],"current_hp_per_floor":[50,50,55,51,36,36,28,52,52,52,41,34,23,20,44,16,64,63,26,26,11,11,36,14,14,14,10,5],"gold":767,"neow_bonus":"TWO_FIFTY_GOLD","is_prod":false,"is_daily":false,"chose_seed":false,"campfire_upgraded":2,"win_rate":0,"timestamp":1552550830,"path_taken":["M","?","?","M","M","R","M","R","T","R","?","M","M","?","R","BOSS","M","M","?","?","?","R","?","?","T","M","M"],"build_version":"2019-01-23","purchased_purges":0,"victory":false,"max_hp_per_floor":[80,80,80,80,80,80,80,80,80,80,80,80,80,80,80,80,80,80,80,80,85,85,85,85,85,85,85,85],"card_choices":[{"not_picked":["Pummel","Headbutt"],"picked":"Perfected Strike","floor":1.0},{"not_picked":["Seeing Red","Reckless Charge"],"picked":"Perfected Strike","floor":3.0},{"not_picked":["Havoc","Dropkick"],"picked":"Dual Wield","floor":4.0},{"not_picked":["Offering","Heavy Blade"],"picked":"Twin Strike","floor":5.0},{"not_picked":["Fire Breathing","Cleave","Corruption"],"picked":"SKIP","floor":7.0},{"not_picked":["Cleave","Clothesline"],"picked":"Disarm","floor":12.0},{"not_picked":["Shockwave","Clash"],"picked":"Perfected Strike","floor":13.0},{"not_picked":["Bludgeon","Brutality"],"picked":"Demon Form","floor":16.0},{"not_picked":["Body Slam","Anger"],"picked":"Armaments","floor":18},{"not_picked":["Clothesline+1","Body Slam","Reckless Charge+1"],"picked":"SKIP","floor":19},{"not_picked":["Combust","Wild Strike"],"picked":"Warcry+1","floor":24},{"not_picked":["Blood for Blood","Clothesline"],"picked":"Shrug It Off","floor":27}],"player_experience":363541,"relics_obtained":[{"floor":9.0,"key":"Potion Belt"},{"floor":26,"key":"Blood Vial"}],"event_choices":[{"damage_healed":0.0,"max_hp_gain":0.0,"max_hp_loss":0.0,"gold_gain":0.0,"event_name":"The Woman in Blue","player_choice":"Bought 0 Potions","floor":2.0,"gold_loss":0.0,"damage_taken":0.0},{"damage_healed":0.0,"max_hp_gain":0.0,"max_hp_loss":0.0,"gold_gain":75.0,"event_name":"World of Goop","player_choice":"Gather Gold","floor":11.0,"gold_loss":0.0,"damage_taken":11.0},{"damage_healed":0.0,"max_hp_gain":0.0,"max_hp_loss":0.0,"gold_gain":0.0,"event_name":"Scrap Ooze","player_choice":"Success","floor":14.0,"gold_loss":0.0,"damage_taken":3.0,"relics_obtained":["Mummified Hand"]},{"cards_removed":["Defend_R"],"damage_healed":0,"gold_gain":0,"player_choice":"Elegance","damage_taken":0,"max_hp_gain":0,"max_hp_loss":0,"event_name":"Back to Basics","floor":20,"gold_loss":0},{"damage_healed":0,"gold_gain":0,"player_choice":"Shed Blood","damage_taken":20,"max_hp_gain":5,"max_hp_loss":0,"event_name":"Forgotten Altar","floor":21,"gold_loss":0},{"damage_healed":0,"gold_gain":0,"player_choice":"Copied","damage_taken":0,"max_hp_gain":0,"max_hp_loss":0,"event_name":"Duplicator","floor":22,"gold_loss":0,"cards_obtained":["Perfected Strike"]},{"damage_healed":0,"gold_gain":0,"player_choice":"Got Potions","damage_taken":0,"max_hp_gain":0,"max_hp_loss":0,"event_name":"Lab","floor":25,"gold_loss":0}],"is_beta":false,"boss_relics":[{"not_picked":["Fusion Hammer","Philosopher\u0027s Stone"],"picked":"Astrolabe"}],"items_purged_floors":[],"is_endless":false,"potions_floor_spawned":[1,3,4,7,16,18,27],"killed_by":"3 Cultists","ascension_level":8}