{"gold_per_floor":[119,44,44,44,71,71,103,103,155,155,166,166,201,219,219,219],"floor_reached":16,"playtime":552,"items_purged":["Strike_G"],"score":216,"play_id":"9c78ad5a-9244-4620-b186-3fe16cfd45ea","local_time":"20190328223939","is_ascension_mode":true,"campfire_choices":[{"data":"Neutralize","floor":6,"key":"SMITH"},{"data":"Bullet Time","floor":12,"key":"SMITH"},{"data":"Quick Slash","floor":15,"key":"SMITH"}],"neow_cost":"NONE","seed_source_timestamp":31162413512410,"circlet_count":0,"master_deck":["AscendersBane","Defend_G+1","Defend_G+1","Defend_G+1","Defend_G","Strike_G","Strike_G","Strike_G","Strike_G","Survivor+1","Neutralize+1","Bullet Time+1","Quick Slash+1","Backflip"],"relics":["Ring of the Snake","NeowsBlessing","Centennial Puzzle","Paper Crane","War Paint","CultistMask","Oddly Smooth Stone"],"potions_floor_usage":[16,16],"damage_taken":[{"damage":0,"enemies":"Small Slimes","floor":1,"turns":1},{"damage":0,"enemies":"Lagavulin","floor":7,"turns":1},{"damage":0,"enemies":"Jaw Worm","floor":11,"turns":1},{"damage":12,"enemies":"3 Sentries","floor":13,"turns":16},{"damage":0,"enemies":"Cultist","floor":14,"turns":3},{"damage":44,"enemies":"Hexaghost","floor":16,"turns":17}],"seed_played":"5957811430152636654","potions_obtained":[{"floor":7,"key":"Poison Potion"},{"floor":13,"key":"Weak Potion"}],"is_trial":false,"path_per_floor":["M","$","?","?","T","R","E","?","T","?","M","R","E","M","R","B"],"character_chosen":"THE_SILENT","items_purchased":[],"campfire_rested":0,"item_purchase_floors":[],"current_hp_per_floor":[63,63,49,49,49,49,49,54,54,54,54,54,42,42,42,0],"gold":219,"neow_bonus":"THREE_ENEMY_KILL","is_prod":false,"is_daily":false,"chose_seed":false,"campfire_upgraded":3,"win_rate":0,"timestamp":1553780379,"path_taken":["M","$","?","?","?","R","E","?","T","?","M","R","E","?","R","BOSS"],"build_version":"2019-01-23","purchased_purges":1,"victory":false,"max_hp_per_floor":[70,70,70,70,70,70,70,75,75,75,75,75,75,75,75,75],"card_choices":[{"not_picked":["Flying Knee","Blade Dance","Outmaneuver"],"picked":"SKIP","floor":1},{"not_picked":["Blade Dance","Outmaneuver","Underhanded Strike"],"picked":"SKIP","floor":7},{"not_picked":["Leg Sweep","Concentrate"],"picked":"Bullet Time","floor":11},{"not_picked":["Blade Dance","Flying Knee"],"picked":"Quick Slash","floor":13},{"not_picked":["Poisoned Stab","Prepared"],"picked":"Backflip","floor":14}],"player_experience":618632,"relics_obtained":[{"floor":5,"key":"Centennial Puzzle"},{"floor":7,"key":"Paper Crane"},{"floor":9,"key":"War Paint"},{"floor":13,"key":"Oddly Smooth Stone"}],"event_choices":[{"damage_healed":0,"gold_gain":0,"player_choice":"Entered Light","damage_taken":14,"max_hp_gain":0,"max_hp_loss":0,"event_name":"Shining Light","floor":3,"gold_loss":0,"cards_upgraded":["Defend_G","Survivor"]},{"cards_removed":["Defend_G"],"damage_healed":0,"gold_gain":0,"player_choice":"Forget","damage_taken":0,"max_hp_gain":0,"max_hp_loss":0,"event_name":"Living Wall","floor":4,"gold_loss":0},{"damage_healed":0,"gold_gain":0,"player_choice":"Donut","damage_taken":0,"max_hp_gain":5,"max_hp_loss":0,"event_name":"Big Fish","floor":8,"gold_loss":0},{"damage_healed":0,"gold_gain":0,"player_choice":"Trade","damage_taken":0,"relics_obtained":["CultistMask"],"max_hp_gain":0,"max_hp_loss":0,"event_name":"FaceTrader","floor":10,"gold_loss":0}],"is_beta":false,"boss_relics":[],"items_purged_floors":[2],"is_endless":false,"potions_floor_spawned":[7,13],"killed_by":"Hexaghost","ascension_level":13}