{"gold_per_floor":[112,112,112,122,142,142,174,188,188,188,188,188,188,213,213,290,290,305,305,37,49,49,49,62,62,140,151,151,161,161,173,173,173],"floor_reached":33,"playtime":1187,"items_purged":["Strike_B"],"score":421,"play_id":"2e25fd80-cdab-49b3-a208-63eaf1a4de8e","local_time":"20190412223024","is_ascension_mode":true,"campfire_choices":[{"floor":6,"key":"REST"},{"floor":10,"key":"REST"},{"data":"Ball Lightning","floor":13,"key":"SMITH"},{"data":"Hologram","floor":15,"key":"SMITH"},{"floor":23,"key":"REST"},{"floor":25,"key":"REST"},{"floor":28,"key":"REST"},{"floor":30,"key":"REST"},{"floor":32,"key":"REST"}],"neow_cost":"PERCENT_DAMAGE","seed_source_timestamp":91672939803271,"circlet_count":0,"master_deck":["AscendersBane","Defend_B","Defend_B","Zap","Dualcast","Hologram+1","Storm","Gash","Ball Lightning+1","Heatsinks","Doom and Gloom","Cold Snap","Gash","Gash","Electrodynamics","Go for the Eyes+1","Blind","Undo","Ghostly Armor"],"special_seed":0,"relics":["Cracked Core","Girya","Ornamental Fan","Cables","Ice Cream","Empty Cage","PrismaticShard","Symbiotic Virus"],"potions_floor_usage":[7,33],"damage_taken":[{"damage":8,"enemies":"Small Slimes","floor":1,"turns":4},{"damage":0,"enemies":"2 Louse","floor":4,"turns":3},{"damage":2,"enemies":"Jaw Worm","floor":5,"turns":3},{"damage":25,"enemies":"Gremlin Nob","floor":7,"turns":4},{"damage":13,"enemies":"Large Slime","floor":8,"turns":4},{"damage":20,"enemies":"Lagavulin","floor":14,"turns":5},{"damage":19,"enemies":"Hexaghost","floor":16,"turns":8},{"damage":8,"enemies":"Chosen","floor":18,"turns":3},{"damage":29,"enemies":"Shell Parasite","floor":21,"turns":4},{"damage":19,"enemies":"Snecko","floor":24,"turns":4},{"damage":20,"enemies":"Centurion and Healer","floor":27,"turns":4},{"damage":24,"enemies":"Snake Plant","floor":29,"turns":5},{"damage":23,"enemies":"Cultist and Chosen","floor":31,"turns":5},{"damage":90,"enemies":"Collector","floor":33,"turns":7}],"seed_played":"-528819573830450332","potions_obtained":[{"floor":1,"key":"EssenceOfSteel"},{"floor":16,"key":"FairyPotion"},{"floor":24,"key":"Weak Potion"},{"floor":31,"key":"Block Potion"}],"is_trial":false,"path_per_floor":["M","?","?","M","M","R","E","M","T","R","?","?","R","E","R","B",null,"M","?","$","M","?","R","M","R","T","M","R","M","R","M","R","B"],"character_chosen":"DEFECT","items_purchased":["PrismaticShard"],"campfire_rested":7,"item_purchase_floors":[20],"current_hp_per_floor":[42,39,39,39,37,59,34,21,21,43,43,68,68,48,48,29,64,56,56,56,27,27,49,30,52,52,32,54,30,52,29,51,0],"gold":173,"neow_bonus":"TRANSFORM_TWO_CARDS","is_prod":false,"is_daily":false,"chose_seed":false,"campfire_upgraded":2,"win_rate":0,"timestamp":1555075824,"path_taken":["M","?","?","M","M","R","E","M","T","R","?","?","R","E","R","BOSS","M","?","$","M","?","R","M","R","T","M","R","M","R","M","R","BOSS"],"build_version":"2019-01-23","purchased_purges":1,"victory":false,"max_hp_per_floor":[75,75,75,75,75,75,75,75,75,75,75,75,75,75,75,75,75,75,75,75,75,75,75,75,75,75,75,75,75,75,75,75,75],"card_choices":[{"not_picked":["Stack","Turbo"],"picked":"Gash","floor":1},{"not_picked":["Conserve Battery","Double Energy"],"picked":"Heatsinks","floor":4},{"not_picked":["Rebound","Storm"],"picked":"Doom and Gloom","floor":5},{"not_picked":["Rebound","Hyperbeam"],"picked":"Cold Snap","floor":7},{"not_picked":["Rip and Tear","Storm"],"picked":"Gash","floor":8},{"not_picked":["Go for the Eyes","Sunder"],"picked":"Gash","floor":14},{"not_picked":["Buffer","Rainbow"],"picked":"Electrodynamics","floor":16},{"not_picked":["Redo+1","Stack"],"picked":"Go for the Eyes+1","floor":18},{"not_picked":["Barrage","Sucker Punch"],"picked":"Blind","floor":21},{"not_picked":["Masterful Stab","Calculated Gamble","Clothesline"],"picked":"SKIP","floor":24},{"not_picked":["Twin Strike","Conserve Battery"],"picked":"Undo","floor":27},{"not_picked":["Power Through","Swift Strike","Pummel"],"picked":"SKIP","floor":29},{"not_picked":["Mind Blast","Disarm"],"picked":"Ghostly Armor","floor":31}],"player_experience":560849,"relics_obtained":[{"floor":7,"key":"Ornamental Fan"},{"floor":9,"key":"Cables"},{"floor":14,"key":"Ice Cream"},{"floor":26,"key":"Symbiotic Virus"}],"event_choices":[{"damage_healed":0,"gold_gain":0,"player_choice":"Success","damage_taken":3,"relics_obtained":["Girya"],"max_hp_gain":0,"max_hp_loss":0,"event_name":"Scrap Ooze","floor":2,"gold_loss":0},{"damage_healed":0,"gold_gain":0,"cards_transformed":["Defend_B"],"player_choice":"Change","damage_taken":0,"max_hp_gain":0,"max_hp_loss":0,"event_name":"Living Wall","floor":3,"gold_loss":0,"cards_obtained":["Ball Lightning"]},{"damage_healed":0,"gold_gain":0,"player_choice":"Ignored","damage_taken":0,"max_hp_gain":0,"max_hp_loss":0,"event_name":"Liars Game","floor":11,"gold_loss":0},{"damage_healed":25,"gold_gain":0,"player_choice":"Banana","damage_taken":0,"max_hp_gain":0,"max_hp_loss":0,"event_name":"Big Fish","floor":12,"gold_loss":0},{"damage_healed":0,"gold_gain":0,"player_choice":"Ignored","damage_taken":0,"max_hp_gain":0,"max_hp_loss":0,"event_name":"Ghosts","floor":19,"gold_loss":0},{"damage_healed":0,"gold_gain":0,"player_choice":"Ignored","damage_taken":0,"max_hp_gain":0,"max_hp_loss":0,"event_name":"Cursed Tome","floor":22,"gold_loss":0}],"is_beta":false,"boss_relics":[{"not_picked":["Fusion Hammer","Calling Bell"],"picked":"Empty Cage"}],"items_purged_floors":[20],"is_endless":false,"potions_floor_spawned":[1,16,24,29,31],"killed_by":"Collector","ascension_level":13}