{"gold_per_floor":[110,110,110,128,26,67,67,67,67,116,291,309,279,315,315,444,444,465,465,465,151,426,426,440,440,440,440,460,499,499,520,520,650,650,664,683,707,400,424,424,437,437,488,46,67,67,67,87,87,87],"floor_reached":51,"playtime":3955,"items_purged":["Regret","Doubt"],"score":748,"play_id":"88dea0b2-1fb3-4a16-a92e-e1ce037ad570","local_time":"20190414093441","is_ascension_mode":false,"campfire_choices":[{"data":"Bash","floor":7.0,"key":"SMITH"},{"data":"Infernal Blade","floor":15.0,"key":"SMITH"},{"data":"Barricade","floor":23,"key":"SMITH"},{"data":"Offering","floor":25,"key":"SMITH"},{"data":"Juggernaut","floor":27,"key":"SMITH"},{"data":"Infernal Blade","floor":32,"key":"SMITH"},{"data":"Demon Form","floor":40,"key":"SMITH"},{"data":"Offering","floor":42,"key":"SMITH"},{"data":"Armaments","floor":46,"key":"SMITH"},{"data":"Feel No Pain","floor":49,"key":"SMITH"}],"neow_cost":"NONE","seed_source_timestamp":0,"circlet_count":0,"master_deck":["Defend_R","Defend_R","Defend_R","Defend_R","Bash+1","Combust","Headbutt+1","Disarm","Second Wind","Metallicize","Infernal Blade+1","Offering+1","Headbutt+1","Shrug It Off","True Grit","Combust","Armaments+1","Infernal Blade+1","Bite+1","Bite+1","Bite+1","Bite+1","Bite+1","Barricade+1","Body Slam+1","Shrug It Off","Juggernaut+1","Body Slam+1","Armaments+1","True Grit+1","Demon Form+1","Body Slam+1","Body Slam+1","Feel No Pain","Shrug It Off","Iron Wave+1","Offering+1","Parasite","Feel No Pain+1","Dual Wield+1"],"special_seed":0,"relics":["Burning Blood","NeowsBlessing","Molten Egg 2","Golden Idol","Vajra","Shuriken","Lantern","Potion Belt","Orrery","Thread and Needle","Dream Catcher","Blood Vial","Cursed Key","Meat on the Bone","Whetstone","Medical Kit","Bronze Scales"],"potions_floor_usage":[29,29,31,33,33,41,50,50,50,50],"damage_taken":[{"damage":0.0,"enemies":"Small Slimes","floor":1.0,"turns":1.0},{"damage":0.0,"enemies":"Jaw Worm","floor":4.0,"turns":1.0},{"damage":0.0,"enemies":"3 Sentries","floor":6.0,"turns":2.0},{"damage":0.0,"enemies":"2 Louse","floor":12.0,"turns":2.0},{"damage":24.0,"enemies":"Gremlin Nob","floor":14.0,"turns":4.0},{"damage":49.0,"enemies":"The Guardian","floor":16.0,"turns":9.0},{"damage":27,"enemies":"Spheric Guardian","floor":18,"turns":4},{"damage":14,"enemies":"Chosen","floor":24,"turns":5},{"damage":19,"enemies":"Shelled Parasite and Fungi","floor":28,"turns":5},{"damage":32,"enemies":"Slavers","floor":29,"turns":4},{"damage":3,"enemies":"Snecko","floor":31,"turns":3},{"damage":61,"enemies":"Automaton","floor":33,"turns":9},{"damage":17,"enemies":"3 Darklings","floor":35,"turns":7},{"damage":14,"enemies":"Orb Walker","floor":36,"turns":5},{"damage":31,"enemies":"Jaw Worm Horde","floor":37,"turns":4},{"damage":8,"enemies":"Transient","floor":39,"turns":5},{"damage":16,"enemies":"3 Darklings","floor":41,"turns":5},{"damage":21,"enemies":"Maw","floor":45,"turns":6},{"damage":12,"enemies":"Writhing Mass","floor":48,"turns":2},{"damage":64,"enemies":"Donu and Deca","floor":50,"turns":9}],"seed_played":"-874824346127128528","potions_obtained":[{"floor":4.0,"key":"Energy Potion"},{"floor":13.0,"key":"Regen Potion"},{"floor":13.0,"key":"Weak Potion"},{"floor":16.0,"key":"Swift Potion"},{"floor":18,"key":"Energy Potion"},{"floor":31,"key":"Fire Potion"},{"floor":33,"key":"AttackPotion"},{"floor":35,"key":"Poison Potion"},{"floor":36,"key":"Ancient Potion"},{"floor":48,"key":"Regen Potion"}],"is_trial":false,"path_per_floor":["M","?","?","M","$","E","R","?","T","T","?","M","?","E","R","B",null,"M","T","?","$","?","R","M","R","T","R","M","E","?","M","R","B",null,"M","M","M","$","M","R","M","R","T","$","M","R","?","M","R","B",null],"character_chosen":"IRONCLAD","items_purchased":["Headbutt+1","Barricade","Body Slam+1","Shrug It Off","Shrug It Off","Meat on the Bone","Feel No Pain","Medical Kit","Bronze Scales","SpeedPotion"],"campfire_rested":0,"item_purchase_floors":[5,21,21,21,38,38,44,44,44,44],"current_hp_per_floor":[80,80,60,66,66,72,72,72,72,72,72,78,78,60,60,17,80,59,59,56,56,56,56,56,56,56,56,52,44,44,56,56,30,56,51,51,34,34,49,49,52,52,52,52,47,47,47,56,56,37],"gold":87,"neow_bonus":"THREE_ENEMY_KILL","is_prod":false,"is_daily":false,"chose_seed":false,"campfire_upgraded":10,"win_rate":0,"timestamp":1555259681,"path_taken":["M","?","?","M","$","E","R","?","T","?","?","M","?","E","R","BOSS","M","?","?","$","?","R","M","R","T","R","?","E","?","M","R","BOSS","M","?","M","$","M","R","?","R","T","$","M","R","?","M","R","BOSS"],"build_version":"2019-01-23","purchased_purges":2,"victory":true,"max_hp_per_floor":[80,80,80,80,80,80,80,80,80,80,80,80,80,80,80,80,80,80,80,56,56,56,56,56,56,56,56,56,56,56,56,56,56,56,56,56,56,56,56,56,56,56,56,56,56,56,56,56,56,56],"card_choices":[{"not_picked":["Flex","Clothesline"],"picked":"Combust","floor":1.0},{"not_picked":["Burning Pact","Sword Boomerang+1","Flex"],"picked":"SKIP","floor":4.0},{"not_picked":["Wild Strike+1","Fire Breathing"],"picked":"Disarm","floor":6.0},{"not_picked":["Hemokinesis+1","Disarm"],"picked":"Metallicize","floor":12.0},{"not_picked":["Sever Soul+1","Wild Strike+1"],"picked":"Infernal Blade","floor":14.0},{"not_picked":["Immolate+1","Berserk"],"picked":"Offering","floor":16.0},{"not_picked":["Flame Barrier","Blood for Blood+1"],"picked":"Headbutt+1","floor":17},{"not_picked":["Sentinel","Sword Boomerang+1"],"picked":"Shrug It Off","floor":17},{"not_picked":["Iron Wave+1","Flex"],"picked":"True Grit","floor":17},{"not_picked":["Twin Strike+1","Rage"],"picked":"Combust","floor":17},{"not_picked":["Evolve","Thunderclap+1"],"picked":"Armaments","floor":17},{"not_picked":["Flex+1","Reckless Charge+1"],"picked":"Infernal Blade","floor":18},{"not_picked":["Pommel Strike+1","Perfected Strike+1"],"picked":"Juggernaut","floor":24},{"not_picked":["Power Through","Ghostly Armor"],"picked":"Body Slam+1","floor":28},{"not_picked":["Reckless Charge+1","Twin Strike+1"],"picked":"Armaments+1","floor":29},{"not_picked":["Flex","Perfected Strike+1"],"picked":"True Grit+1","floor":31},{"not_picked":["Bludgeon+1","Feed+1"],"picked":"Demon Form","floor":33},{"not_picked":["Searing Blow+1","Headbutt+1"],"picked":"Body Slam+1","floor":35},{"not_picked":["Clothesline+1","Clash+1"],"picked":"Body Slam+1","floor":36},{"not_picked":["Anger+1","True Grit+1"],"picked":"Feel No Pain","floor":37},{"not_picked":["Anger+1","Clothesline+1"],"picked":"Iron Wave+1","floor":39},{"not_picked":["Havoc+1","Body Slam+1"],"picked":"Offering","floor":41},{"not_picked":["Warcry","Perfected Strike+1","Flex"],"picked":"SKIP","floor":45},{"not_picked":["Headbutt+1","Spot Weakness"],"picked":"Dual Wield+1","floor":48}],"player_experience":164189,"relics_obtained":[{"floor":6.0,"key":"Vajra"},{"floor":9.0,"key":"Shuriken"},{"floor":10.0,"key":"Lantern"},{"floor":14.0,"key":"Potion Belt"},{"floor":19,"key":"Thread and Needle"},{"floor":26,"key":"Dream Catcher"},{"floor":29,"key":"Blood Vial"},{"floor":43,"key":"Whetstone"}],"event_choices":[{"damage_healed":0.0,"max_hp_gain":0.0,"max_hp_loss":0.0,"gold_gain":0.0,"event_name":"Big Fish","player_choice":"Box","floor":2.0,"gold_loss":0.0,"damage_taken":0.0,"relics_obtained":["Molten Egg 2"],"cards_obtained":["Regret"]},{"damage_healed":0.0,"max_hp_gain":0.0,"max_hp_loss":0.0,"gold_gain":0.0,"event_name":"Golden Idol","player_choice":"Take Damage","floor":3.0,"gold_loss":0.0,"damage_taken":20.0,"relics_obtained":["Golden Idol"]},{"damage_healed":0.0,"max_hp_gain":0.0,"max_hp_loss":0.0,"gold_gain":0.0,"cards_transformed":["Strike_R"],"event_name":"Living Wall","player_choice":"Change","floor":8.0,"gold_loss":0.0,"damage_taken":0.0,"cards_obtained":["Second Wind"]},{"damage_healed":0.0,"max_hp_gain":0.0,"max_hp_loss":0.0,"gold_gain":175.0,"event_name":"Liars Game","player_choice":"AGREE","floor":11.0,"gold_loss":0.0,"damage_taken":0.0,"cards_obtained":["Doubt"]},{"damage_healed":0.0,"max_hp_gain":0.0,"max_hp_loss":0.0,"gold_gain":0.0,"event_name":"The Woman in Blue","player_choice":"Bought 2 Potions","floor":13.0,"gold_loss":0.0,"damage_taken":0.0},{"damage_healed":0,"gold_gain":0,"player_choice":"Became a vampire","damage_taken":0,"max_hp_gain":0,"max_hp_loss":24,"event_name":"Vampires","floor":20,"gold_loss":0,"cards_obtained":["Bite","Bite","Bite","Bite","Bite"]},{"damage_healed":0,"gold_gain":275,"player_choice":"Desecrate","damage_taken":0,"max_hp_gain":0,"max_hp_loss":0,"event_name":"Golden Shrine","floor":22,"gold_loss":0,"cards_obtained":["Regret"]},{"cards_removed":["Regret"],"damage_healed":0,"gold_gain":0,"player_choice":"Purged","damage_taken":0,"max_hp_gain":0,"max_hp_loss":0,"event_name":"Purifier","floor":30,"gold_loss":0},{"damage_healed":0,"gold_gain":0,"player_choice":"Ignored","damage_taken":0,"max_hp_gain":0,"max_hp_loss":0,"event_name":"Mysterious Sphere","floor":47,"gold_loss":0}],"is_beta":false,"boss_relics":[{"not_picked":["Runic Pyramid","Tiny House"],"picked":"Orrery"},{"not_picked":["Runic Cube","Sozu"],"picked":"Cursed Key"}],"items_purged_floors":[5,21],"is_endless":false,"potions_floor_spawned":[4,16,18,31,33,35,36,48],"ascension_level":0}