{"gold_per_floor":[112,130,141,241,256,256,276,276,301,311,322,334,334,359,359,459,459,471,483,186,203,153,153,187,201,201,201,217,217,232,262,262,363,363,380,397,82,99,99,99,117,117,191,191,11,11,11,11,11,11],"floor_reached":51,"playtime":3210,"items_purged":[],"score":956,"play_id":"d641cc55-2526-48b6-97f7-28052c943c6d","local_time":"20190325230643","is_ascension_mode":true,"campfire_choices":[{"data":"Coolheaded","floor":6.0,"key":"SMITH"},{"floor":8.0,"key":"REST"},{"floor":13.0,"key":"REST"},{"data":"Echo Form","floor":15.0,"key":"SMITH"},{"floor":23.0,"key":"REST"},{"floor":27.0,"key":"REST"},{"data":"Sunder","floor":29.0,"key":"SMITH"},{"floor":32.0,"key":"REST"},{"floor":40.0,"key":"REST"},{"floor":42.0,"key":"REST"},{"data":"Echo Form","floor":44.0,"key":"SMITH"},{"data":"Glacier","floor":49.0,"key":"SMITH"}],"neow_cost":"NONE","seed_source_timestamp":84313701729400,"circlet_count":0,"master_deck":["Strike_B","Strike_B","Defend_B","Defend_B","Defend_B","Defend_B","Zap","Dualcast","Coolheaded+1","Streamline","Cold Snap","Sweeping Beam","Echo Form+1","Glacier","Ball Lightning","Sunder+1","Electrodynamics","Streamline+1","Melter+1","Heatsinks+1","Blizzard","Streamline","Ball Lightning","Stack","Glacier+1","Melter+1","Streamline","Echo Form+1","Streamline+1","Storm+1","Capacitor","Sweeping Beam+1","Magnetism"],"special_seed":0,"relics":["Snecko Eye","Bag of Marbles","Art of War","Astrolabe","Bronze Scales","Pen Nib","Omamori","Bottled Tornado","Tiny Chest","Nuclear Battery","Gambling Chip","Bottled Lightning","Mercury Hourglass","Ancient Tea Set"],"potions_floor_usage":[50,50,50],"damage_taken":[{"damage":2.0,"enemies":"2 Louse","floor":1.0,"turns":4.0},{"damage":0.0,"enemies":"Cultist","floor":2.0,"turns":3.0},{"damage":0.0,"enemies":"Small Slimes","floor":3.0,"turns":2.0},{"damage":7.0,"enemies":"Blue Slaver","floor":5.0,"turns":5.0},{"damage":34.0,"enemies":"Exordium Thugs","floor":7.0,"turns":6.0},{"damage":0.0,"enemies":"Looter","floor":10.0,"turns":3.0},{"damage":0.0,"enemies":"Large Slime","floor":11.0,"turns":6.0},{"damage":11.0,"enemies":"Exordium Thugs","floor":12.0,"turns":2.0},{"damage":3.0,"enemies":"3 Sentries","floor":14.0,"turns":6.0},{"damage":0.0,"enemies":"Slime Boss","floor":16.0,"turns":6.0},{"damage":0.0,"enemies":"2 Thieves","floor":18.0,"turns":3.0},{"damage":0.0,"enemies":"Shell Parasite","floor":19.0,"turns":3.0},{"damage":13.0,"enemies":"3 Cultists","floor":21.0,"turns":4.0},{"damage":20.0,"enemies":"Gremlin Leader","floor":24.0,"turns":3.0},{"damage":12.0,"enemies":"Cultist and Chosen","floor":25.0,"turns":3.0},{"damage":3.0,"enemies":"Snecko","floor":28.0,"turns":3.0},{"damage":0.0,"enemies":"Centurion and Healer","floor":30.0,"turns":2.0},{"damage":15.0,"enemies":"Collector","floor":33.0,"turns":9.0},{"damage":0.0,"enemies":"3 Darklings","floor":35.0,"turns":4.0},{"damage":1.0,"enemies":"3 Shapes","floor":36.0,"turns":6.0},{"damage":32.0,"enemies":"Transient","floor":38.0,"turns":5.0},{"damage":6.0,"enemies":"Sphere and 2 Shapes","floor":41.0,"turns":4.0},{"damage":14,"enemies":"Time Eater","floor":50,"turns":9}],"seed_played":"-6342464591226580968","potions_obtained":[{"floor":1.0,"key":"FocusPotion"},{"floor":2.0,"key":"Strength Potion"},{"floor":3.0,"key":"FearPotion"},{"floor":11.0,"key":"Energy Potion"},{"floor":18.0,"key":"Dexterity Potion"},{"floor":21.0,"key":"GamblersBrew"},{"floor":24.0,"key":"Dexterity Potion"},{"floor":25.0,"key":"Swift Potion"},{"floor":35.0,"key":"FocusPotion"}],"is_trial":false,"path_per_floor":["M","M","M","?","M","R","M","R","T","M","M","M","R","E","R","B",null,"M","M","$","M","?","R","E","M","T","R","M","R","M","?","R","B",null,"M","M","$","M","?","R","M","R","T","R","$","T","T","$","R","B",null],"character_chosen":"DEFECT","items_purchased":["Bronze Scales","Pen Nib","Gambling Chip","Magnetism"],"campfire_rested":7,"item_purchase_floors":[20,20,37,45],"current_hp_per_floor":[66,66,66,66,59,59,25,47,47,47,47,36,58,55,55,55,70,70,70,70,57,57,75,55,43,43,65,62,62,62,62,75,60,71,71,70,70,38,38,60,54,75,75,75,75,75,75,75,75,61],"gold":11,"neow_bonus":"BOSS_RELIC","is_prod":false,"is_daily":false,"chose_seed":false,"campfire_upgraded":5,"win_rate":0,"timestamp":1553551603,"path_taken":["M","M","M","?","M","R","M","R","T","?","M","M","R","E","R","BOSS","M","M","$","M","?","R","E","?","T","R","M","R","M","?","R","BOSS","M","M","$","M","?","R","M","R","T","R","$","?","?","?","R","BOSS"],"build_version":"2019-01-23","purchased_purges":0,"victory":true,"max_hp_per_floor":[75,75,75,75,75,75,75,75,75,75,75,75,75,75,75,75,75,75,75,75,75,75,75,75,75,75,75,75,75,75,75,75,75,75,75,75,75,75,75,75,75,75,75,75,75,75,75,75,75,75],"card_choices":[{"not_picked":["Hello World","Scrape"],"picked":"Coolheaded","floor":1.0},{"not_picked":["Scrape","Beam Cell"],"picked":"Streamline","floor":2.0},{"not_picked":["Compile Driver","Hello World"],"picked":"Beam Cell","floor":3.0},{"not_picked":["Conserve Battery","Rebound"],"picked":"Cold Snap","floor":5.0},{"not_picked":["Aggregate","Ball Lightning"],"picked":"Sweeping Beam","floor":7.0},{"not_picked":["Conserve Battery","Beam Cell"],"picked":"Echo Form","floor":10.0},{"not_picked":["Auto Shields","Rebound"],"picked":"Glacier","floor":11.0},{"not_picked":["Steam Power","Gash"],"picked":"Ball Lightning","floor":12.0},{"not_picked":["Sweeping Beam","Static Discharge"],"picked":"Sunder","floor":14.0},{"not_picked":["Thunder Strike","Reboot"],"picked":"Electrodynamics","floor":16.0},{"not_picked":["Turbo+1","Gash"],"picked":"Blizzard","floor":18.0},{"not_picked":["Sweeping Beam","Tempest+1"],"picked":"Streamline","floor":19.0},{"not_picked":["Go for the Eyes","Consume+1"],"picked":"Ball Lightning","floor":21.0},{"not_picked":["Storm","Rebound"],"picked":"Stack","floor":24.0},{"not_picked":["Cold Snap","Biased Cognition"],"picked":"Glacier","floor":25.0},{"not_picked":["Streamline","Turbo"],"picked":"Melter+1","floor":28.0},{"not_picked":["Loop","Ball Lightning"],"picked":"Streamline","floor":30.0},{"not_picked":["All For One","Reboot"],"picked":"Echo Form","floor":33.0},{"not_picked":["Heatsinks","Hello World"],"picked":"Streamline+1","floor":35.0},{"not_picked":["Steam","Beam Cell+1"],"picked":"Storm+1","floor":36.0},{"not_picked":["Cold Snap+1","Chaos"],"picked":"Capacitor","floor":38.0},{"not_picked":["Leap","Compile Driver+1"],"picked":"Sweeping Beam+1","floor":41.0}],"player_experience":597065,"relics_obtained":[{"floor":9.0,"key":"Bag of Marbles"},{"floor":14.0,"key":"Art of War"},{"floor":24.0,"key":"Omamori"},{"floor":26.0,"key":"Bottled Tornado"},{"floor":43.0,"key":"Bottled Lightning"},{"floor":46.0,"key":"Mercury Hourglass"},{"floor":47.0,"key":"Ancient Tea Set"}],"event_choices":[{"damage_healed":0.0,"max_hp_gain":0.0,"max_hp_loss":0.0,"gold_gain":100.0,"event_name":"Golden Shrine","player_choice":"Pray","floor":4.0,"gold_loss":0.0,"damage_taken":0.0},{"damage_healed":0.0,"max_hp_gain":0.0,"max_hp_loss":0.0,"gold_gain":0.0,"event_name":"The Joust","player_choice":"Bet on Murderer","floor":22.0,"gold_loss":50.0,"damage_taken":0.0},{"damage_healed":0.0,"max_hp_gain":0.0,"max_hp_loss":0.0,"gold_gain":0.0,"event_name":"The Mausoleum","player_choice":"Opened","floor":31.0,"gold_loss":0.0,"damage_taken":0.0,"relics_obtained":["Tiny Chest"]},{"damage_healed":0.0,"max_hp_gain":0.0,"max_hp_loss":0.0,"gold_gain":0.0,"event_name":"The Woman in Blue","player_choice":"Bought 0 Potions","floor":39.0,"gold_loss":0.0,"damage_taken":0.0}],"is_beta":false,"boss_relics":[{"not_picked":["Runic Pyramid","Tiny House"],"picked":"Astrolabe"},{"not_picked":["Philosopher\u0027s Stone","Sozu"],"picked":"Nuclear Battery"}],"items_purged_floors":[],"is_endless":false,"potions_floor_spawned":[1,2,3,11,12,18,21,24,25,28,35,36,38],"ascension_level":7}