{"gold_per_floor":[116,116,41,61,78,111,111,111,111,0,15,29,29,46,46,118,118,137,107,7,18,31,31,64,64,64,64,64,77,77,77],"floor_reached":31,"playtime":1397,"items_purged":["Defend_R","Strike_R"],"score":510,"play_id":"96ed8d86-95fd-48ea-b3a2-c8d0f406cb09","local_time":"20190413141914","is_ascension_mode":true,"campfire_choices":[{"data":"Bash","floor":7.0,"key":"SMITH"},{"floor":13.0,"key":"REST"},{"data":"Clothesline","floor":15.0,"key":"SMITH"},{"floor":23.0,"key":"REST"},{"data":"Dark Embrace","floor":28.0,"key":"SMITH"},{"floor":30,"key":"REST"}],"neow_cost":"NONE","seed_source_timestamp":54258456672500,"circlet_count":0,"master_deck":["AscendersBane","Strike_R","Strike_R","Strike_R","Strike_R","Defend_R","Defend_R","Defend_R","Bash+1","Disarm","Clothesline+1","Ghostly Armor","Twin Strike","Dark Embrace+1","Feed","Shrug It Off","Armaments+1","Intimidate+1","Shrug It Off"],"special_seed":0,"relics":["Burning Blood","Kunai","Bronze Scales","Paper Frog","Philosopher\u0027s Stone","Sundial","Pear"],"potions_floor_usage":[],"damage_taken":[{"damage":12.0,"enemies":"Jaw Worm","floor":1.0,"turns":2.0},{"damage":3.0,"enemies":"2 Louse","floor":4.0,"turns":3.0},{"damage":4.0,"enemies":"Small Slimes","floor":5.0,"turns":4.0},{"damage":59.0,"enemies":"Lagavulin","floor":6.0,"turns":8.0},{"damage":5.0,"enemies":"Gremlin Gang","floor":11.0,"turns":5.0},{"damage":6.0,"enemies":"2 Fungi Beasts","floor":12.0,"turns":4.0},{"damage":4.0,"enemies":"Looter","floor":14.0,"turns":3.0},{"damage":26.0,"enemies":"The Guardian","floor":16.0,"turns":11.0},{"damage":35.0,"enemies":"2 Thieves","floor":18.0,"turns":5.0},{"damage":27.0,"enemies":"Shell Parasite","floor":21.0,"turns":8.0},{"damage":12.0,"enemies":"Centurion and Healer","floor":22.0,"turns":5.0},{"damage":34.0,"enemies":"Book of Stabbing","floor":24.0,"turns":5.0},{"damage":22,"enemies":"Cultist and Chosen","floor":29,"turns":7},{"damage":43,"enemies":"Gremlin Leader","floor":31,"turns":3}],"seed_played":"-3058832904873816731","potions_obtained":[{"floor":1.0,"key":"BloodPotion"},{"floor":12.0,"key":"BloodPotion"},{"floor":14.0,"key":"PowerPotion"},{"floor":19.0,"key":"Strength Potion"},{"floor":22.0,"key":"Fire Potion"},{"floor":29,"key":"SteroidPotion"}],"is_trial":false,"path_per_floor":["M","?","$","M","M","E","R","?","T","$","M","M","R","M","R","B",null,"M","?","$","M","M","R","E","?","T","?","R","M","R","E"],"character_chosen":"IRONCLAD","items_purchased":["Fire Potion","Energy Potion"],"campfire_rested":3,"item_purchase_floors":[10,10],"current_hp_per_floor":[69,51,51,54,56,11,11,11,11,11,12,12,36,38,38,18,66,37,37,37,16,10,34,14,14,24,24,24,8,35,0],"gold":77,"neow_bonus":"TEN_PERCENT_HP_BONUS","is_prod":false,"is_daily":false,"chose_seed":false,"campfire_upgraded":3,"win_rate":0,"timestamp":1555179554,"path_taken":["M","?","$","M","M","E","R","?","T","?","M","M","R","M","R","BOSS","M","?","$","?","M","R","E","?","T","?","R","M","R","E"],"build_version":"2019-01-23","purchased_purges":2,"victory":false,"max_hp_per_floor":[82,82,82,82,82,82,82,82,82,82,82,82,82,82,82,82,82,82,82,82,82,82,82,82,82,92,92,92,92,92,92],"card_choices":[{"not_picked":["Warcry","Twin Strike"],"picked":"Disarm","floor":1.0},{"not_picked":["Blood for Blood","Wild Strike"],"picked":"Clothesline","floor":4.0},{"not_picked":["Wild Strike","Second Wind"],"picked":"Ghostly Armor","floor":5.0},{"not_picked":["Anger","Perfected Strike","Ghostly Armor"],"picked":"SKIP","floor":6.0},{"not_picked":["Second Wind","Infernal Blade"],"picked":"Twin Strike","floor":11.0},{"not_picked":["Carnage","Anger","Corruption"],"picked":"SKIP","floor":12.0},{"not_picked":["Seeing Red","Dropkick"],"picked":"Dark Embrace","floor":14.0},{"not_picked":["Brutality","Fiend Fire"],"picked":"Feed","floor":16.0},{"not_picked":["Whirlwind","Bloodletting"],"picked":"Shrug It Off","floor":18.0},{"not_picked":["Dual Wield+1","Intimidate"],"picked":"Armaments+1","floor":21.0},{"not_picked":["Blood for Blood","True Grit"],"picked":"Intimidate+1","floor":22.0},{"not_picked":["Anger","Blood for Blood","Wild Strike"],"picked":"SKIP","floor":24.0},{"not_picked":["Uppercut","True Grit"],"picked":"Shrug It Off","floor":29}],"player_experience":309853,"relics_obtained":[{"floor":6.0,"key":"Bronze Scales"},{"floor":9.0,"key":"Paper Frog"},{"floor":24.0,"key":"Sundial"},{"floor":26.0,"key":"Pear"}],"event_choices":[{"damage_healed":0.0,"max_hp_gain":0.0,"max_hp_loss":0.0,"gold_gain":0.0,"event_name":"Scrap Ooze","player_choice":"Success","floor":2.0,"gold_loss":0.0,"damage_taken":18.0,"relics_obtained":["Kunai"]},{"damage_healed":0.0,"max_hp_gain":0.0,"max_hp_loss":0.0,"gold_gain":0.0,"event_name":"Dead Adventurer","player_choice":"Searched \u00271\u0027 times","floor":8.0,"gold_loss":0.0,"damage_taken":0.0},{"damage_healed":0.0,"max_hp_gain":0.0,"max_hp_loss":0.0,"gold_gain":0.0,"event_name":"The Woman in Blue","player_choice":"Bought 2 Potions","floor":19.0,"gold_loss":0.0,"damage_taken":0.0},{"damage_healed":0.0,"max_hp_gain":0.0,"max_hp_loss":0.0,"gold_gain":0.0,"event_name":"The Mausoleum","player_choice":"Ignored","floor":25.0,"gold_loss":0.0,"damage_taken":0.0},{"damage_healed":0.0,"max_hp_gain":0.0,"max_hp_loss":0.0,"gold_gain":0.0,"event_name":"FaceTrader","player_choice":"Leave","floor":27.0,"gold_loss":0.0,"damage_taken":0.0}],"is_beta":false,"boss_relics":[{"not_picked":["Velvet Choker","Fusion Hammer"],"picked":"Philosopher\u0027s Stone"}],"items_purged_floors":[3,20],"is_endless":false,"potions_floor_spawned":[1,12,14,22,29],"killed_by":"Gremlin Leader","ascension_level":20}