{"gold_per_floor":[116,41,52,52,202,202,227,14,14,39,39,58,89,99,99,170,170,186,186,203,15,31,31,51,51,51,79,79,96,116,131,131,202,202,215,264,277,287,105,105,136,136,163,187,209,221,253,225,237,249],"floor_reached":51,"playtime":5093,"items_purged":["Strike_G","Strike_G","Strike_G"],"score":1423,"play_id":"97408f7b-143c-4732-9ead-91aa761410fc","local_time":"20190406022821","is_ascension_mode":true,"campfire_choices":[{"floor":11.0,"key":"REST"},{"data":"Strike_G","floor":15.0,"key":"PURGE"},{"data":"Well Laid Plans","floor":23,"key":"SMITH"},{"data":"Bullet Time","floor":28,"key":"SMITH"},{"data":"Calculated Gamble","floor":32,"key":"SMITH"},{"data":"After Image","floor":40,"key":"SMITH"},{"data":"Infinite Blades","floor":42,"key":"SMITH"},{"data":"Strike_G","floor":46,"key":"PURGE"},{"data":"Acrobatics","floor":49,"key":"SMITH"}],"neow_cost":"NONE","seed_source_timestamp":7236642937063,"circlet_count":0,"master_deck":["AscendersBane","Defend_G","Defend_G","Defend_G","Defend_G","Defend_G","Survivor","Neutralize","Infinite Blades+1","PiercingWail","Distraction","Panache","Well Laid Plans+1","Escape Plan","Acrobatics+1","Tactician","Blur","Bullet Time+1","Calculated Gamble+1","Backflip","Quick Slash+1","Infinite Blades","Noxious Fumes","Backflip+1","Caltrops+1","Prepared+1","Wraith Form v2","After Image+1","Blur+1"],"special_seed":0,"relics":["Ring of the Snake","NeowsBlessing","Tough Bandages","Bird Faced Urn","Shuriken","Prayer Wheel","Peace Pipe","Lantern","Molten Egg 2","Ice Cream","Nloth\u0027s Gift","Ninja Scroll","Omamori","Busted Crown","Tingsha","Regal Pillow","MawBank"],"potions_floor_usage":[27,33,33,50],"damage_taken":[{"damage":0.0,"enemies":"Cultist","floor":1.0,"turns":1.0},{"damage":0.0,"enemies":"2 Louse","floor":3.0,"turns":1.0},{"damage":0.0,"enemies":"Gremlin Nob","floor":7.0,"turns":1.0},{"damage":20.0,"enemies":"3 Sentries","floor":10.0,"turns":9.0},{"damage":11.0,"enemies":"Small Slimes","floor":12.0,"turns":5.0},{"damage":6.0,"enemies":"Lagavulin","floor":13.0,"turns":7.0},{"damage":0.0,"enemies":"Looter","floor":14.0,"turns":4.0},{"damage":0.0,"enemies":"The Guardian","floor":16.0,"turns":13.0},{"damage":20.0,"enemies":"Shell Parasite","floor":18.0,"turns":9.0},{"damage":17.0,"enemies":"Chosen","floor":20.0,"turns":6.0},{"damage":13.0,"enemies":"Snake Plant","floor":22.0,"turns":5.0},{"damage":3,"enemies":"Centurion and Healer","floor":24,"turns":6},{"damage":19,"enemies":"Book of Stabbing","floor":27,"turns":5},{"damage":15,"enemies":"Snecko","floor":29,"turns":6},{"damage":8,"enemies":"Cultist and Chosen","floor":30,"turns":4},{"damage":0,"enemies":"Centurion and Healer","floor":31,"turns":6},{"damage":21,"enemies":"Champ","floor":33,"turns":11},{"damage":0,"enemies":"Orb Walker","floor":35,"turns":3},{"damage":0,"enemies":"2 Orb Walkers","floor":36,"turns":4},{"damage":27,"enemies":"3 Shapes","floor":37,"turns":3},{"damage":4,"enemies":"Sphere and 2 Shapes","floor":38,"turns":5},{"damage":0,"enemies":"Giant Head","floor":41,"turns":8},{"damage":4,"enemies":"Maw","floor":44,"turns":7},{"damage":11,"enemies":"4 Shapes","floor":45,"turns":5},{"damage":2,"enemies":"3 Darklings","floor":47,"turns":4},{"damage":3,"enemies":"Time Eater","floor":50,"turns":9}],"seed_played":"-3443519335293521853","potions_obtained":[{"floor":3.0,"key":"Strength Potion"},{"floor":10.0,"key":"Strength Potion"},{"floor":13.0,"key":"SpeedPotion"},{"floor":14.0,"key":"Strength Potion"},{"floor":22.0,"key":"SpeedPotion"},{"floor":29,"key":"Block Potion"},{"floor":30,"key":"Dexterity Potion"},{"floor":31,"key":"LiquidBronze"},{"floor":41,"key":"SpeedPotion"}],"is_trial":false,"path_per_floor":["M","$","M","?","?","?","E","$","T","E","R","M","E","M","R","B",null,"M","?","M","$","M","R","M","$","T","E","R","M","M","M","R","B",null,"M","?","M","M","$","R","E","R","T","M","M","R","M","?","R","B",null],"character_chosen":"THE_SILENT","items_purchased":["Panache","Noxious Fumes","PowerPotion"],"campfire_rested":1,"item_purchase_floors":[8,21,39],"current_hp_per_floor":[59,59,59,33,33,33,33,33,33,17,36,31,31,37,37,43,60,46,46,35,35,32,32,39,39,39,32,32,29,33,45,45,36,59,66,66,47,57,57,57,66,66,66,64,63,63,66,66,66,63],"gold":261,"neow_bonus":"THREE_ENEMY_KILL","is_prod":false,"is_daily":false,"chose_seed":false,"campfire_upgraded":6,"win_rate":0,"timestamp":1554485301,"path_taken":["M","$","?","?","?","?","E","$","T","E","R","M","E","M","R","BOSS","M","?","?","?","M","R","?","?","T","E","R","M","M","M","R","BOSS","M","?","M","M","$","R","E","R","T","M","M","R","M","?","R","BOSS"],"build_version":"2019-01-23","purchased_purges":3,"victory":true,"max_hp_per_floor":[66,66,66,66,66,66,66,66,66,66,66,66,66,66,66,66,66,66,66,66,66,66,66,66,66,66,66,66,66,66,66,66,66,66,66,66,66,66,66,66,66,66,66,66,66,66,66,66,66,66],"card_choices":[{"not_picked":["Dagger Spray","Underhanded Strike"],"picked":"Infinite Blades","floor":1.0},{"not_picked":["Bouncing Flask","Sucker Punch"],"picked":"PiercingWail","floor":3.0},{"not_picked":["Sucker Punch","Outmaneuver"],"picked":"Distraction","floor":7.0},{"not_picked":["Tactician","Poisoned Stab"],"picked":"Well Laid Plans","floor":10.0},{"not_picked":["Phantasmal Killer","Flying Knee"],"picked":"Escape Plan","floor":12.0},{"not_picked":["Expertise","Accuracy"],"picked":"Acrobatics","floor":12.0},{"not_picked":["Quick Slash","Catalyst"],"picked":"Tactician","floor":13.0},{"not_picked":["Masterful Stab","Deadly Poison"],"picked":"Blur","floor":14.0},{"not_picked":["Bane","PiercingWail","Underhanded Strike"],"picked":"SKIP","floor":14.0},{"not_picked":["Corpse Explosion","Die Die Die"],"picked":"Bullet Time","floor":16.0},{"not_picked":["Slice+1","Bane+1"],"picked":"Calculated Gamble","floor":18.0},{"not_picked":["Choke+1","Noxious Fumes"],"picked":"Backflip","floor":18.0},{"not_picked":["Poisoned Stab+1","Footwork"],"picked":"Quick Slash+1","floor":20.0},{"not_picked":["Corpse Explosion","Deflect"],"picked":"Infinite Blades","floor":20.0},{"not_picked":["PiercingWail","Heel Hook+1"],"picked":"Backflip+1","floor":22.0},{"not_picked":["Slice+1","Masterful Stab+1","Bane+1"],"picked":"SKIP","floor":22.0},{"not_picked":["Terror","Quick Slash+1"],"picked":"Caltrops+1","floor":24},{"not_picked":["Cloak And Dagger","Escape Plan","Distraction"],"picked":"SKIP","floor":24},{"not_picked":["Acrobatics","Prepared","Dagger Spray+1"],"picked":"SKIP","floor":27},{"not_picked":["Sucker Punch+1","Blade Dance"],"picked":"Prepared+1","floor":29},{"not_picked":["Blade Dance+1","Backflip","Dagger Spray+1"],"picked":"SKIP","floor":29},{"not_picked":["Deadly Poison","Bullet Time","Prepared"],"picked":"SKIP","floor":30},{"not_picked":["PiercingWail","Acrobatics","Dagger Throw+1"],"picked":"SKIP","floor":30},{"not_picked":["Infinite Blades","Blur"],"picked":"Wraith Form v2","floor":31},{"not_picked":["Sucker Punch+1","Deflect","Prepared"],"picked":"SKIP","floor":31},{"not_picked":["Corpse Explosion","Unload+1"],"picked":"After Image","floor":33},{"not_picked":["Backflip"],"picked":"SKIP","floor":35},{"not_picked":["Blade Dance+1"],"picked":"SKIP","floor":35},{"not_picked":["Quick Slash+1"],"picked":"SKIP","floor":37},{"not_picked":["Outmaneuver+1"],"picked":"SKIP","floor":37},{"not_picked":["Heel Hook+1"],"picked":"SKIP","floor":38},{"not_picked":["Poisoned Stab+1"],"picked":"SKIP","floor":38},{"not_picked":["Blur"],"picked":"SKIP","floor":41},{"not_picked":["Flying Knee+1"],"picked":"SKIP","floor":44},{"not_picked":["Poisoned Stab+1"],"picked":"SKIP","floor":44},{"not_picked":[],"picked":"Blur+1","floor":45},{"not_picked":["Bane+1"],"picked":"SKIP","floor":45},{"not_picked":["Setup"],"picked":"SKIP","floor":47},{"not_picked":["Wraith Form v2"],"picked":"SKIP","floor":47}],"player_experience":681174,"relics_obtained":[{"floor":7.0,"key":"Bird Faced Urn"},{"floor":9.0,"key":"Shuriken"},{"floor":10.0,"key":"Prayer Wheel"},{"floor":13.0,"key":"Peace Pipe"},{"floor":17.0,"key":"Lantern"},{"floor":17.0,"key":"Molten Egg 2"},{"floor":17.0,"key":"Ice Cream"},{"floor":26,"key":"Ninja Scroll"},{"floor":27,"key":"Omamori"},{"floor":36,"key":"Tingsha"},{"floor":41,"key":"Regal Pillow"},{"floor":43,"key":"MawBank"}],"event_choices":[{"damage_healed":0.0,"max_hp_gain":0.0,"max_hp_loss":0.0,"gold_gain":0.0,"event_name":"Scrap Ooze","player_choice":"Success","floor":4.0,"gold_loss":0.0,"damage_taken":26.0,"relics_obtained":["Tough Bandages"]},{"damage_healed":0.0,"max_hp_gain":0.0,"max_hp_loss":0.0,"gold_gain":150.0,"event_name":"Liars Game","player_choice":"AGREE","floor":5.0,"gold_loss":0.0,"damage_taken":0.0,"cards_obtained":["Doubt"]},{"cards_removed":["Doubt"],"damage_healed":0.0,"max_hp_gain":0.0,"max_hp_loss":0.0,"gold_gain":0.0,"event_name":"Living Wall","player_choice":"Forget","floor":6.0,"gold_loss":0.0,"damage_taken":0.0},{"damage_healed":0.0,"max_hp_gain":0.0,"max_hp_loss":0.0,"gold_gain":0.0,"event_name":"N\u0027loth","player_choice":"Traded Relic","floor":19.0,"relics_lost":["Calling Bell"],"gold_loss":0.0,"damage_taken":0.0,"relics_obtained":["Nloth\u0027s Gift"]},{"damage_healed":0,"gold_gain":0,"player_choice":"Fight","damage_taken":0,"max_hp_gain":0,"max_hp_loss":0,"event_name":"Mysterious Sphere","floor":36,"gold_loss":0},{"damage_healed":0,"gold_gain":0,"player_choice":"Bought 3 Potions","damage_taken":0,"max_hp_gain":0,"max_hp_loss":0,"event_name":"The Woman in Blue","floor":48,"gold_loss":0}],"is_beta":false,"boss_relics":[{"not_picked":["Empty Cage","White Beast Statue"],"picked":"Calling Bell"},{"not_picked":["Tiny House","HoveringKite"],"picked":"Busted Crown"}],"items_purged_floors":[2,21,39],"is_endless":false,"potions_floor_spawned":[3,10,13,14,22,29,30,31,41,47],"ascension_level":17}