{"gold_per_floor":[119,119,135,154,154,154,16,43,43,43,73,85,105,132,132,230,230,244,71,81,81,91,118,42,42,90,90],"floor_reached":27,"playtime":1423,"items_purged":["Strike_B"],"score":289,"play_id":"73109233-21bb-4a2f-aea1-68582810f04f","local_time":"20190318150600","is_ascension_mode":true,"campfire_choices":[{"data":"Rainbow","floor":6,"key":"SMITH"},{"data":"Sunder","floor":10,"key":"SMITH"},{"data":"Amplify","floor":15,"key":"SMITH"}],"neow_cost":"NONE","seed_source_timestamp":271993172638415,"circlet_count":0,"master_deck":["Strike_B","Strike_B","Strike_B","Defend_B","Defend_B","Defend_B","Defend_B","Zap","Dualcast","BootSequence","Glacier","Coolheaded","Rainbow+1","Redo+1","Barrage","Self Repair","Sunder+1","Compile Driver","Capacitor","Cold Snap","Amplify+1","Biased Cognition","Glacier","Cold Snap","Hologram","Consume+1","Redo+1","Hello World","Necronomicurse"],"special_seed":0,"relics":["Philosopher\u0027s Stone","Anchor","Regal Pillow","Bronze Scales","Bag of Marbles","Black Star","Letter Opener","Meat on the Bone","Necronomicon","Oddly Smooth Stone"],"potions_floor_usage":[14,27],"damage_taken":[{"damage":10.0,"enemies":"Small Slimes","floor":1.0,"turns":4.0},{"damage":0,"enemies":"Cultist","floor":3,"turns":4},{"damage":0,"enemies":"2 Louse","floor":4,"turns":3},{"damage":4,"enemies":"Lagavulin","floor":11,"turns":6},{"damage":0,"enemies":"2 Fungi Beasts","floor":12,"turns":3},{"damage":0,"enemies":"3 Louse","floor":13,"turns":3},{"damage":11,"enemies":"Gremlin Nob","floor":14,"turns":3},{"damage":22,"enemies":"Slime Boss","floor":16,"turns":8},{"damage":31,"enemies":"3 Byrds","floor":18,"turns":3},{"damage":3,"enemies":"Chosen","floor":20,"turns":6},{"damage":0,"enemies":"Snecko","floor":22,"turns":6},{"damage":10,"enemies":"Book of Stabbing","floor":23,"turns":7},{"damage":55,"enemies":"Gremlin Leader","floor":27,"turns":5}],"seed_played":"-6006657851941866447","potions_obtained":[{"floor":1.0,"key":"LiquidBronze"},{"floor":3,"key":"Strength Potion"},{"floor":12,"key":"Energy Potion"},{"floor":16,"key":"Ancient Potion"}],"is_trial":false,"path_per_floor":["M","?","M","M","?","R","$","T","T","R","E","M","M","E","R","B",null,"M","$","M","$","M","E","$","?","T","E"],"character_chosen":"DEFECT","items_purchased":["Self Repair","Sunder","Cold Snap","Hologram","Hello World"],"campfire_rested":0,"item_purchase_floors":[7,7,19,19,24],"current_hp_per_floor":[65,65,65,65,65,65,65,65,65,65,68,75,75,71,71,56,75,51,51,55,55,55,59,59,43,43,0],"gold":90,"neow_bonus":"BOSS_RELIC","is_prod":false,"is_daily":false,"chose_seed":false,"campfire_upgraded":3,"win_rate":0,"timestamp":1552889160,"path_taken":["M","?","?","M","?","R","$","?","T","R","E","?","M","E","R","BOSS","M","$","M","$","M","E","$","?","T","E"],"build_version":"2019-01-23","purchased_purges":1,"victory":false,"max_hp_per_floor":[75,75,75,75,75,75,75,75,75,75,75,75,75,75,75,75,75,75,75,75,75,75,75,75,75,75,75],"card_choices":[{"not_picked":["Chaos","Tempest"],"picked":"BootSequence","floor":1.0},{"not_picked":["Barrage","Double Energy"],"picked":"Redo","floor":3},{"not_picked":["Sweeping Beam","Streamline"],"picked":"Barrage","floor":4},{"not_picked":["Stack","Leap"],"picked":"Compile Driver","floor":11},{"not_picked":["Cold Snap","Stack"],"picked":"Capacitor","floor":12},{"not_picked":["Barrage","Turbo"],"picked":"Cold Snap","floor":13},{"not_picked":["Rebound","Compile Driver"],"picked":"Amplify","floor":14},{"not_picked":["Thunder Strike","Fission"],"picked":"Biased Cognition","floor":16},{"not_picked":["Ball Lightning","Hologram+1"],"picked":"Glacier","floor":18},{"not_picked":["Hologram+1","Static Discharge"],"picked":"Consume+1","floor":20},{"not_picked":["Barrage","Turbo","Go for the Eyes"],"picked":"SKIP","floor":22},{"not_picked":["Stack","Streamline"],"picked":"Redo+1","floor":23}],"player_experience":412521,"relics_obtained":[{"floor":8,"key":"Anchor"},{"floor":9,"key":"Regal Pillow"},{"floor":11,"key":"Bronze Scales"},{"floor":14,"key":"Bag of Marbles"},{"floor":23,"key":"Letter Opener"},{"floor":23,"key":"Meat on the Bone"},{"floor":25,"key":"Necronomicon"},{"floor":26,"key":"Oddly Smooth Stone"}],"event_choices":[{"damage_healed":0,"gold_gain":0,"player_choice":"3 cards matched","damage_taken":0,"max_hp_gain":0,"max_hp_loss":0,"event_name":"Match and Keep!","floor":2,"gold_loss":0,"cards_obtained":["Glacier","Coolheaded","Rainbow"]},{"damage_healed":0,"gold_gain":0,"player_choice":"Upgraded","damage_taken":0,"max_hp_gain":0,"max_hp_loss":0,"event_name":"Upgrade Shrine","floor":5,"gold_loss":0,"cards_upgraded":["Redo"]},{"damage_healed":0,"gold_gain":0,"player_choice":"Obtained Book","damage_taken":16,"max_hp_gain":0,"max_hp_loss":0,"event_name":"Cursed Tome","floor":25,"gold_loss":0}],"is_beta":false,"boss_relics":[{"not_picked":["White Beast Statue","Cursed Key"],"picked":"Black Star"}],"items_purged_floors":[19],"is_endless":false,"potions_floor_spawned":[1,3,12,13,16,20,23],"killed_by":"Gremlin Leader","ascension_level":4}