{"gold_per_floor":[119,44,57,72,72,72,147,222,222,236,252,252],"floor_reached":12,"playtime":473,"items_purged":[],"score":70,"play_id":"a521f45e-21f8-4bb8-b4c3-bc2e175ed2a0","local_time":"20190313105555","is_ascension_mode":false,"campfire_choices":[{"floor":6,"key":"REST"}],"neow_cost":"NONE","seed_source_timestamp":2385841820619766,"circlet_count":0,"master_deck":["Strike_R","Strike_R","Strike_R","Strike_R","Strike_R","Defend_R","Defend_R","Defend_R","Defend_R","Bash","Ghostly Armor","Shrug It Off"],"relics":["Fusion Hammer"],"potions_floor_usage":[12,12],"damage_taken":[{"damage":0,"enemies":"2 Louse","floor":1,"turns":2},{"damage":0,"enemies":"Jaw Worm","floor":3,"turns":3},{"damage":0,"enemies":"Cultist","floor":4,"turns":3},{"damage":5,"enemies":"Looter","floor":10,"turns":4},{"damage":9,"enemies":"3 Louse","floor":11,"turns":2},{"damage":32,"enemies":"Lagavulin","floor":12,"turns":7}],"seed_played":"2389410123580209584","potions_obtained":[{"floor":1,"key":"Swift Potion"},{"floor":3,"key":"Fire Potion"}],"is_trial":false,"path_per_floor":["M","$","M","M","$","R","?","?","T","M","M","E"],"character_chosen":"IRONCLAD","items_purchased":["Ghostly Armor"],"campfire_rested":1,"item_purchase_floors":[2],"current_hp_per_floor":[80,80,80,80,80,80,69,61,61,56,47,15],"gold":252,"neow_bonus":"BOSS_RELIC","is_prod":false,"is_daily":false,"chose_seed":false,"campfire_upgraded":0,"win_rate":0,"timestamp":1552442155,"path_taken":["M","$","M","M","$","R","?","?","T","?","M","E"],"build_version":"2019-01-23","purchased_purges":0,"victory":false,"max_hp_per_floor":[80,80,80,80,80,80,80,80,80,80,80,80],"card_choices":[{"not_picked":["Whirlwind","Intimidate","Cleave"],"picked":"SKIP","floor":1},{"not_picked":["Pommel Strike","Flex","Heavy Blade"],"picked":"SKIP","floor":3},{"not_picked":["Cleave","Reckless Charge"],"picked":"Shrug It Off","floor":4},{"not_picked":["Power Through","Heavy Blade","Clothesline"],"picked":"SKIP","floor":10},{"not_picked":["Clothesline","Cleave","Searing Blow"],"picked":"SKIP","floor":11}],"player_experience":346534,"relics_obtained":[],"event_choices":[{"damage_healed":0,"gold_gain":75,"player_choice":"Gather Gold","damage_taken":11,"max_hp_gain":0,"max_hp_loss":0,"event_name":"World of Goop","floor":7,"gold_loss":0},{"damage_healed":0,"gold_gain":75,"player_choice":"Touch","damage_taken":8,"max_hp_gain":0,"max_hp_loss":0,"event_name":"FaceTrader","floor":8,"gold_loss":0}],"is_beta":false,"boss_relics":[],"items_purged_floors":[],"is_endless":false,"potions_floor_spawned":[1,3],"killed_by":"Lagavulin","ascension_level":0}