{"gold_per_floor":[111,111,130,148,148,148,211,211,235,235,297,297,177,206,206,307,307,307,307,222,222,143,143,143,143,143,143,143,143,143,143,143,143,143,143,143,143,74,74,74,74,74,74,74,74,74,74,74,74,74],"floor_reached":51,"playtime":4102,"items_purged":["Strike_B"],"score":1100,"play_id":"3decb07c-36fb-4cc8-b58c-a477b8555ccc","local_time":"20190414182202","is_ascension_mode":true,"campfire_choices":[{"data":"Zap","floor":6,"key":"SMITH"},{"data":"Streamline","floor":10,"key":"SMITH"},{"data":"Dualcast","floor":12,"key":"SMITH"},{"data":"Beam Cell","floor":15,"key":"SMITH"},{"data":"Hologram","floor":23,"key":"SMITH"},{"data":"Go for the Eyes","floor":25,"key":"SMITH"},{"floor":30,"key":"REST"},{"data":"Fission","floor":32,"key":"SMITH"},{"data":"Hyperbeam","floor":40,"key":"SMITH"},{"data":"Panacea","floor":44,"key":"SMITH"},{"floor":49,"key":"REST"}],"neow_cost":"NONE","seed_source_timestamp":10987601259059,"circlet_count":0,"master_deck":["AscendersBane","Strike_B","Strike_B","Strike_B","Defend_B","Defend_B","Defend_B","Defend_B","Zap+1","Dualcast+1","Streamline+1","Streamline+1","Steam","Sweeping Beam","Coolheaded","Beam Cell+1","Echo Form","Conserve Battery","Conserve Battery","Hologram+1","Steam","Go for the Eyes+1","RitualDagger","BootSequence","Fission+1","Hyperbeam+1","Scrape","Compile Driver+1","Panacea+1","Self Repair","Beam Cell+1","Reinforced Body"],"relics":["Cracked Core","Anchor","Tiny Chest","Strawberry","Juzu Bracelet","Sundial","Ectoplasm","Pen Nib","Happy Flower","Symbiotic Virus","Regal Pillow","MutagenicStrength","Sozu","Potion Belt","Vajra","Incense Burner","Singing Bowl"],"potions_floor_usage":[14,29,50],"damage_taken":[{"damage":2,"enemies":"Jaw Worm","floor":1,"turns":4},{"damage":1,"enemies":"Cultist","floor":3,"turns":3},{"damage":0,"enemies":"Small Slimes","floor":4,"turns":2},{"damage":16,"enemies":"Gremlin Nob","floor":7,"turns":3},{"damage":19,"enemies":"3 Sentries","floor":11,"turns":6},{"damage":0,"enemies":"3 Sentries","floor":14,"turns":4},{"damage":23,"enemies":"The Guardian","floor":16,"turns":8},{"damage":1,"enemies":"Spheric Guardian","floor":18,"turns":3},{"damage":0,"enemies":"Chosen","floor":19,"turns":3},{"damage":17,"enemies":"Shelled Parasite and Fungi","floor":21,"turns":5},{"damage":13,"enemies":"Centurion and Healer","floor":28,"turns":5},{"damage":13,"enemies":"Slavers","floor":29,"turns":5},{"damage":62,"enemies":"Champ","floor":33,"turns":12},{"damage":0,"enemies":"3 Shapes","floor":35,"turns":7},{"damage":2,"enemies":"3 Darklings","floor":36,"turns":3},{"damage":0,"enemies":"Jaw Worm Horde","floor":42,"turns":5},{"damage":27,"enemies":"Reptomancer","floor":45,"turns":5},{"damage":18,"enemies":"Sphere and 2 Shapes","floor":46,"turns":4},{"damage":0,"enemies":"Mind Bloom Boss Battle","floor":47,"turns":8},{"damage":64,"enemies":"Awakened One","floor":50,"turns":13}],"seed_played":"-1469829042335792060","potions_obtained":[{"floor":3,"key":"Strength Potion"},{"floor":7,"key":"Explosive Potion"},{"floor":11,"key":"Block Potion"},{"floor":16,"key":"SteroidPotion"}],"is_trial":false,"path_per_floor":["M","?","M","M","?","R","E","?","T","R","?","R","$","E","R","B",null,"M","M","?","M","$","R","?","R","T","?","M","E","R","?","R","B",null,"M","M","?","$","$","R","?","M","T","R","E","M","?","T","R","B",null],"character_chosen":"DEFECT","items_purchased":["Beam Cell","Steam","Go for the Eyes","Self Repair"],"campfire_rested":2,"item_purchase_floors":[13,22,22,38],"current_hp_per_floor":[66,75,74,74,74,74,58,63,70,70,51,51,51,51,51,28,72,71,71,71,54,54,54,48,48,48,48,35,22,63,63,63,1,66,66,64,64,64,64,64,64,64,64,64,44,33,47,47,87,23],"gold":74,"neow_bonus":"RANDOM_COMMON_RELIC","is_prod":false,"is_daily":false,"chose_seed":false,"campfire_upgraded":9,"win_rate":0,"timestamp":1555258922,"path_taken":["M","?","?","M","?","R","E","?","T","R","?","R","?","E","R","BOSS","M","M","?","M","$","R","?","R","T","?","M","E","R","?","R","BOSS","M","M","?","?","$","R","?","M","T","R","E","M","?","?","R","BOSS"],"build_version":"2019-01-23","purchased_purges":1,"victory":true,"max_hp_per_floor":[75,75,75,75,75,75,75,80,87,87,87,87,87,87,87,87,87,87,87,87,87,87,87,87,87,87,87,87,87,87,87,87,87,87,87,87,87,87,87,87,87,87,87,87,87,87,87,87,87,87],"card_choices":[{"not_picked":["Hologram","Storm"],"picked":"Streamline","floor":1},{"not_picked":["BootSequence","Leap"],"picked":"Streamline","floor":3},{"not_picked":["Gash","Consume"],"picked":"Steam","floor":4},{"not_picked":["Machine Learning","Go for the Eyes"],"picked":"Sweeping Beam","floor":7},{"not_picked":["Redo","Stack"],"picked":"Coolheaded","floor":11},{"not_picked":["Static Discharge","Consume","Doom and Gloom"],"picked":"SKIP","floor":14},{"not_picked":["Creative AI","Multi-Cast"],"picked":"Echo Form","floor":16},{"not_picked":["Barrage","Coolheaded"],"picked":"Conserve Battery","floor":18},{"not_picked":["Darkness","Streamline"],"picked":"Conserve Battery","floor":19},{"not_picked":["Go for the Eyes","Coolheaded"],"picked":"Hologram","floor":21},{"not_picked":["Aggregate","Stack"],"picked":"BootSequence","floor":28},{"not_picked":["Recycle","Doom and Gloom"],"picked":"Fission","floor":29},{"not_picked":["Multi-Cast","Thunder Strike"],"picked":"Hyperbeam","floor":33},{"not_picked":["BootSequence","Steam Power"],"picked":"Scrape","floor":35},{"not_picked":["Reprogram+1","Barrage"],"picked":"Compile Driver+1","floor":36},{"not_picked":["PanicButton","Dark Shackles"],"picked":"Panacea","floor":37},{"not_picked":["Reprogram","Streamline"],"picked":"Beam Cell+1","floor":42},{"not_picked":["Static Discharge","Electrodynamics","Genetic Algorithm"],"picked":"SKIP","floor":45},{"not_picked":["Streamline","Beam Cell+1"],"picked":"Reinforced Body","floor":46}],"player_experience":254861,"relics_obtained":[{"floor":7,"key":"Tiny Chest"},{"floor":9,"key":"Strawberry"},{"floor":11,"key":"Juzu Bracelet"},{"floor":14,"key":"Sundial"},{"floor":26,"key":"Happy Flower"},{"floor":29,"key":"Regal Pillow"},{"floor":43,"key":"Potion Belt"},{"floor":45,"key":"Vajra"},{"floor":47,"key":"Incense Burner"},{"floor":48,"key":"Singing Bowl"}],"event_choices":[{"damage_healed":9,"gold_gain":0,"player_choice":"Full Heal","damage_taken":0,"max_hp_gain":0,"max_hp_loss":0,"event_name":"Wheel of Change","floor":2,"gold_loss":0},{"damage_healed":0,"gold_gain":0,"player_choice":"Grow","damage_taken":0,"max_hp_gain":0,"max_hp_loss":0,"event_name":"Living Wall","floor":5,"gold_loss":0,"cards_upgraded":["Streamline"]},{"damage_healed":0,"gold_gain":0,"player_choice":"Donut","damage_taken":0,"max_hp_gain":5,"max_hp_loss":0,"event_name":"Big Fish","floor":8,"gold_loss":0},{"damage_healed":0,"gold_gain":30,"player_choice":"Searched \u00273\u0027 times","damage_taken":0,"max_hp_gain":0,"max_hp_loss":0,"event_name":"Dead Adventurer","floor":11,"gold_loss":0},{"damage_healed":0,"gold_gain":0,"player_choice":"Obtained Relic","damage_taken":0,"relics_obtained":["Pen Nib"],"max_hp_gain":0,"max_hp_loss":0,"event_name":"Addict","floor":20,"gold_loss":85},{"damage_healed":0,"gold_gain":0,"player_choice":"Joined the Cult","damage_taken":6,"max_hp_gain":0,"max_hp_loss":0,"event_name":"Nest","floor":24,"gold_loss":0,"cards_obtained":["RitualDagger"]},{"damage_healed":0,"gold_gain":0,"player_choice":"Opened","damage_taken":0,"relics_obtained":["Symbiotic Virus"],"max_hp_gain":0,"max_hp_loss":0,"event_name":"The Mausoleum","floor":27,"gold_loss":0},{"damage_healed":0,"gold_gain":0,"player_choice":"Inject Mutagens","damage_taken":0,"relics_obtained":["MutagenicStrength"],"max_hp_gain":0,"max_hp_loss":0,"event_name":"Drug Dealer","floor":31,"gold_loss":0},{"damage_healed":0,"gold_gain":0,"player_choice":"Memory 1","damage_taken":0,"max_hp_gain":0,"max_hp_loss":0,"event_name":"SensoryStone","floor":37,"gold_loss":0},{"damage_healed":0,"gold_gain":0,"player_choice":"Bought 0 Potions","damage_taken":0,"max_hp_gain":0,"max_hp_loss":0,"event_name":"The Woman in Blue","floor":41,"gold_loss":0},{"damage_healed":0,"gold_gain":0,"player_choice":"Fight","damage_taken":0,"max_hp_gain":0,"max_hp_loss":0,"event_name":"MindBloom","floor":47,"gold_loss":0}],"is_beta":false,"boss_relics":[{"not_picked":["Fusion Hammer","Busted Crown"],"picked":"Ectoplasm"},{"not_picked":["Cursed Key","Orrery"],"picked":"Sozu"}],"items_purged_floors":[13],"is_endless":false,"potions_floor_spawned":[3,7,11,16,19,21,36,45,46,47],"ascension_level":12}