{"gold_per_floor":[116,116,291,307,206,206,237,237,316,336,301,335,335,349,349,449,449,463,463,463,112,112,112,144,144,144,75,75,109,109,55,55,55],"floor_reached":33,"playtime":1037,"items_purged":["Doubt","Defend_B"],"score":428,"play_id":"a6fe9a30-9d4f-4fcb-a0e0-d1020dff03a0","local_time":"20190415085504","is_ascension_mode":true,"campfire_choices":[{"data":"Conserve Battery","floor":6,"key":"SMITH"},{"data":"Defragment","floor":8,"key":"SMITH"},{"data":"Echo Form","floor":13,"key":"SMITH"},{"data":"Compile Driver","floor":15,"key":"SMITH"},{"data":"Coolheaded","floor":23,"key":"SMITH"},{"floor":25,"key":"REST"},{"floor":30,"key":"REST"},{"data":"Defragment","floor":32,"key":"SMITH"}],"neow_cost":"NONE","seed_source_timestamp":480203505827979,"circlet_count":0,"master_deck":["AscendersBane","Defend_B","Defend_B","Defend_B","Zap+1","Dualcast","Compile Driver+1","Leap","Conserve Battery+1","Defragment+1","Echo Form+1","Core Surge+1","Cold Snap+1","Coolheaded+1","Ball Lightning+1","Self Repair","Defragment+1","Ball Lightning+1"],"relics":["Cracked Core","Bag of Marbles","Molten Egg 2","Boot","Empty Cage","PreservedInsect","Strawberry","WingedGreaves","Bottled Lightning"],"potions_floor_usage":[12,33],"damage_taken":[{"damage":2,"enemies":"Jaw Worm","floor":1,"turns":4},{"damage":5,"enemies":"Small Slimes","floor":4,"turns":3},{"damage":27,"enemies":"Gremlin Nob","floor":7,"turns":5},{"damage":0,"enemies":"2 Louse","floor":10,"turns":3},{"damage":11,"enemies":"Lagavulin","floor":12,"turns":5},{"damage":0,"enemies":"Exordium Wildlife","floor":14,"turns":4},{"damage":26,"enemies":"Hexaghost","floor":16,"turns":11},{"damage":2,"enemies":"Chosen","floor":18,"turns":4},{"damage":29,"enemies":"Book of Stabbing","floor":24,"turns":6},{"damage":16,"enemies":"Gremlin Leader","floor":29,"turns":6},{"damage":64,"enemies":"Champ","floor":33,"turns":8}],"seed_played":"859710177586476208","potions_obtained":[{"floor":4,"key":"LiquidBronze"},{"floor":7,"key":"GamblersBrew"},{"floor":29,"key":"Explosive Potion"}],"is_trial":false,"path_per_floor":["M","?","?","M","$","R","E","R","T","M","?","E","R","M","R","B",null,"M","?","?","$","?","R","E","R","T","$","?","E","R","$","R","B"],"character_chosen":"DEFECT","items_purchased":["Conserve Battery","Cold Snap+1","Coolheaded","PreservedInsect","Defragment","Ball Lightning+1"],"campfire_rested":2,"item_purchase_floors":[5,21,21,21,27,31],"current_hp_per_floor":[66,66,66,61,61,61,34,34,34,34,52,41,41,41,41,15,60,58,58,58,58,58,58,36,60,60,60,44,35,61,61,61,0],"gold":55,"neow_bonus":"UPGRADE_CARD","is_prod":false,"is_daily":false,"chose_seed":false,"campfire_upgraded":6,"win_rate":0,"timestamp":1555329304,"path_taken":["M","?","?","M","$","R","E","R","T","M","?","E","R","M","R","BOSS","M","?","?","$","?","R","E","R","T","?","?","E","R","$","R","BOSS"],"build_version":"2019-01-23","purchased_purges":2,"victory":false,"max_hp_per_floor":[75,75,75,75,75,75,75,75,75,75,75,75,75,75,75,75,75,75,75,75,75,75,75,82,82,82,82,87,87,87,87,87,87],"card_choices":[{"not_picked":["Hologram","Capacitor"],"picked":"Compile Driver","floor":1},{"not_picked":["Redo","FTL"],"picked":"Leap","floor":4},{"not_picked":["Recycle","Capacitor"],"picked":"Defragment","floor":7},{"not_picked":["Go for the Eyes+1","Tempest","FTL+1"],"picked":"SKIP","floor":10},{"not_picked":["Reboot","Hello World"],"picked":"Echo Form","floor":12},{"not_picked":["Genetic Algorithm","Steam","Double Energy"],"picked":"SKIP","floor":14},{"not_picked":["Amplify","Creative AI"],"picked":"Core Surge+1","floor":16},{"not_picked":["Consume+1","Rip and Tear+1","Darkness"],"picked":"SKIP","floor":18},{"not_picked":["Streamline+1","Barrage+1"],"picked":"Self Repair","floor":24},{"not_picked":["Blizzard+1","Barrage+1","FTL+1"],"picked":"SKIP","floor":29}],"player_experience":201645,"relics_obtained":[{"floor":7,"key":"Bag of Marbles"},{"floor":9,"key":"Molten Egg 2"},{"floor":12,"key":"Boot"},{"floor":24,"key":"Strawberry"},{"floor":26,"key":"WingedGreaves"},{"floor":29,"key":"Bottled Lightning"}],"event_choices":[{"cards_removed":["Strike_B"],"damage_healed":0,"gold_gain":0,"player_choice":"Forget","damage_taken":0,"max_hp_gain":0,"max_hp_loss":0,"event_name":"Living Wall","floor":2,"gold_loss":0},{"damage_healed":0,"gold_gain":175,"player_choice":"AGREE","damage_taken":0,"max_hp_gain":0,"max_hp_loss":0,"event_name":"Liars Game","floor":3,"gold_loss":0,"cards_obtained":["Doubt"]},{"damage_healed":18,"gold_gain":0,"player_choice":"Healed","damage_taken":0,"max_hp_gain":0,"max_hp_loss":0,"event_name":"The Cleric","floor":11,"gold_loss":35},{"damage_healed":0,"gold_gain":0,"player_choice":"Ignored","damage_taken":0,"max_hp_gain":0,"max_hp_loss":0,"event_name":"The Mausoleum","floor":19,"gold_loss":0},{"cards_removed":["Strike_B"],"damage_healed":0,"gold_gain":0,"player_choice":"Elegance","damage_taken":0,"max_hp_gain":0,"max_hp_loss":0,"event_name":"Back to Basics","floor":20,"gold_loss":0},{"damage_healed":0,"gold_gain":0,"player_choice":"Read","damage_taken":0,"max_hp_gain":0,"max_hp_loss":0,"event_name":"The Library","floor":22,"gold_loss":0,"cards_obtained":["Ball Lightning"]},{"damage_healed":0,"gold_gain":0,"player_choice":"Shed Blood","damage_taken":21,"max_hp_gain":5,"max_hp_loss":0,"event_name":"Forgotten Altar","floor":28,"gold_loss":0}],"is_beta":false,"boss_relics":[{"not_picked":["Lizard Tail","Astrolabe"],"picked":"Empty Cage"}],"items_purged_floors":[5,21],"is_endless":false,"potions_floor_spawned":[4,7,29],"killed_by":"Champ","ascension_level":10}