{"gold_per_floor":[110,129,59,59,59,85,85,120,120,9,9,9,37,56,56,129,129,139,139,159,159,171,171,202,213,213,213,138,63,76,76,76,150,150,162,173,5,23,23,57,57,92,92,119,0,0,100,100,100,100],"floor_reached":51,"playtime":2493,"items_purged":["Strike_G+1","Strike_G+1"],"score":1524,"play_id":"8ba1c0c4-f207-49de-bd9c-eedc7521a7e5","local_time":"20190402221230","is_ascension_mode":true,"campfire_choices":[{"data":"Catalyst","floor":7.0,"key":"SMITH"},{"floor":12.0,"key":"REST"},{"data":"Bouncing Flask","floor":15.0,"key":"SMITH"},{"data":"Noxious Fumes","floor":23.0,"key":"SMITH"},{"floor":27.0,"key":"REST"},{"floor":32.0,"key":"REST"},{"floor":41,"key":"REST"},{"floor":46,"key":"REST"},{"floor":49,"key":"REST"}],"neow_cost":"NONE","seed_source_timestamp":0,"circlet_count":0,"master_deck":["AscendersBane","Defend_G+1","Defend_G+1","Defend_G+1","Defend_G+1","Defend_G+1","Strike_G+1","Strike_G+1","Survivor","Neutralize+1","Deadly Poison","Bouncing Flask+1","Catalyst+1","Noxious Fumes+1","Deflect+1","Blur+1","Crippling Poison+1","Blur+1","Cloak And Dagger+1","Venomology+1","Blur+1","Cloak And Dagger+1","Blade Dance+1","Bullet Time+1","Prepared+1","Noxious Fumes","Acrobatics+1","Tactician+1","Tactician+1","Backflip+1","Sucker Punch+1"],"special_seed":0,"relics":["Ring of the Serpent","NeowsBlessing","Toxic Egg 2","Snake Skull","Shuriken","Boot","WristBlade","Paper Crane","Blood Vial","Sundial","Ornamental Fan","Vajra","Molten Egg 2","Nunchaku","Red Mask","Bird Faced Urn"],"potions_floor_usage":[40,40,40,44,47,50,50,50],"damage_taken":[{"damage":0.0,"enemies":"Jaw Worm","floor":1.0,"turns":1.0},{"damage":0.0,"enemies":"2 Louse","floor":2.0,"turns":1.0},{"damage":0.0,"enemies":"Gremlin Nob","floor":6.0,"turns":1.0},{"damage":36.0,"enemies":"3 Sentries","floor":8.0,"turns":8.0},{"damage":15.0,"enemies":"Gremlin Nob","floor":13.0,"turns":3.0},{"damage":0.0,"enemies":"Cultist","floor":14.0,"turns":3.0},{"damage":0.0,"enemies":"Slime Boss","floor":16.0,"turns":4.0},{"damage":0.0,"enemies":"Chosen","floor":18.0,"turns":6.0},{"damage":18.0,"enemies":"2 Thieves","floor":20.0,"turns":4.0},{"damage":14.0,"enemies":"Snecko","floor":22.0,"turns":4.0},{"damage":14.0,"enemies":"Book of Stabbing","floor":24.0,"turns":7.0},{"damage":7.0,"enemies":"Shelled Parasite and Fungi","floor":25.0,"turns":4.0},{"damage":12.0,"enemies":"3 Cultists","floor":30.0,"turns":5.0},{"damage":33.0,"enemies":"Collector","floor":33.0,"turns":10.0},{"damage":4.0,"enemies":"Orb Walker","floor":35.0,"turns":5.0},{"damage":25.0,"enemies":"3 Darklings","floor":36.0,"turns":4.0},{"damage":7.0,"enemies":"Spire Growth","floor":38.0,"turns":3.0},{"damage":19,"enemies":"Giant Head","floor":40,"turns":8},{"damage":19,"enemies":"Reptomancer","floor":42,"turns":6},{"damage":0,"enemies":"Nemesis","floor":44,"turns":7},{"damage":0,"enemies":"Mind Bloom Boss Battle","floor":47,"turns":6},{"damage":22,"enemies":"Time Eater","floor":50,"turns":9}],"seed_played":"7239035784448828927","potions_obtained":[{"floor":2.0,"key":"SpeedPotion"},{"floor":6.0,"key":"Fruit Juice"},{"floor":11.0,"key":"Regen Potion"},{"floor":14.0,"key":"LiquidBronze"},{"floor":20.0,"key":"Dexterity Potion"},{"floor":24.0,"key":"SpeedPotion"},{"floor":38.0,"key":"LiquidBronze"},{"floor":44,"key":"Fire Potion"}],"is_trial":false,"path_per_floor":["M","M","$","?","?","E","R","E","T","$","?","R","E","M","R","B",null,"M","?","M","?","M","R","E","M","T","R","?","$","M","?","R","B",null,"M","M","$","M","$","E","R","E","T","E","?","R","?","?","R","B",null],"character_chosen":"THE_SILENT","items_purchased":["Catalyst","Blur+1","Crippling Poison+1","Noxious Fumes"],"campfire_rested":6,"item_purchase_floors":[3,10,10,37],"current_hp_per_floor":[59,59,59,59,39,44,44,8,8,8,8,29,26,26,26,26,60,60,60,42,42,28,28,14,9,9,30,30,30,20,20,41,10,56,54,31,31,26,26,9,30,13,13,15,15,36,38,38,59,43],"gold":100,"neow_bonus":"THREE_ENEMY_KILL","is_prod":false,"is_daily":false,"chose_seed":false,"campfire_upgraded":3,"win_rate":0,"timestamp":1554210750,"path_taken":["M","M","$","?","?","E","R","E","T","$","?","R","E","?","R","BOSS","M","?","M","?","M","R","E","M","T","R","?","?","M","?","R","BOSS","M","M","$","M","$","E","R","E","T","E","?","R","?","?","R","BOSS"],"build_version":"2019-01-23","purchased_purges":2,"victory":true,"max_hp_per_floor":[66,66,66,66,66,71,71,71,71,71,71,71,71,71,71,71,71,71,71,71,71,71,71,71,71,71,71,71,71,71,71,71,71,71,71,71,71,71,71,71,71,71,71,71,71,71,71,71,71,71],"card_choices":[{"not_picked":["Slice","Sucker Punch"],"picked":"Deadly Poison","floor":1.0},{"not_picked":["Calculated Gamble","Acrobatics"],"picked":"Bouncing Flask","floor":2.0},{"not_picked":["Backflip","Deadly Poison"],"picked":"Noxious Fumes","floor":6.0},{"not_picked":["Infinite Blades","All Out Attack"],"picked":"Deflect+1","floor":8.0},{"not_picked":["Prepared+1","Sucker Punch"],"picked":"Blur+1","floor":13.0},{"not_picked":["Cloak And Dagger+1","Slice","Flying Knee"],"picked":"SKIP","floor":14.0},{"not_picked":["Slice","Flying Knee"],"picked":"Cloak And Dagger+1","floor":14.0},{"not_picked":["Wraith Form v2","Grand Finale"],"picked":"Venomology+1","floor":16.0},{"not_picked":["Concentrate+1","Terror+1"],"picked":"Blur+1","floor":18.0},{"not_picked":["Deadly Poison+1","Masterful Stab","Deflect+1"],"picked":"SKIP","floor":20.0},{"not_picked":["Backflip+1","Slice"],"picked":"Cloak And Dagger+1","floor":22.0},{"not_picked":["Infinite Blades","Prepared+1"],"picked":"Blade Dance+1","floor":24.0},{"not_picked":["Dodge and Roll+1","Flechettes","Underhanded Strike"],"picked":"SKIP","floor":25.0},{"not_picked":["Concentrate+1","Deflect+1","Sucker Punch"],"picked":"SKIP","floor":30.0},{"not_picked":["Phantasmal Killer+1","Unload"],"picked":"Bullet Time+1","floor":33.0},{"not_picked":["Underhanded Strike+1","All Out Attack"],"picked":"Prepared+1","floor":35.0},{"not_picked":["Backstab","Expertise+1","Finisher"],"picked":"SKIP","floor":36.0},{"not_picked":["Blade Dance+1","Finisher","Flying Knee+1"],"picked":"SKIP","floor":38.0},{"not_picked":["Endless Agony","Tools of the Trade"],"picked":"Acrobatics+1","floor":40},{"not_picked":["Reflex+1","Skewer"],"picked":"Tactician+1","floor":42},{"not_picked":["Blade Dance+1","Terror+1"],"picked":"Tactician+1","floor":44},{"not_picked":["Acrobatics+1","Outmaneuver+1"],"picked":"Backflip+1","floor":47}],"player_experience":663238,"relics_obtained":[{"floor":6.0,"key":"Toxic Egg 2"},{"floor":8.0,"key":"Snake Skull"},{"floor":9.0,"key":"Shuriken"},{"floor":13.0,"key":"Boot"},{"floor":24.0,"key":"Blood Vial"},{"floor":26.0,"key":"Sundial"},{"floor":40,"key":"Ornamental Fan"},{"floor":42,"key":"Vajra"},{"floor":43,"key":"Molten Egg 2"},{"floor":44,"key":"Nunchaku"},{"floor":47,"key":"Bird Faced Urn"}],"event_choices":[{"damage_healed":0.0,"max_hp_gain":0.0,"max_hp_loss":0.0,"gold_gain":0.0,"event_name":"Liars Game","player_choice":"Ignored","floor":4.0,"gold_loss":0.0,"damage_taken":0.0},{"damage_healed":0.0,"max_hp_gain":0.0,"max_hp_loss":0.0,"gold_gain":0.0,"event_name":"Shining Light","player_choice":"Entered Light","floor":5.0,"gold_loss":0.0,"damage_taken":20.0,"cards_upgraded":["Defend_G","Defend_G"]},{"damage_healed":0.0,"max_hp_gain":0.0,"max_hp_loss":0.0,"gold_gain":0.0,"event_name":"Lab","player_choice":"Got Potions","floor":11.0,"gold_loss":0.0,"damage_taken":0.0},{"damage_healed":0.0,"max_hp_gain":0.0,"max_hp_loss":0.0,"gold_gain":0.0,"event_name":"Addict","player_choice":"Stole Relic","floor":19.0,"gold_loss":0.0,"damage_taken":0.0,"relics_obtained":["Paper Crane"],"cards_obtained":["Shame"]},{"damage_healed":0.0,"max_hp_gain":0.0,"max_hp_loss":0.0,"gold_gain":0.0,"event_name":"Back to Basics","player_choice":"Simplicity","floor":21.0,"gold_loss":0.0,"damage_taken":0.0,"cards_upgraded":["Defend_G","Defend_G","Defend_G","Strike_G","Strike_G","Strike_G","Strike_G","Strike_G"]},{"cards_removed":["Shame"],"damage_healed":0.0,"max_hp_gain":0.0,"max_hp_loss":0.0,"gold_gain":0.0,"event_name":"Beggar","player_choice":"Gave Gold","floor":28.0,"gold_loss":75.0,"damage_taken":0.0},{"damage_healed":0.0,"max_hp_gain":0.0,"max_hp_loss":0.0,"gold_gain":0.0,"event_name":"Accursed Blacksmith","player_choice":"Forge","floor":31.0,"gold_loss":0.0,"damage_taken":0.0,"cards_upgraded":["Neutralize"]},{"damage_healed":0,"gold_gain":0,"player_choice":"Paid","damage_taken":0,"relics_obtained":["Red Mask"],"max_hp_gain":0,"max_hp_loss":0,"event_name":"Tomb of Lord Red Mask","floor":45,"gold_loss":119},{"damage_healed":0,"gold_gain":0,"player_choice":"Fight","damage_taken":0,"max_hp_gain":0,"max_hp_loss":0,"event_name":"MindBloom","floor":47,"gold_loss":0},{"damage_healed":0,"gold_gain":0,"cards_transformed":["Strike_G"],"player_choice":"Transformed","damage_taken":0,"max_hp_gain":0,"max_hp_loss":0,"event_name":"Transmorgrifier","floor":48,"gold_loss":0,"cards_obtained":["Sucker Punch"]}],"is_beta":false,"boss_relics":[{"not_picked":["Eternal Feather","Fusion Hammer"],"picked":"WristBlade"},{"not_picked":["Sozu","Orrery"],"picked":"Ring of the Serpent"}],"items_purged_floors":[29,37],"is_endless":false,"potions_floor_spawned":[2,6,14,16,20,24,36,38,44],"ascension_level":15}