{"gold_per_floor":[110,110,110,131,145,145,163,186,186,30,54,54,89,108,108,237,237,255,273,296,320,320,359,196,196,196,229,20,36,36,56,56,179,179,193,20,20,20,43,43,86,86,86,86,106,231,231,247,247,247],"floor_reached":51,"playtime":6105,"items_purged":["Defend_R","Defend_R"],"score":1208,"play_id":"78dd6cee-496d-4103-a7ff-eefe3cb8577a","local_time":"20190318142332","is_ascension_mode":true,"campfire_choices":[{"data":"Perfected Strike","floor":6.0,"key":"SMITH"},{"data":"Perfected Strike","floor":12.0,"key":"SMITH"},{"data":"Bash","floor":15.0,"key":"SMITH"},{"data":"Mayhem","floor":30.0,"key":"SMITH"},{"data":"Fiend Fire","floor":32.0,"key":"SMITH"},{"data":"Shrug It Off","floor":40.0,"key":"SMITH"},{"data":"Flame Barrier","floor":42.0,"key":"SMITH"},{"data":"Pommel Strike","floor":44.0,"key":"SMITH"},{"data":"Shrug It Off","floor":49.0,"key":"SMITH"}],"neow_cost":"NONE","seed_source_timestamp":262839499036189,"circlet_count":0,"master_deck":["AscendersBane","Strike_R","Strike_R","Strike_R","Strike_R","Strike_R","Defend_R","Bash+1","Perfected Strike+1","Perfected Strike+1","Shrug It Off+1","Flame Barrier+1","Pommel Strike+1","Fiend Fire+1","Second Wind","Offering","Shrug It Off+1","Cleave+1","Disarm","Wild Strike+1","Writhe","Decay","Pommel Strike+1","Perfected Strike+1","Feed","Shrug It Off+1","Flex+1","Injury","Twin Strike","Dual Wield+1","Regret","Headbutt+1"],"special_seed":0,"relics":["Black Blood","Golden Idol","Bag of Preparation","Blue Candle","Bag of Marbles","Cursed Key","Centennial Puzzle","Frozen Egg 2","Pear","Red Mask","Membership Card","Toxic Egg 2","Dream Catcher","Lantern","Nunchaku","Bottled Flame"],"potions_floor_usage":[50,50],"damage_taken":[{"damage":2.0,"enemies":"Jaw Worm","floor":1.0,"turns":4.0},{"damage":1.0,"enemies":"Cultist","floor":4.0,"turns":3.0},{"damage":0.0,"enemies":"Small Slimes","floor":5.0,"turns":2.0},{"damage":6.0,"enemies":"Exordium Thugs","floor":7.0,"turns":4.0},{"damage":0.0,"enemies":"Large Slime","floor":8.0,"turns":3.0},{"damage":0.0,"enemies":"3 Louse","floor":11.0,"turns":4.0},{"damage":20.0,"enemies":"Gremlin Nob","floor":13.0,"turns":4.0},{"damage":0.0,"enemies":"Looter","floor":14.0,"turns":1.0},{"damage":35.0,"enemies":"The Guardian","floor":16.0,"turns":10.0},{"damage":11.0,"enemies":"Spheric Guardian","floor":18.0,"turns":3.0},{"damage":6.0,"enemies":"Chosen","floor":19.0,"turns":1.0},{"damage":31.0,"enemies":"Sentry and Sphere","floor":20.0,"turns":4.0},{"damage":15.0,"enemies":"Snake Plant","floor":21.0,"turns":3.0},{"damage":6.0,"enemies":"Gremlin Leader","floor":23.0,"turns":3.0},{"damage":7.0,"enemies":"Masked Bandits","floor":27.0,"turns":2.0},{"damage":8.0,"enemies":"3 Cultists","floor":29.0,"turns":3.0},{"damage":7.0,"enemies":"Shelled Parasite and Fungi","floor":31.0,"turns":2.0},{"damage":44.0,"enemies":"Collector","floor":33.0,"turns":7.0},{"damage":15.0,"enemies":"3 Shapes","floor":35.0,"turns":2.0},{"damage":1.0,"enemies":"Orb Walker","floor":39.0,"turns":2.0},{"damage":7.0,"enemies":"Reptomancer","floor":41.0,"turns":2.0},{"damage":15.0,"enemies":"Sphere and 2 Shapes","floor":45.0,"turns":3.0},{"damage":7.0,"enemies":"Mind Bloom Boss Battle","floor":46.0,"turns":1.0},{"damage":19.0,"enemies":"4 Shapes","floor":48.0,"turns":6.0},{"damage":78,"enemies":"Donu and Deca","floor":50,"turns":8}],"seed_played":"-4084548771068771705","potions_obtained":[{"floor":1.0,"key":"SteroidPotion"},{"floor":5.0,"key":"Swift Potion"},{"floor":13.0,"key":"Swift Potion"},{"floor":16.0,"key":"Swift Potion"},{"floor":20.0,"key":"PowerPotion"},{"floor":33.0,"key":"SkillPotion"},{"floor":46.0,"key":"FearPotion"},{"floor":48.0,"key":"AttackPotion"}],"is_trial":false,"path_per_floor":["M","?","T","M","M","R","M","M","T","$","M","R","E","M","R","B",null,"M","M","M","M","?","E","$","?","T","?","$","M","R","M","R","B",null,"M","$","?","$","M","R","E","R","T","R","M","?","T","M","R","B",null],"character_chosen":"IRONCLAD","items_purchased":["Flame Barrier","Mayhem","Membership Card","Toxic Egg 2"],"campfire_rested":0,"item_purchase_floors":[10,24,28,36],"current_hp_per_floor":[84,62,62,67,73,73,73,79,79,79,85,85,71,77,77,48,78,73,73,48,39,39,39,39,39,49,48,48,46,46,45,45,7,75,70,70,70,70,79,79,85,85,85,85,83,89,89,80,80,12],"gold":247,"neow_bonus":"TEN_PERCENT_HP_BONUS","is_prod":false,"is_daily":false,"chose_seed":false,"campfire_upgraded":9,"win_rate":0,"timestamp":1552886612,"path_taken":["M","?","?","M","M","R","M","M","T","$","M","R","E","M","R","BOSS","M","?","M","M","?","E","?","?","T","?","$","M","R","M","R","BOSS","M","$","?","$","M","R","E","R","T","R","M","?","?","M","R","BOSS"],"build_version":"2019-01-23","purchased_purges":2,"victory":true,"max_hp_per_floor":[88,88,88,88,88,88,88,88,88,88,88,88,88,88,88,88,88,88,88,88,88,88,88,88,88,98,98,98,98,98,98,98,98,98,98,98,98,98,98,98,101,101,101,101,104,107,107,107,107,107],"card_choices":[{"not_picked":["Clothesline","Feel No Pain"],"picked":"Perfected Strike","floor":1.0},{"not_picked":["Twin Strike","Iron Wave"],"picked":"Perfected Strike","floor":4.0},{"not_picked":["True Grit","Hemokinesis","Havoc"],"picked":"SKIP","floor":5.0},{"not_picked":["Flex","Intimidate","Heavy Blade"],"picked":"SKIP","floor":7.0},{"not_picked":["Thunderclap","Dual Wield"],"picked":"Shrug It Off","floor":8.0},{"not_picked":["Havoc","Searing Blow"],"picked":"Pommel Strike","floor":11.0},{"not_picked":["Wild Strike","Rampage"],"picked":"Fiend Fire","floor":13.0},{"not_picked":["Thunderclap","Clash"],"picked":"Second Wind","floor":14.0},{"not_picked":["Immolate","Brutality"],"picked":"Offering","floor":16.0},{"not_picked":["Burning Pact","Anger"],"picked":"Shrug It Off","floor":18.0},{"not_picked":["True Grit+1","Flex"],"picked":"Cleave+1","floor":19.0},{"not_picked":["Flex","Warcry"],"picked":"Disarm","floor":20.0},{"not_picked":["Shrug It Off","Spot Weakness+1"],"picked":"Wild Strike+1","floor":21.0},{"not_picked":["Clothesline","Infernal Blade","Berserk"],"picked":"SKIP","floor":23.0},{"not_picked":["Armaments","Heavy Blade"],"picked":"Pommel Strike+1","floor":27.0},{"not_picked":["Pummel+1","Burning Pact+1","Heavy Blade"],"picked":"SKIP","floor":29.0},{"not_picked":["Headbutt","Corruption+1"],"picked":"Perfected Strike+1","floor":31.0},{"not_picked":["Bludgeon","Fiend Fire"],"picked":"Feed","floor":33.0},{"not_picked":["Heavy Blade+1","Sword Boomerang+1"],"picked":"Shrug It Off+1","floor":35.0},{"not_picked":["Sword Boomerang+1","Pummel","Body Slam"],"picked":"SKIP","floor":39.0},{"not_picked":["Ghostly Armor+1","Warcry+1"],"picked":"Flex+1","floor":41.0},{"not_picked":["Dropkick+1","Rupture+1"],"picked":"Twin Strike","floor":45.0},{"not_picked":["Flex+1","Perfected Strike"],"picked":"Dual Wield+1","floor":46.0},{"not_picked":["Pummel+1","Shrug It Off+1"],"picked":"Headbutt+1","floor":48.0}],"player_experience":406119,"relics_obtained":[{"floor":3.0,"key":"Bag of Preparation"},{"floor":9.0,"key":"Blue Candle"},{"floor":13.0,"key":"Bag of Marbles"},{"floor":23.0,"key":"Centennial Puzzle"},{"floor":26.0,"key":"Pear"},{"floor":27.0,"key":"Red Mask"},{"floor":41.0,"key":"Dream Catcher"},{"floor":43.0,"key":"Lantern"},{"floor":46.0,"key":"Nunchaku"},{"floor":47.0,"key":"Bottled Flame"}],"event_choices":[{"damage_healed":0.0,"max_hp_gain":0.0,"max_hp_loss":0.0,"gold_gain":0.0,"event_name":"Golden Idol","player_choice":"Take Damage","floor":2.0,"gold_loss":0.0,"damage_taken":22.0,"relics_obtained":["Golden Idol"]},{"cards_removed":["Defend_R"],"damage_healed":0.0,"max_hp_gain":0.0,"max_hp_loss":0.0,"gold_gain":0.0,"event_name":"Purifier","player_choice":"Purged","floor":22.0,"gold_loss":0.0,"damage_taken":0.0},{"damage_healed":0.0,"max_hp_gain":0.0,"max_hp_loss":0.0,"gold_gain":0.0,"event_name":"The Mausoleum","player_choice":"Opened","floor":25.0,"gold_loss":0.0,"damage_taken":0.0,"relics_obtained":["Frozen Egg 2"],"cards_obtained":["Writhe"]},{"damage_healed":0.0,"max_hp_gain":0.0,"max_hp_loss":0.0,"gold_gain":0.0,"event_name":"Masked Bandits","player_choice":"Fought Bandits","floor":27.0,"gold_loss":0.0,"damage_taken":0.0},{"cards_removed":["Mayhem"],"damage_healed":0.0,"max_hp_gain":0.0,"max_hp_loss":0.0,"gold_gain":0.0,"event_name":"Falling","player_choice":"Removed Power","floor":37.0,"gold_loss":0.0,"damage_taken":0.0},{"damage_healed":0.0,"max_hp_gain":0.0,"max_hp_loss":0.0,"gold_gain":0.0,"event_name":"MindBloom","player_choice":"Fight","floor":46.0,"gold_loss":0.0,"damage_taken":0.0}],"is_beta":false,"boss_relics":[{"not_picked":["Eternal Feather","Runic Cube"],"picked":"Cursed Key"},{"not_picked":["White Beast Statue","Runic Pyramid"],"picked":"Black Blood"}],"items_purged_floors":[10,36],"is_endless":false,"potions_floor_spawned":[1,5,13,16,20,21,33,46,48],"ascension_level":11}