{"gold_per_floor":[114,114,132,147,147,174,174,209,509,509,522,522,548,563,563,640,640,650,666,666,96,112,112,112],"floor_reached":24,"playtime":1499,"items_purged":["Defend_B"],"score":392,"play_id":"cfb3e1bd-7868-4f40-8faf-83e900b0122a","local_time":"20190415130610","is_ascension_mode":true,"campfire_choices":[{"data":"Recycle","floor":7,"key":"SMITH"},{"data":"Reinforced Body","floor":12,"key":"SMITH"},{"floor":15,"key":"REST"},{"data":"Creative AI","floor":23,"key":"SMITH"}],"neow_cost":"NONE","seed_source_timestamp":10467619835237,"circlet_count":0,"master_deck":["AscendersBane","Strike_B","Strike_B","Defend_B","Defend_B","Defend_B","Zap","Dualcast","Cold Snap","Ball Lightning","Recycle+1","Conserve Battery","Reinforced Body+1","Loop","Coolheaded","Creative AI+1","Coolheaded","Melter","Capacitor","Secret Technique"],"special_seed":0,"relics":["Cracked Core","NeowsBlessing","Bird Faced Urn","Nunchaku","Mango","Old Coin","Lantern","Calling Bell","Thread and Needle","Darkstone Periapt","Bag of Marbles","Membership Card","DataDisk","Pear"],"potions_floor_usage":[6,13,14,16],"damage_taken":[{"damage":0.0,"enemies":"Jaw Worm","floor":1.0,"turns":1.0},{"damage":0.0,"enemies":"Small Slimes","floor":3.0,"turns":1.0},{"damage":0.0,"enemies":"2 Louse","floor":4.0,"turns":1.0},{"damage":28,"enemies":"3 Sentries","floor":6,"turns":9},{"damage":16,"enemies":"Lagavulin","floor":8,"turns":7},{"damage":6,"enemies":"Exordium Wildlife","floor":11,"turns":4},{"damage":24,"enemies":"3 Sentries","floor":13,"turns":9},{"damage":1,"enemies":"Gremlin Gang","floor":14,"turns":5},{"damage":28,"enemies":"The Guardian","floor":16,"turns":18},{"damage":17,"enemies":"Shell Parasite","floor":18,"turns":12},{"damage":6,"enemies":"Chosen","floor":19,"turns":7},{"damage":25,"enemies":"Snake Plant","floor":22,"turns":6},{"damage":107,"enemies":"Gremlin Leader","floor":24,"turns":7}],"seed_played":"-7787371337200517071","potions_obtained":[{"floor":3.0,"key":"Regen Potion"},{"floor":8,"key":"EssenceOfSteel"},{"floor":13,"key":"FocusPotion"},{"floor":14,"key":"FearPotion"}],"is_trial":false,"path_per_floor":["M","?","M","M","?","E","R","E","T","?","M","R","E","M","R","B",null,"M","M","?","$","M","R","E"],"character_chosen":"DEFECT","items_purchased":["Membership Card","DataDisk","Capacitor","Secret Technique","Pear"],"campfire_rested":1,"item_purchase_floors":[21,21,21,21,21],"current_hp_per_floor":[64,61,61,61,61,48,48,46,46,46,40,40,18,19,44,18,68,75,85,85,95,82,82,0],"gold":112,"neow_bonus":"THREE_ENEMY_KILL","is_prod":false,"is_daily":false,"chose_seed":false,"campfire_upgraded":3,"win_rate":0,"timestamp":1555301170,"path_taken":["M","?","M","M","?","E","R","E","T","?","M","R","E","M","R","BOSS","M","M","?","$","?","R","E"],"build_version":"2019-01-23","purchased_purges":1,"victory":false,"max_hp_per_floor":[71,71,71,71,71,71,71,85,85,85,85,85,85,85,85,85,85,85,85,85,95,95,95,95],"card_choices":[{"not_picked":["Redo","Compile Driver"],"picked":"Cold Snap","floor":1.0},{"not_picked":["Stack","Barrage"],"picked":"Ball Lightning","floor":3.0},{"not_picked":["Beam Cell","Multi-Cast"],"picked":"Recycle","floor":4.0},{"not_picked":["Heatsinks","Compile Driver"],"picked":"Conserve Battery","floor":6},{"not_picked":["Doom and Gloom","Compile Driver"],"picked":"Reinforced Body","floor":8},{"not_picked":["Leap","Beam Cell"],"picked":"Loop","floor":11},{"not_picked":["Beam Cell","Reprogram"],"picked":"Coolheaded","floor":13},{"not_picked":["Force Field","Hologram","Leap"],"picked":"SKIP","floor":14},{"not_picked":["Thunder Strike","Reboot"],"picked":"Creative AI","floor":16},{"not_picked":["Recycle","Beam Cell"],"picked":"Coolheaded","floor":18},{"not_picked":["Go for the Eyes","Cold Snap"],"picked":"Melter","floor":19},{"not_picked":["Stack","Beam Cell","Sweeping Beam"],"picked":"SKIP","floor":22}],"player_experience":577263,"relics_obtained":[{"floor":6,"key":"Nunchaku"},{"floor":8,"key":"Mango"},{"floor":9,"key":"Old Coin"},{"floor":13,"key":"Lantern"},{"floor":17,"key":"Thread and Needle"},{"floor":17,"key":"Darkstone Periapt"},{"floor":17,"key":"Bag of Marbles"}],"event_choices":[{"damage_healed":0.0,"max_hp_gain":0.0,"max_hp_loss":0.0,"gold_gain":0.0,"event_name":"Scrap Ooze","player_choice":"Success","floor":2.0,"gold_loss":0.0,"damage_taken":3.0,"relics_obtained":["Bird Faced Urn"]},{"cards_removed":["Strike_B"],"damage_healed":0,"gold_gain":0,"player_choice":"Forget","damage_taken":0,"max_hp_gain":0,"max_hp_loss":0,"event_name":"Living Wall","floor":5,"gold_loss":0},{"damage_healed":0,"gold_gain":0,"player_choice":"Ignored","damage_taken":0,"max_hp_gain":0,"max_hp_loss":0,"event_name":"Liars Game","floor":10,"gold_loss":0},{"cards_removed":["Strike_B"],"damage_healed":0,"gold_gain":0,"player_choice":"Purged","damage_taken":0,"max_hp_gain":0,"max_hp_loss":0,"event_name":"Purifier","floor":20,"gold_loss":0}],"is_beta":false,"boss_relics":[{"not_picked":["Runic Dome","Black Star"],"picked":"Calling Bell"}],"items_purged_floors":[21],"is_endless":false,"potions_floor_spawned":[3,8,13,14],"killed_by":"Gremlin Leader","ascension_level":14}