{"gold_per_floor":[12,29,29,44,9,9,20,20,20,195,195,7,20,35,35,130,130,146],"floor_reached":18,"playtime":1006,"items_purged":[],"score":154,"play_id":"d5c8466e-218a-4572-ad01-a6d875f1f864","local_time":"20190303185616","is_ascension_mode":false,"campfire_choices":[{"floor":8,"key":"DIG"},{"floor":11,"key":"DIG"},{"floor":15,"key":"DIG"}],"neow_cost":"NO_GOLD","seed_source_timestamp":2203266328450,"circlet_count":0,"master_deck":["Strike_B","Strike_B","Strike_B","Strike_B","Defend_B","Defend_B","Defend_B","Defend_B","Zap","Dualcast","Echo Form","Stack","Aggregate","Stack","White Noise","Doubt","FTL","Leap","Stack","Seek","Storm"],"relics":["Cracked Core","Shovel","Anchor","Mercury Hourglass","Strawberry","PreservedInsect","Vajra","Runic Pyramid"],"potions_floor_usage":[],"damage_taken":[{"damage":7,"enemies":"2 Louse","floor":1,"turns":3},{"damage":0,"enemies":"Cultist","floor":2,"turns":5},{"damage":3,"enemies":"Small Slimes","floor":4,"turns":3},{"damage":15,"enemies":"3 Louse","floor":7,"turns":5},{"damage":1,"enemies":"Blue Slaver","floor":13,"turns":4},{"damage":12,"enemies":"Exordium Thugs","floor":14,"turns":4},{"damage":32,"enemies":"Slime Boss","floor":16,"turns":12},{"damage":28,"enemies":"3 Byrds","floor":18,"turns":5}],"seed_played":"-3953709086005821294","potions_obtained":[{"floor":3,"key":"Swift Potion"},{"floor":3,"key":"SteroidPotion"},{"floor":3,"key":"Weak Potion"},{"floor":7,"key":"Energy Potion"}],"is_trial":false,"path_per_floor":["M","M","?","M","?","?","M","R","T","?","R","$","M","M","R","B",null,"M"],"character_chosen":"DEFECT","items_purchased":["PreservedInsect","FTL"],"campfire_rested":0,"item_purchase_floors":[12,12],"current_hp_per_floor":[68,68,68,65,75,68,53,53,53,53,60,60,59,47,47,15,82,54],"gold":146,"neow_bonus":"THREE_RARE_CARDS","is_prod":false,"is_daily":false,"chose_seed":false,"campfire_upgraded":0,"win_rate":0.0,"timestamp":1551606976,"path_taken":["M","M","?","?","?","?","M","R","T","?","R","?","M","?","R","BOSS","M"],"build_version":"2019-01-23","purchased_purges":0,"victory":false,"max_hp_per_floor":[75,75,75,75,75,75,75,75,75,75,82,82,82,82,82,82,82,82],"card_choices":[{"not_picked":["Multi-Cast","Electrodynamics"],"picked":"Echo Form","floor":0},{"not_picked":["Gash","White Noise"],"picked":"Stack","floor":1},{"not_picked":["Undo","Melter"],"picked":"Aggregate","floor":2},{"not_picked":["Consume","Beam Cell"],"picked":"Stack","floor":4},{"not_picked":["Fission","Rebound"],"picked":"White Noise","floor":7},{"not_picked":["Ball Lightning","Sweeping Beam"],"picked":"Leap","floor":13},{"not_picked":["Melter","Glacier"],"picked":"Stack","floor":14},{"not_picked":["Echo Form","Rainbow"],"picked":"Seek","floor":16},{"not_picked":["Compile Driver+1","Hologram"],"picked":"Storm","floor":18}],"player_experience":27211,"relics_obtained":[{"floor":8,"key":"Anchor"},{"floor":9,"key":"Mercury Hourglass"},{"floor":11,"key":"Strawberry"},{"floor":15,"key":"Vajra"}],"event_choices":[{"damage_healed":0,"gold_gain":0,"player_choice":"Got Potions","damage_taken":0,"max_hp_gain":0,"max_hp_loss":0,"event_name":"Lab","floor":3,"gold_loss":0},{"damage_healed":18,"gold_gain":0,"player_choice":"Healed","damage_taken":0,"max_hp_gain":0,"max_hp_loss":0,"event_name":"The Cleric","floor":5,"gold_loss":35},{"damage_healed":0,"gold_gain":0,"player_choice":"Success","damage_taken":7,"relics_obtained":["Shovel"],"max_hp_gain":0,"max_hp_loss":0,"event_name":"Scrap Ooze","floor":6,"gold_loss":0},{"damage_healed":0,"gold_gain":175,"player_choice":"AGREE","damage_taken":0,"max_hp_gain":0,"max_hp_loss":0,"event_name":"Liars Game","floor":10,"gold_loss":0,"cards_obtained":["Doubt"]}],"is_beta":false,"boss_relics":[{"not_picked":["Tiny House","Runic Dome"],"picked":"Runic Pyramid"}],"items_purged_floors":[],"is_endless":false,"potions_floor_spawned":[7,13],"killed_by":"3 Byrds","ascension_level":0}