{"gold_per_floor":[113,32,45,60,72,72,88,88,88,115,115,133,133,4,4,107,107,119,134,44,55,67,67,97,97,180,199,199,216,243,260,260,362,362,382,400,400,416,416,445,445,471,541,567,567,586,26,45,45,45,45,45,19,44,44],"floor_reached":56,"playtime":4717,"items_purged":["Scrape"],"score":1784,"play_id":"bfcf047f-db4f-4138-8500-3975e256aaf2","local_time":"20190411192059","is_ascension_mode":true,"campfire_choices":[{"floor":6,"key":"REST"},{"data":"Zap","floor":8,"key":"SMITH"},{"data":"Beam Cell","floor":11,"key":"SMITH"},{"data":"Streamline","floor":15,"key":"SMITH"},{"data":"Creative AI","floor":23,"key":"SMITH"},{"data":"Coolheaded","floor":25,"key":"SMITH"},{"data":"Buffer","floor":32,"key":"SMITH"},{"floor":41,"key":"RECALL"},{"floor":49,"key":"REST"},{"floor":52,"key":"REST"}],"neow_cost":"NONE","seed_source_timestamp":23511196698914,"circlet_count":0,"master_deck":["AscendersBane","Strike_B","Strike_B","Defend_B+1","Defend_B","Defend_B","Defend_B","Zap+1","Dualcast","Meteor Strike","Self Repair","Beam Cell+1","Hologram","Rebound+1","Streamline+1","Cold Snap","Core Surge","Conserve Battery+1","Self Repair","Creative AI+1","Loop+1","Undo+1","Storm+1","Static Discharge+1","Coolheaded+1","Hologram","Lockon+1","Buffer+1","Cold Snap+1","Core Surge+1","Conserve Battery+1","Steam+1","Electrodynamics","Self Repair+1","Core Surge+1","Hologram+1","Heatsinks","Go for the Eyes+1","Coolheaded+1","Barrage+1","White Noise"],"relics":["FrozenCore","Meat on the Bone","Mummified Hand","Molten Egg 2","Anchor","Tiny Chest","Lantern","Fusion Hammer","Question Card","Symbiotic Virus","Bronze Scales","Letter Opener","Lee\u0027s Waffle","War Paint","Bag of Marbles"],"potions_floor_usage":[16,24,29,30,36,50,55],"damage_taken":[{"damage":1,"enemies":"Cultist","floor":1,"turns":4},{"damage":4,"enemies":"Small Slimes","floor":3,"turns":3},{"damage":7,"enemies":"Jaw Worm","floor":4,"turns":3},{"damage":35,"enemies":"Gremlin Gang","floor":5,"turns":5},{"damage":13,"enemies":"Blue Slaver","floor":7,"turns":2},{"damage":14,"enemies":"Gremlin Nob","floor":10,"turns":4},{"damage":0,"enemies":"3 Louse","floor":12,"turns":2},{"damage":34,"enemies":"Slime Boss","floor":16,"turns":9},{"damage":18,"enemies":"3 Byrds","floor":18,"turns":6},{"damage":14,"enemies":"Shell Parasite","floor":19,"turns":6},{"damage":9,"enemies":"Snake Plant","floor":21,"turns":6},{"damage":16,"enemies":"Sentry and Sphere","floor":22,"turns":4},{"damage":32,"enemies":"Book of Stabbing","floor":24,"turns":5},{"damage":17,"enemies":"Centurion and Healer","floor":27,"turns":5},{"damage":12,"enemies":"Snake Plant","floor":29,"turns":5},{"damage":7,"enemies":"Gremlin Leader","floor":30,"turns":5},{"damage":11,"enemies":"Sentry and Sphere","floor":31,"turns":4},{"damage":17,"enemies":"Champ","floor":33,"turns":9},{"damage":0,"enemies":"3 Shapes","floor":35,"turns":5},{"damage":25,"enemies":"3 Darklings","floor":36,"turns":5},{"damage":3,"enemies":"Sphere and 2 Shapes","floor":38,"turns":4},{"damage":0,"enemies":"Giant Head","floor":40,"turns":7},{"damage":0,"enemies":"Nemesis","floor":42,"turns":6},{"damage":63,"enemies":"Giant Head","floor":44,"turns":10},{"damage":22,"enemies":"Maw","floor":46,"turns":5},{"damage":0,"enemies":"Transient","floor":48,"turns":5},{"damage":40,"enemies":"Time Eater","floor":50,"turns":9},{"damage":34,"enemies":"Shield and Spear","floor":54,"turns":5},{"damage":90,"enemies":"The Heart","floor":55,"turns":8}],"seed_played":"-6881239447593508053","potions_obtained":[{"floor":1,"key":"PowerPotion"},{"floor":5,"key":"SpeedPotion"},{"floor":7,"key":"Energy Potion"},{"floor":18,"key":"GamblersBrew"},{"floor":22,"key":"Block Potion"},{"floor":31,"key":"Swift Potion"},{"floor":33,"key":"FairyPotion"},{"floor":38,"key":"Strength Potion"},{"floor":44,"key":"PowerPotion"},{"floor":46,"key":"Ancient Potion"}],"is_trial":false,"path_per_floor":["M","$","M","M","M","R","M","R","T","E","R","M","?","$","R","B",null,"M","M","?","M","M","R","E","R","T","M","?","M","E","M","R","B",null,"M","M","?","M","T","E","R","E","T","E","?","M","$","M","R","B",null,"R","$","E","B",null],"character_chosen":"DEFECT","items_purchased":["Self Repair","Beam Cell","Conserve Battery","Self Repair","Heatsinks","Lee\u0027s Waffle","War Paint","Go for the Eyes+1","Barrage+1"],"campfire_rested":3,"item_purchase_floors":[2,2,14,14,47,47,47,47,53],"current_hp_per_floor":[67,67,63,63,28,50,44,44,44,49,49,49,49,49,49,41,67,63,63,63,68,59,59,46,46,46,55,55,50,57,60,60,50,69,75,64,64,75,75,75,75,75,75,48,48,62,82,82,82,66,78,82,82,72,44],"gold":44,"neow_bonus":"ONE_RANDOM_RARE_CARD","is_prod":false,"is_daily":false,"chose_seed":false,"campfire_upgraded":6,"win_rate":0,"timestamp":1555003259,"path_taken":["M","$","M","M","?","R","M","R","T","E","R","M","?","$","R","BOSS","M","M","?","M","M","R","E","R","T","?","?","M","E","M","R","BOSS","M","M","?","?","?","E","R","E","T","E","?","M","$","M","R","BOSS","R","$","E","BOSS"],"build_version":"2019-01-23","purchased_purges":1,"victory":true,"max_hp_per_floor":[75,75,75,75,75,75,75,75,75,75,75,75,75,75,75,75,75,75,75,75,75,75,75,75,75,75,75,75,75,75,75,75,75,75,75,75,75,75,75,75,75,75,75,75,75,75,82,82,82,82,82,82,82,82,82],"card_choices":[{"not_picked":["Undo","Hologram"],"picked":"Scrape","floor":1},{"not_picked":["Stack","Redo"],"picked":"Hologram","floor":3},{"not_picked":["Stack","Self Repair"],"picked":"Rebound","floor":4},{"not_picked":["Barrage","Hologram"],"picked":"Streamline","floor":5},{"not_picked":["Go for the Eyes","Scrape"],"picked":"Cold Snap","floor":7},{"not_picked":["Loop","Barrage"],"picked":"Core Surge","floor":10},{"not_picked":["Chaos","Compile Driver","Gash"],"picked":"SKIP","floor":12},{"not_picked":["Meteor Strike+1","Hyperbeam+1"],"picked":"Creative AI","floor":16},{"not_picked":["Fusion+1","Blizzard+1"],"picked":"Loop+1","floor":18},{"not_picked":["Barrage+1","Scrape+1"],"picked":"Undo+1","floor":19},{"not_picked":["Stack","Steam Power"],"picked":"Storm+1","floor":21},{"not_picked":["Double Energy+1","Ball Lightning+1"],"picked":"Static Discharge+1","floor":22},{"not_picked":["Genetic Algorithm","Streamline+1"],"picked":"Coolheaded","floor":24},{"not_picked":["Coolheaded","Steam Power"],"picked":"Hologram","floor":27},{"not_picked":["Double Energy","Turbo"],"picked":"Lockon+1","floor":29},{"not_picked":["Glacier","Sunder+1"],"picked":"Buffer","floor":30},{"not_picked":["Auto Shields","Blizzard+1"],"picked":"Cold Snap+1","floor":31},{"not_picked":["Amplify","Rainbow"],"picked":"Core Surge+1","floor":33},{"not_picked":["Rebound+1","BootSequence+1"],"picked":"Conserve Battery+1","floor":35},{"not_picked":["Steam+1","Redo","Lockon+1"],"picked":"SKIP","floor":36},{"not_picked":["Chaos","Turbo+1"],"picked":"Steam+1","floor":38},{"not_picked":["Compile Driver+1","Doom and Gloom+1","Beam Cell+1"],"picked":"Electrodynamics","floor":40},{"not_picked":["Compile Driver+1","Rip and Tear+1","Sweeping Beam+1"],"picked":"Self Repair+1","floor":42},{"not_picked":["Beam Cell+1","Barrage+1","Turbo+1"],"picked":"Core Surge+1","floor":44},{"not_picked":["Beam Cell+1","Double Energy+1","Steam Power+1"],"picked":"Hologram+1","floor":46},{"not_picked":["Echo Form","Leap","Reprogram+1"],"picked":"Coolheaded+1","floor":48},{"not_picked":["Aggregate+1","Self Repair","Force Field+1"],"picked":"White Noise","floor":54}],"player_experience":241337,"relics_obtained":[{"floor":9,"key":"Meat on the Bone"},{"floor":10,"key":"Mummified Hand"},{"floor":24,"key":"Anchor"},{"floor":26,"key":"Tiny Chest"},{"floor":30,"key":"Lantern"},{"floor":39,"key":"Question Card"},{"floor":40,"key":"Symbiotic Virus"},{"floor":42,"key":"Bronze Scales"},{"floor":44,"key":"Letter Opener"},{"floor":54,"key":"Bag of Marbles"}],"event_choices":[{"damage_healed":0,"gold_gain":0,"player_choice":"Searched \u00272\u0027 times","damage_taken":0,"relics_obtained":["Molten Egg 2"],"max_hp_gain":0,"max_hp_loss":0,"event_name":"Dead Adventurer","floor":13,"gold_loss":0},{"cards_removed":["Strike_B"],"damage_healed":0,"gold_gain":0,"player_choice":"Upgrade and Remove","damage_taken":0,"max_hp_gain":0,"max_hp_loss":0,"event_name":"Designer","floor":20,"gold_loss":90,"cards_upgraded":["Rebound"]},{"damage_healed":0,"gold_gain":0,"player_choice":"Ignored","damage_taken":0,"max_hp_gain":0,"max_hp_loss":0,"event_name":"Vampires","floor":28,"gold_loss":0},{"cards_removed":["Strike_B"],"damage_healed":0,"gold_gain":0,"player_choice":"Offered Basic","damage_taken":0,"max_hp_gain":0,"max_hp_loss":0,"event_name":"Bonfire Elementals","floor":37,"gold_loss":0},{"damage_healed":0,"gold_gain":0,"player_choice":"Ignored","damage_taken":0,"max_hp_gain":0,"max_hp_loss":0,"event_name":"Mysterious Sphere","floor":45,"gold_loss":0}],"is_beta":false,"boss_relics":[{"not_picked":["Astrolabe","Orrery"],"picked":"FrozenCore"},{"not_picked":["Black Star","Inserter"],"picked":"Fusion Hammer"}],"items_purged_floors":[47],"is_endless":false,"potions_floor_spawned":[1,5,7,12,18,21,22,31,33,38,44,46],"ascension_level":10}