{"gold_per_floor":[110,110,62,62,62,87,87,103,103,432,443,469,469,489,489,585,585,560,575,251,201,23,23,23,49,49,49,76,76,76,90,90,195,195,210,210,15,29,42,42,42,61,87,119,135,135,135,151,151,151],"floor_reached":51,"playtime":2024,"items_purged":["Strike_R","Strike_R","Reckless Charge+1"],"score":1147,"play_id":"59a014a2-78de-488a-86f2-148f5bc2b92f","local_time":"20190415083707","is_ascension_mode":true,"campfire_choices":[{"data":"Whirlwind","floor":7,"key":"SMITH"},{"data":"Metallicize","floor":13,"key":"SMITH"},{"data":"Shrug It Off","floor":15,"key":"SMITH"},{"data":"Heavy Blade","floor":23,"key":"SMITH"},{"floor":27,"key":"REST"},{"data":"Seeing Red","floor":30,"key":"SMITH"},{"floor":32,"key":"REST"},{"floor":40,"key":"REST"},{"floor":46,"key":"REST"},{"data":"True Grit","floor":49,"key":"SMITH"}],"neow_cost":"NONE","seed_source_timestamp":478112425439170,"circlet_count":0,"master_deck":["AscendersBane","Defend_R","Defend_R","Defend_R","Bash","Whirlwind+1","Shrug It Off+1","Shrug It Off","Pommel Strike+1","Flex","Metallicize+1","Heavy Blade+1","Double Tap","Demon Form+1","Intimidate+1","True Grit+1","Offering","Feed+1","Seeing Red+1","Heavy Blade","Offering","True Grit+1","Limit Break","Parasite","Armaments+1","Whirlwind+1"],"relics":["Burning Blood","NeowsBlessing","Pen Nib","Meat on the Bone","Orichalcum","Old Coin","Boot","Astrolabe","Mercury Hourglass","Incense Burner","Darkstone Periapt","Whetstone","Sozu","Bronze Scales","Juzu Bracelet"],"potions_floor_usage":[12,16,18,25,50,50],"damage_taken":[{"damage":0,"enemies":"Cultist","floor":1,"turns":1},{"damage":0,"enemies":"Gremlin Nob","floor":6,"turns":1},{"damage":0,"enemies":"Small Slimes","floor":8,"turns":1},{"damage":41,"enemies":"Lagavulin","floor":10,"turns":8},{"damage":1,"enemies":"Jaw Worm","floor":11,"turns":3},{"damage":6,"enemies":"3 Sentries","floor":12,"turns":7},{"damage":13,"enemies":"3 Louse","floor":14,"turns":3},{"damage":29,"enemies":"The Guardian","floor":16,"turns":11},{"damage":33,"enemies":"2 Thieves","floor":18,"turns":5},{"damage":8,"enemies":"Chosen","floor":19,"turns":5},{"damage":24,"enemies":"Gremlin Leader","floor":25,"turns":4},{"damage":38,"enemies":"Book of Stabbing","floor":28,"turns":7},{"damage":11,"enemies":"Snecko","floor":31,"turns":5},{"damage":23,"enemies":"Champ","floor":33,"turns":7},{"damage":24,"enemies":"3 Darklings","floor":35,"turns":3},{"damage":14,"enemies":"3 Shapes","floor":38,"turns":3},{"damage":40,"enemies":"Transient","floor":39,"turns":5},{"damage":6,"enemies":"3 Darklings","floor":42,"turns":2},{"damage":46,"enemies":"Nemesis","floor":44,"turns":5},{"damage":28,"enemies":"Writhing Mass","floor":45,"turns":4},{"damage":16,"enemies":"Maw","floor":48,"turns":5},{"damage":32,"enemies":"Donu and Deca","floor":50,"turns":6}],"seed_played":"3062051787676745391","potions_obtained":[{"floor":1,"key":"Block Potion"},{"floor":11,"key":"SneckoOil"},{"floor":14,"key":"Strength Potion"},{"floor":18,"key":"Dexterity Potion"},{"floor":19,"key":"Strength Potion"},{"floor":31,"key":"FairyPotion"},{"floor":33,"key":"Dexterity Potion"}],"is_trial":false,"path_per_floor":["M","?","$","?","$","E","R","M","T","E","M","E","R","M","R","B",null,"M","M","$","?","$","R","$","E","T","R","E","?","R","M","R","B",null,"M","?","$","M","M","R","?","M","T","E","M","R","$","M","R","B",null],"character_chosen":"IRONCLAD","items_purchased":["Shrug It Off","Mercury Hourglass","Offering","Limit Break"],"campfire_rested":4,"item_purchase_floors":[3,20,22,37],"current_hp_per_floor":[78,75,75,68,68,74,74,80,80,57,62,62,62,55,55,44,71,56,54,54,54,54,54,54,48,48,72,52,52,52,47,71,54,74,56,56,56,48,26,50,50,50,50,22,26,51,51,53,53,39],"gold":151,"neow_bonus":"THREE_ENEMY_KILL","is_prod":false,"is_daily":false,"chose_seed":false,"campfire_upgraded":6,"win_rate":0,"timestamp":1555328227,"path_taken":["M","?","$","?","?","E","R","M","T","E","M","E","R","M","R","BOSS","M","M","$","?","$","R","?","E","T","R","E","?","R","M","R","BOSS","M","?","$","M","M","R","?","M","T","E","M","R","$","M","R","BOSS"],"build_version":"2019-01-23","purchased_purges":3,"victory":true,"max_hp_per_floor":[80,80,80,80,80,80,80,80,80,80,80,80,80,80,80,80,80,80,80,80,80,80,80,80,80,80,80,80,80,80,80,80,80,80,80,80,80,80,80,80,80,80,80,80,86,86,86,86,86,86],"card_choices":[{"not_picked":["Flex","Wild Strike"],"picked":"Whirlwind","floor":1},{"not_picked":["Body Slam","Headbutt"],"picked":"Shrug It Off","floor":6},{"not_picked":["Havoc","Warcry"],"picked":"Pommel Strike","floor":8},{"not_picked":["Limit Break","Searing Blow","Infernal Blade"],"picked":"SKIP","floor":10},{"not_picked":["Combust","Infernal Blade"],"picked":"Flex","floor":11},{"not_picked":["Blood for Blood","Shockwave"],"picked":"Metallicize","floor":12},{"not_picked":["Warcry","Pommel Strike"],"picked":"Heavy Blade","floor":14},{"not_picked":["Offering","Berserk"],"picked":"Double Tap","floor":16},{"not_picked":["Cleave","Clash","Combust+1"],"picked":"SKIP","floor":18},{"not_picked":["Reckless Charge","Anger"],"picked":"True Grit+1","floor":19},{"not_picked":["Inflame","Metallicize"],"picked":"Feed","floor":25},{"not_picked":["Reckless Charge","Anger"],"picked":"Seeing Red","floor":28},{"not_picked":["Sword Boomerang","Armaments"],"picked":"Heavy Blade","floor":31},{"not_picked":["Juggernaut","Bludgeon"],"picked":"Offering","floor":33},{"not_picked":["Ghostly Armor+1","Corruption"],"picked":"True Grit","floor":35},{"not_picked":["Cleave+1","Iron Wave","Clothesline"],"picked":"SKIP","floor":38},{"not_picked":["Rage","Carnage","Rupture+1"],"picked":"SKIP","floor":39},{"not_picked":["Thunderclap","Cleave+1","True Grit+1"],"picked":"SKIP","floor":42},{"not_picked":["Flex","Evolve+1","Barricade"],"picked":"SKIP","floor":44},{"not_picked":["Anger","Inflame"],"picked":"Armaments+1","floor":45},{"not_picked":["Havoc","Heavy Blade+1"],"picked":"Whirlwind+1","floor":48}],"player_experience":199621,"relics_obtained":[{"floor":6,"key":"Meat on the Bone"},{"floor":9,"key":"Orichalcum"},{"floor":10,"key":"Old Coin"},{"floor":12,"key":"Boot"},{"floor":25,"key":"Incense Burner"},{"floor":26,"key":"Darkstone Periapt"},{"floor":28,"key":"Whetstone"},{"floor":43,"key":"Bronze Scales"},{"floor":44,"key":"Juzu Bracelet"}],"event_choices":[{"damage_healed":0,"gold_gain":0,"player_choice":"Success","damage_taken":3,"relics_obtained":["Pen Nib"],"max_hp_gain":0,"max_hp_loss":0,"event_name":"Scrap Ooze","floor":2,"gold_loss":0},{"cards_removed":["Strike_R"],"damage_healed":0,"gold_gain":0,"player_choice":"Card Removal","damage_taken":7,"max_hp_gain":0,"max_hp_loss":0,"event_name":"Golden Wing","floor":4,"gold_loss":0},{"damage_healed":0,"gold_gain":0,"player_choice":"Bet on Murderer","damage_taken":0,"max_hp_gain":0,"max_hp_loss":0,"event_name":"The Joust","floor":21,"gold_loss":50},{"damage_healed":0,"gold_gain":0,"player_choice":"Ignored","damage_taken":0,"max_hp_gain":0,"max_hp_loss":0,"event_name":"The Mausoleum","floor":29,"gold_loss":0},{"damage_healed":0,"gold_gain":0,"player_choice":"Memory 1","damage_taken":0,"max_hp_gain":0,"max_hp_loss":0,"event_name":"SensoryStone","floor":36,"gold_loss":0},{"damage_healed":0,"gold_gain":0,"player_choice":"Got Potions","damage_taken":0,"max_hp_gain":0,"max_hp_loss":0,"event_name":"Lab","floor":41,"gold_loss":0}],"is_beta":false,"boss_relics":[{"not_picked":["Pandora\u0027s Box","Calling Bell"],"picked":"Astrolabe"},{"not_picked":["Runic Pyramid","Philosopher\u0027s Stone"],"picked":"Sozu"}],"items_purged_floors":[20,22,37],"is_endless":false,"potions_floor_spawned":[1,11,14,18,19,31,33,38,44,48],"ascension_level":10}