{"gold_per_floor":[114,128,146,163,7,7,27,41,41,41,51,51,61,84,84,183,183,183,183,183,108,32,32,32,32,32,32,32,32,32,32,32,32],"floor_reached":33,"playtime":2115,"items_purged":["Strike_B"],"score":426,"play_id":"3bec8d5e-4acd-4538-95a8-d064d1ab81b4","local_time":"20190411230030","is_ascension_mode":true,"campfire_choices":[{"data":"Sunder","floor":6.0,"key":"SMITH"},{"floor":10.0,"key":"REST"},{"data":"Consume","floor":12.0,"key":"SMITH"},{"data":"Multi-Cast","floor":15.0,"key":"SMITH"},{"floor":23.0,"key":"REST"},{"floor":25,"key":"REST"},{"floor":27,"key":"REST"},{"data":"Machine Learning","floor":29,"key":"SMITH"},{"floor":32,"key":"REST"}],"neow_cost":"NONE","seed_source_timestamp":5993362840604,"circlet_count":0,"master_deck":["AscendersBane","Strike_B","Strike_B","Strike_B","Defend_B","Defend_B","Defend_B","Defend_B","Zap","Dualcast","Rainbow","Compile Driver","Gash","Leap","Coolheaded","Sunder+1","Consume+1","Multi-Cast+1","Genetic Algorithm+1","Conserve Battery+1","Glacier+1","Machine Learning+1","Recycle+1","Self Repair+1","Recycle+1","White Noise+1","Redo+1","Double Energy+1"],"special_seed":0,"relics":["Cracked Core","Toxic Egg 2","Odd Mushroom","Ectoplasm","Prayer Wheel","Frozen Egg 2","Incense Burner","Orichalcum","Bronze Scales"],"potions_floor_usage":[28],"damage_taken":[{"damage":0.0,"enemies":"2 Louse","floor":1.0,"turns":3.0},{"damage":1.0,"enemies":"Small Slimes","floor":2.0,"turns":4.0},{"damage":2.0,"enemies":"Jaw Worm","floor":3.0,"turns":4.0},{"damage":25.0,"enemies":"Exordium Wildlife","floor":4.0,"turns":7.0},{"damage":11.0,"enemies":"Looter","floor":7.0,"turns":2.0},{"damage":2.0,"enemies":"Red Slaver","floor":8.0,"turns":4.0},{"damage":1.0,"enemies":"Exordium Wildlife","floor":11.0,"turns":2.0},{"damage":4.0,"enemies":"Looter","floor":13.0,"turns":3.0},{"damage":18.0,"enemies":"The Mushroom Lair","floor":14.0,"turns":4.0},{"damage":18.0,"enemies":"Hexaghost","floor":16.0,"turns":15.0},{"damage":0.0,"enemies":"Chosen","floor":18.0,"turns":6.0},{"damage":15.0,"enemies":"Colosseum Slavers","floor":19.0,"turns":7.0},{"damage":8.0,"enemies":"Colosseum Nobs","floor":19.0,"turns":3.0},{"damage":1.0,"enemies":"2 Thieves","floor":21.0,"turns":5.0},{"damage":63,"enemies":"Gremlin Leader","floor":24,"turns":12},{"damage":22,"enemies":"Slavers","floor":28,"turns":6},{"damage":3,"enemies":"Chosen and Byrds","floor":31,"turns":9},{"damage":66,"enemies":"Champ","floor":33,"turns":23}],"seed_played":"-2086443816314637595","potions_obtained":[{"floor":2.0,"key":"GamblersBrew"},{"floor":11.0,"key":"AttackPotion"},{"floor":13.0,"key":"PowerPotion"},{"floor":14.0,"key":"Energy Potion"},{"floor":16.0,"key":"SkillPotion"},{"floor":18.0,"key":"AttackPotion"},{"floor":24,"key":"AttackPotion"},{"floor":31,"key":"GamblersBrew"}],"is_trial":false,"path_per_floor":["M","M","M","M","$","R","M","M","T","R","M","R","M","?","R","B",null,"M","?","?","M","$","R","E","R","T","R","E","R","?","M","R","B"],"character_chosen":"DEFECT","items_purchased":["Sunder","White Noise+1"],"campfire_rested":5,"item_purchase_floors":[5,22],"current_hp_per_floor":[68,67,65,40,40,40,29,27,27,49,48,48,44,26,26,8,58,58,35,35,44,44,66,13,35,35,57,45,45,31,38,62,0],"gold":32,"neow_bonus":"ONE_RANDOM_RARE_CARD","is_prod":false,"is_daily":false,"chose_seed":false,"campfire_upgraded":4,"win_rate":0,"timestamp":1554991230,"path_taken":["M","M","M","M","$","R","M","M","T","R","M","R","M","?","R","BOSS","M","?","?","M","$","R","E","R","T","R","E","R","?","M","R","BOSS"],"build_version":"2019-01-23","purchased_purges":1,"victory":false,"max_hp_per_floor":[75,75,75,75,75,75,75,75,75,75,75,75,75,75,75,75,75,75,75,75,75,75,75,75,75,75,75,75,75,80,80,80,80],"card_choices":[{"not_picked":["Steam","Fusion"],"picked":"Compile Driver","floor":1.0},{"not_picked":["Rebound","Loop"],"picked":"Gash","floor":2.0},{"not_picked":["Steam Power","Scrape"],"picked":"Leap","floor":3.0},{"not_picked":["Turbo","Leap"],"picked":"Coolheaded","floor":4.0},{"not_picked":["Rip and Tear","Cold Snap"],"picked":"Consume","floor":7.0},{"not_picked":["Redo","Blizzard"],"picked":"Multi-Cast","floor":8.0},{"not_picked":["Steam+1","Leap+1"],"picked":"Genetic Algorithm+1","floor":11.0},{"not_picked":["Hologram+1","Turbo+1"],"picked":"Conserve Battery+1","floor":13.0},{"not_picked":["Rebound","Conserve Battery+1"],"picked":"Glacier+1","floor":14.0},{"not_picked":["Amplify+1","Meteor Strike"],"picked":"Machine Learning","floor":16.0},{"not_picked":["Genetic Algorithm+1","Tempest+1"],"picked":"Recycle+1","floor":18.0},{"not_picked":["Darkness+1","Steam Power+1"],"picked":"Self Repair","floor":19.0},{"not_picked":["Force Field+1","Ball Lightning"],"picked":"Recycle+1","floor":21.0},{"not_picked":["Turbo+1","Aggregate+1","Stack+1"],"picked":"SKIP","floor":21.0},{"not_picked":["Ball Lightning","Gash"],"picked":"Redo+1","floor":24},{"not_picked":["Aggregate+1","Go for the Eyes"],"picked":"Double Energy+1","floor":28},{"not_picked":["Go for the Eyes","Reboot+1","Genetic Algorithm+1"],"picked":"SKIP","floor":31},{"not_picked":["Conserve Battery+1","Beam Cell+1","Streamline"],"picked":"SKIP","floor":31}],"player_experience":546440,"relics_obtained":[{"floor":9.0,"key":"Toxic Egg 2"},{"floor":14.0,"key":"Odd Mushroom"},{"floor":19.0,"key":"Prayer Wheel"},{"floor":19.0,"key":"Frozen Egg 2"},{"floor":24,"key":"Incense Burner"},{"floor":26,"key":"Orichalcum"},{"floor":28,"key":"Bronze Scales"}],"event_choices":[{"damage_healed":0.0,"max_hp_gain":0.0,"max_hp_loss":0.0,"gold_gain":0.0,"event_name":"Mushrooms","player_choice":"Fought Mushrooms","floor":14.0,"gold_loss":0.0,"damage_taken":0.0},{"damage_healed":0.0,"max_hp_gain":0.0,"max_hp_loss":0.0,"gold_gain":0.0,"event_name":"Colosseum","player_choice":"Fight","floor":19.0,"gold_loss":0.0,"damage_taken":0.0},{"damage_healed":0.0,"max_hp_gain":0.0,"max_hp_loss":0.0,"gold_gain":0.0,"event_name":"Colosseum","player_choice":"Fought Nobs","floor":19.0,"gold_loss":0.0,"damage_taken":0.0},{"damage_healed":0.0,"max_hp_gain":0.0,"max_hp_loss":0.0,"gold_gain":0.0,"event_name":"Cursed Tome","player_choice":"Ignored","floor":20.0,"gold_loss":0.0,"damage_taken":0.0},{"damage_healed":0,"gold_gain":0,"player_choice":"Shed Blood","damage_taken":19,"max_hp_gain":5,"max_hp_loss":0,"event_name":"Forgotten Altar","floor":30,"gold_loss":0}],"is_beta":false,"boss_relics":[{"not_picked":["Fusion Hammer","Orrery"],"picked":"Ectoplasm"}],"items_purged_floors":[5],"is_endless":false,"potions_floor_spawned":[2,11,13,14,16,18,24,31],"killed_by":"Champ","ascension_level":11}