{"gold_per_floor":[111,111,111,36,54,54,64,64,87,87,87,100,114,128,128,256,256,271,291,111,111,111,111,111,123,147,167,177,194,194,229,229,229],"floor_reached":33,"playtime":2094,"items_purged":["Strike_R","Strike_R"],"score":259,"play_id":"0fab2a1b-4e54-4663-9871-67d6251c23c2","local_time":"20190308174918","is_ascension_mode":false,"campfire_choices":[{"data":"Strike_R","floor":6.0,"key":"PURGE"},{"floor":15.0,"key":"REST"},{"data":"Strike_R","floor":23.0,"key":"PURGE"},{"floor":30.0,"key":"REST"},{"floor":32.0,"key":"REST"}],"neow_cost":"PERCENT_DAMAGE","seed_source_timestamp":1976669941648102,"circlet_count":0,"master_deck":["Strike_R","Defend_R","Bash+1","Clash","Exhume+1","Body Slam+1","Entrench+1","Dropkick"],"special_seed":0,"relics":["Burning Blood","Peace Pipe","Self Forming Clay","Ancient Tea Set","Bloody Idol","Astrolabe","Bronze Scales","Art of War"],"potions_floor_usage":[33,33],"damage_taken":[{"damage":10.0,"enemies":"Jaw Worm","floor":1.0,"turns":4.0},{"damage":2.0,"enemies":"Small Slimes","floor":5.0,"turns":3.0},{"damage":8.0,"enemies":"2 Louse","floor":7.0,"turns":3.0},{"damage":10.0,"enemies":"Looter","floor":12.0,"turns":4.0},{"damage":19.0,"enemies":"3 Louse","floor":13.0,"turns":4.0},{"damage":19.0,"enemies":"Gremlin Gang","floor":14.0,"turns":5.0},{"damage":16.0,"enemies":"Slime Boss","floor":16.0,"turns":7.0},{"damage":19.0,"enemies":"2 Thieves","floor":18.0,"turns":4.0},{"damage":7.0,"enemies":"Shell Parasite","floor":19.0,"turns":3.0},{"damage":14.0,"enemies":"3 Cultists","floor":25.0,"turns":5.0},{"damage":27.0,"enemies":"Chosen and Byrds","floor":27.0,"turns":5.0},{"damage":26.0,"enemies":"Snake Plant","floor":28.0,"turns":3.0},{"damage":28.0,"enemies":"Shelled Parasite and Fungi","floor":29.0,"turns":4.0},{"damage":31.0,"enemies":"Book of Stabbing","floor":31.0,"turns":5.0},{"damage":73,"enemies":"Automaton","floor":33,"turns":6}],"seed_played":"7759870248737388707","potions_obtained":[{"floor":1.0,"key":"Block Potion"},{"floor":12.0,"key":"AttackPotion"},{"floor":13.0,"key":"Weak Potion"},{"floor":25.0,"key":"Strength Potion"},{"floor":28.0,"key":"SneckoOil"},{"floor":31.0,"key":"SneckoOil"}],"is_trial":false,"path_per_floor":["M","?","?","$","M","R","M","?","T","?","?","M","M","M","R","B",null,"M","M","$","?","?","R","$","M","T","M","M","M","R","E","R","B"],"character_chosen":"IRONCLAD","items_purchased":["Dropkick"],"campfire_rested":3,"item_purchase_floors":[20],"current_hp_per_floor":[52,49,49,49,53,53,51,51,51,51,51,47,34,21,43,33,74,61,60,60,60,60,60,60,57,62,46,31,14,36,16,38,0],"gold":229,"neow_bonus":"ONE_RARE_RELIC","is_prod":false,"is_daily":false,"chose_seed":false,"campfire_upgraded":0,"win_rate":0,"timestamp":1552034958,"path_taken":["M","?","?","$","M","R","M","?","T","?","?","M","M","M","R","BOSS","M","?","$","?","?","R","$","?","T","M","M","M","R","E","R","BOSS"],"build_version":"2019-01-23","purchased_purges":2,"victory":false,"max_hp_per_floor":[80,80,80,80,80,80,80,80,80,74,74,74,74,74,74,74,74,74,74,74,74,74,74,74,74,74,74,74,74,74,74,74,74],"card_choices":[{"not_picked":["Feel No Pain","Armaments","Intimidate"],"picked":"SKIP","floor":1.0},{"not_picked":["True Grit","Clothesline","Perfected Strike"],"picked":"SKIP","floor":5.0},{"not_picked":["Havoc","Clothesline","Body Slam"],"picked":"SKIP","floor":7.0},{"not_picked":["Battle Trance","Clothesline","Ghostly Armor"],"picked":"SKIP","floor":12.0},{"not_picked":["Cleave","Heavy Blade"],"picked":"Clash","floor":13.0},{"not_picked":["Warcry","Disarm"],"picked":"Anger","floor":14.0},{"not_picked":["Sentinel","Power Through","Warcry"],"picked":"SKIP","floor":18.0},{"not_picked":["Pummel","Cleave+1","Flex+1"],"picked":"SKIP","floor":19.0},{"not_picked":["Body Slam+1","Armaments","Clothesline+1"],"picked":"SKIP","floor":25.0},{"not_picked":["Sever Soul","Armaments","Iron Wave"],"picked":"SKIP","floor":27.0},{"not_picked":["Pommel Strike+1","Flex","Offering"],"picked":"SKIP","floor":28.0},{"not_picked":["Thunderclap+1","Headbutt","Body Slam"],"picked":"SKIP","floor":29.0},{"not_picked":["Battle Trance","Twin Strike","Armaments"],"picked":"SKIP","floor":31.0}],"player_experience":224445,"relics_obtained":[{"floor":9.0,"key":"Ancient Tea Set"},{"floor":26.0,"key":"Bronze Scales"},{"floor":31.0,"key":"Art of War"}],"event_choices":[{"damage_healed":0.0,"max_hp_gain":0.0,"max_hp_loss":0.0,"gold_gain":0.0,"event_name":"Scrap Ooze","player_choice":"Success","floor":2.0,"gold_loss":0.0,"damage_taken":3.0,"relics_obtained":["Self Forming Clay"]},{"damage_healed":0.0,"max_hp_gain":0.0,"max_hp_loss":0.0,"gold_gain":0.0,"event_name":"Liars Game","player_choice":"Ignored","floor":3.0,"gold_loss":0.0,"damage_taken":0.0},{"cards_removed":["Defend_R"],"damage_healed":0.0,"max_hp_gain":0.0,"max_hp_loss":0.0,"gold_gain":0.0,"event_name":"Living Wall","player_choice":"Forget","floor":8.0,"gold_loss":0.0,"damage_taken":0.0},{"damage_healed":0.0,"max_hp_gain":0.0,"max_hp_loss":6.0,"gold_gain":0.0,"event_name":"Golden Idol","player_choice":"Lose Max HP","floor":10.0,"gold_loss":0.0,"damage_taken":0.0,"relics_obtained":["Golden Idol"]},{"damage_healed":0.0,"max_hp_gain":0.0,"max_hp_loss":0.0,"gold_gain":0.0,"event_name":"Upgrade Shrine","player_choice":"Upgraded","floor":11.0,"gold_loss":0.0,"damage_taken":0.0,"cards_upgraded":["Bash"]},{"damage_healed":0.0,"max_hp_gain":0.0,"max_hp_loss":0.0,"gold_gain":0.0,"event_name":"Forgotten Altar","player_choice":"Gave Idol","floor":21.0,"relics_lost":["Golden Idol"],"gold_loss":0.0,"damage_taken":0.0,"relics_obtained":["Bloody Idol"]},{"damage_healed":0.0,"max_hp_gain":0.0,"max_hp_loss":0.0,"gold_gain":0.0,"event_name":"The Woman in Blue","player_choice":"Bought 0 Potions","floor":22.0,"gold_loss":0.0,"damage_taken":0.0}],"is_beta":false,"boss_relics":[{"not_picked":["Velvet Choker","Lizard Tail"],"picked":"Astrolabe"}],"items_purged_floors":[4,20],"is_endless":false,"potions_floor_spawned":[1,12,13,25,28,31],"killed_by":"Automaton","ascension_level":0}