{"gold_per_floor":[113,38,38,48,59,59,69,69,69,69,84,98,98,117,117,117],"floor_reached":16,"playtime":1416,"items_purged":["Strike_R"],"score":94,"play_id":"900a05e4-95a4-46fb-af9e-91d7f6887254","local_time":"20190411123843","is_ascension_mode":false,"campfire_choices":[{"data":"Flame Barrier","floor":6,"key":"SMITH"},{"data":"Warcry","floor":8,"key":"SMITH"},{"data":"Strike_R","floor":15,"key":"SMITH"}],"neow_cost":"PERCENT_DAMAGE","seed_source_timestamp":12209293266563,"circlet_count":0,"master_deck":["Strike_R+1","Strike_R","Defend_R","Defend_R","Defend_R","Defend_R","Warcry+1","Flame Barrier+1"],"relics":["Burning Blood","Bottled Lightning"],"potions_floor_usage":[16,16],"damage_taken":[{"damage":4,"enemies":"Small Slimes","floor":1,"turns":5},{"damage":8,"enemies":"Cultist","floor":4,"turns":6},{"damage":4,"enemies":"Jaw Worm","floor":5,"turns":10},{"damage":0,"enemies":"Blue Slaver","floor":7,"turns":7},{"damage":5,"enemies":"Lots of Slimes","floor":11,"turns":4},{"damage":1,"enemies":"2 Fungi Beasts","floor":12,"turns":5},{"damage":0,"enemies":"Blue Slaver","floor":14,"turns":6},{"damage":84,"enemies":"Hexaghost","floor":16,"turns":15}],"seed_played":"4461298417966392475","potions_obtained":[{"floor":4,"key":"Swift Potion"},{"floor":11,"key":"Swift Potion"},{"floor":12,"key":"SpeedPotion"},{"floor":14,"key":"EssenceOfSteel"}],"is_trial":false,"path_per_floor":["M","$","?","M","M","R","M","R","T","?","M","M","$","M","R","B"],"character_chosen":"IRONCLAD","items_purchased":[],"campfire_rested":0,"item_purchase_floors":[],"current_hp_per_floor":[58,58,58,56,58,58,64,64,64,69,70,75,75,81,81,0],"gold":117,"neow_bonus":"REMOVE_TWO","is_prod":false,"is_daily":false,"chose_seed":false,"campfire_upgraded":3,"win_rate":0.0,"timestamp":1554979123,"path_taken":["M","$","?","M","?","R","M","R","T","?","M","M","?","M","R","BOSS"],"build_version":"2019-01-23","purchased_purges":1,"victory":false,"max_hp_per_floor":[80,80,80,80,80,80,80,80,80,85,85,85,85,85,85,85],"card_choices":[{"not_picked":["Sword Boomerang","Thunderclap"],"picked":"Warcry","floor":1},{"not_picked":["Warcry","Carnage"],"picked":"Flame Barrier","floor":4},{"not_picked":["Sever Soul","Armaments","Hemokinesis"],"picked":"SKIP","floor":5},{"not_picked":["Flex","Rampage","Thunderclap"],"picked":"SKIP","floor":7},{"not_picked":["Limit Break","Clash","Rage"],"picked":"SKIP","floor":11},{"not_picked":["Cleave","Whirlwind","Flex"],"picked":"SKIP","floor":12},{"not_picked":["Perfected Strike","Cleave","True Grit"],"picked":"SKIP","floor":14}],"player_experience":39249,"relics_obtained":[{"floor":9,"key":"Bottled Lightning"}],"event_choices":[{"cards_removed":["Strike_R"],"damage_healed":0,"gold_gain":0,"player_choice":"Purged","damage_taken":0,"max_hp_gain":0,"max_hp_loss":0,"event_name":"Purifier","floor":3,"gold_loss":0},{"damage_healed":0,"gold_gain":0,"player_choice":"Donut","damage_taken":0,"max_hp_gain":5,"max_hp_loss":0,"event_name":"Big Fish","floor":10,"gold_loss":0}],"is_beta":false,"boss_relics":[],"items_purged_floors":[2],"is_endless":false,"potions_floor_spawned":[4,11,12,14],"killed_by":"Hexaghost","ascension_level":0}