{"gold_per_floor":[211,211,211,211,13,13,32,32,32,64,64,94,114,114,114,189,189,206,386,402,417,431,431,431,451,451,451,451,482,502,527,527,599,599,617,617,112,212,1,33,33,65,118,118,135,35,35,35],"floor_reached":48,"playtime":4094,"items_purged":["Normality","Pain","Regret"],"score":1368,"play_id":"8f0de446-fc07-44a0-81e3-8abd9db11b52","local_time":"20190413011115","is_ascension_mode":true,"campfire_choices":[{"data":"Footwork","floor":6.0,"key":"SMITH"},{"data":"Neutralize","floor":8.0,"key":"SMITH"},{"data":"Bouncing Flask","floor":11.0,"key":"SMITH"},{"floor":15.0,"key":"REST"},{"floor":23.0,"key":"REST"},{"data":"Survivor","floor":27.0,"key":"SMITH"},{"floor":32.0,"key":"REST"},{"data":"Footwork","floor":44.0,"key":"SMITH"}],"neow_cost":"NONE","seed_source_timestamp":4213841860800,"circlet_count":0,"master_deck":["AscendersBane","Defend_G","Defend_G+1","Defend_G+1","Strike_G","Strike_G","Strike_G","Survivor+1","Neutralize+1","Footwork+1","Dodge and Roll","Bouncing Flask+1","Concentrate+1","Burst+1","Deadly Poison+1","Backflip+1","Escape Plan+1","Escape Plan+1","Tactician+1","Backflip+1","Prepared+1","Calculated Gamble+1","Tools of the Trade","Catalyst+1","Concentrate+1","Footwork+1","Footwork+1"],"special_seed":0,"relics":["Ring of the Snake","Bag of Preparation","Darkstone Periapt","The Courier","Toxic Egg 2","Runic Pyramid","Centennial Puzzle","MutagenicStrength","Boot","Kunai","Calling Bell","War Paint","Sundial","Turnip","TheAbacus","Paper Crane","Mango","PreservedInsect","Girya","Blood Vial","Ancient Tea Set"],"potions_floor_usage":[],"damage_taken":[{"damage":2.0,"enemies":"Small Slimes","floor":1.0,"turns":7.0},{"damage":0.0,"enemies":"Jaw Worm","floor":7.0,"turns":5.0},{"damage":9.0,"enemies":"Lagavulin","floor":10.0,"turns":13.0},{"damage":27.0,"enemies":"Gremlin Nob","floor":12.0,"turns":4.0},{"damage":0.0,"enemies":"Cultist","floor":13.0,"turns":3.0},{"damage":11.0,"enemies":"Hexaghost","floor":16.0,"turns":9.0},{"damage":5.0,"enemies":"Shell Parasite","floor":18.0,"turns":4.0},{"damage":8.0,"enemies":"2 Thieves","floor":20.0,"turns":4.0},{"damage":11.0,"enemies":"Shelled Parasite and Fungi","floor":21.0,"turns":4.0},{"damage":0.0,"enemies":"Snake Plant","floor":22.0,"turns":3.0},{"damage":0.0,"enemies":"3 Cultists","floor":24.0,"turns":4.0},{"damage":1.0,"enemies":"Centurion and Healer","floor":25.0,"turns":8.0},{"damage":0.0,"enemies":"Book of Stabbing","floor":29.0,"turns":7.0},{"damage":3.0,"enemies":"Chosen and Byrds","floor":30.0,"turns":8.0},{"damage":4.0,"enemies":"Gremlin Leader","floor":31.0,"turns":8.0},{"damage":16.0,"enemies":"Automaton","floor":33.0,"turns":11.0},{"damage":35.0,"enemies":"3 Darklings","floor":35.0,"turns":7.0},{"damage":1.0,"enemies":"Mind Bloom Boss Battle","floor":38.0,"turns":3.0},{"damage":0.0,"enemies":"Nemesis","floor":40.0,"turns":5.0},{"damage":0.0,"enemies":"Giant Head","floor":42.0,"turns":5.0},{"damage":7.0,"enemies":"3 Shapes","floor":45.0,"turns":5.0},{"damage":54,"enemies":"Reptomancer","floor":48,"turns":2}],"seed_played":"1840944819663481950","potions_obtained":[{"floor":1.0,"key":"Fire Potion"},{"floor":7.0,"key":"AttackPotion"},{"floor":12.0,"key":"Dexterity Potion"},{"floor":18.0,"key":"SmokeBomb"},{"floor":29.0,"key":"Block Potion"},{"floor":31.0,"key":"Weak Potion"},{"floor":33.0,"key":"Explosive Potion"},{"floor":38.0,"key":"Strength Potion"}],"is_trial":false,"path_per_floor":["M","?","?","?","$","R","M","R","T","E","R","E","M","?","R","B",null,"M","?","M","M","M","R","M","M","T","R","?","E","M","E","R","B",null,"M","?","$","?","$","E","?","E","T","R","M","$","?","E"],"character_chosen":"THE_SILENT","items_purchased":["Bag of Preparation","Footwork","TheAbacus","Paper Crane","Concentrate+1","PreservedInsect"],"campfire_rested":3,"item_purchase_floors":[5,5,37,37,37,39],"current_hp_per_floor":[57,57,50,50,50,50,50,50,50,41,41,14,14,14,33,22,55,50,32,24,13,13,32,32,31,31,31,31,31,28,24,43,27,74,39,39,39,52,52,52,52,52,52,52,47,47,47,0],"gold":35,"neow_bonus":"HUNDRED_GOLD","is_prod":false,"is_daily":false,"chose_seed":false,"campfire_upgraded":5,"win_rate":0,"timestamp":1555132275,"path_taken":["M","?","?","?","$","R","?","R","T","E","R","E","M","?","R","BOSS","M","?","M","M","M","R","M","?","T","R","?","E","M","E","R","BOSS","M","?","$","?","$","E","?","E","T","R","M","$","?","E"],"build_version":"2019-01-23","purchased_purges":3,"victory":false,"max_hp_per_floor":[66,66,66,66,66,66,66,66,66,66,66,66,66,66,66,66,66,66,66,66,66,66,66,66,66,66,66,66,66,66,66,66,66,84,84,84,84,98,98,98,98,98,98,98,98,98,98,98],"card_choices":[{"not_picked":["Reflex","Blade Dance","Outmaneuver"],"picked":"SKIP","floor":1.0},{"not_picked":["Outmaneuver","Acrobatics"],"picked":"Dodge and Roll","floor":7.0},{"not_picked":["Endless Agony","Slice"],"picked":"Bouncing Flask","floor":10.0},{"not_picked":["Outmaneuver","Choke","Flechettes"],"picked":"SKIP","floor":12.0},{"not_picked":["Acrobatics+1","Choke"],"picked":"Concentrate+1","floor":13.0},{"not_picked":["Bullet Time+1","Glass Knife"],"picked":"Burst+1","floor":16.0},{"not_picked":["Underhanded Strike+1","Masterful Stab"],"picked":"Deadly Poison+1","floor":18.0},{"not_picked":["Noxious Fumes","Bouncing Flask+1"],"picked":"Backflip+1","floor":20.0},{"not_picked":["Deadly Poison+1","Outmaneuver+1"],"picked":"Escape Plan+1","floor":21.0},{"not_picked":["Dagger Throw","Die Die Die"],"picked":"Escape Plan+1","floor":22.0},{"not_picked":["Flying Knee","Caltrops"],"picked":"Tactician+1","floor":25.0},{"not_picked":["Calculated Gamble+1","Deflect+1"],"picked":"Backflip+1","floor":29.0},{"not_picked":["Flying Knee","Deflect+1"],"picked":"Prepared+1","floor":30.0},{"not_picked":["Slice","Dash"],"picked":"Calculated Gamble+1","floor":31.0},{"not_picked":["Unload","Burst+1"],"picked":"Tools of the Trade","floor":33.0},{"not_picked":["Poisoned Stab+1","Dodge and Roll+1"],"picked":"Catalyst+1","floor":35.0},{"not_picked":["Underhanded Strike+1","Dagger Spray"],"picked":"Footwork","floor":38.0},{"not_picked":["Storm of Steel+1","Acrobatics+1","Die Die Die"],"picked":"SKIP","floor":40.0},{"not_picked":["Blade Dance+1","A Thousand Cuts"],"picked":"Footwork+1","floor":42.0},{"not_picked":["All Out Attack","Deadly Poison+1","Underhanded Strike"],"picked":"SKIP","floor":45.0}],"player_experience":295998,"relics_obtained":[{"floor":9.0,"key":"Darkstone Periapt"},{"floor":10.0,"key":"The Courier"},{"floor":12.0,"key":"Toxic Egg 2"},{"floor":26.0,"key":"Centennial Puzzle"},{"floor":29.0,"key":"Boot"},{"floor":31.0,"key":"Kunai"},{"floor":34.0,"key":"War Paint"},{"floor":34.0,"key":"Sundial"},{"floor":34.0,"key":"Turnip"},{"floor":38.0,"key":"Mango"},{"floor":40.0,"key":"Girya"},{"floor":42.0,"key":"Blood Vial"},{"floor":43.0,"key":"Ancient Tea Set"}],"event_choices":[{"cards_removed":["Strike_G"],"damage_healed":0.0,"max_hp_gain":0.0,"max_hp_loss":0.0,"gold_gain":0.0,"event_name":"Living Wall","player_choice":"Forget","floor":2.0,"gold_loss":0.0,"damage_taken":0.0},{"cards_removed":["Defend_G"],"damage_healed":0.0,"max_hp_gain":0.0,"max_hp_loss":0.0,"gold_gain":0.0,"event_name":"Golden Wing","player_choice":"Card Removal","floor":3.0,"gold_loss":0.0,"damage_taken":7.0},{"cards_removed":["Defend_G"],"damage_healed":0.0,"max_hp_gain":0.0,"max_hp_loss":0.0,"gold_gain":0.0,"event_name":"Purifier","player_choice":"Purged","floor":4.0,"gold_loss":0.0,"damage_taken":0.0},{"damage_healed":0.0,"max_hp_gain":0.0,"max_hp_loss":0.0,"gold_gain":0.0,"event_name":"Shining Light","player_choice":"Ignored","floor":14.0,"gold_loss":0.0,"damage_taken":0.0},{"damage_healed":0.0,"max_hp_gain":0.0,"max_hp_loss":0.0,"gold_gain":180.0,"event_name":"Knowing Skull","player_choice":"GOLD GOLD ","floor":19.0,"potions_obtained":[],"gold_loss":0.0,"damage_taken":18.0,"cards_obtained":[]},{"damage_healed":0.0,"max_hp_gain":0.0,"max_hp_loss":0.0,"gold_gain":0.0,"event_name":"Drug Dealer","player_choice":"Inject Mutagens","floor":28.0,"gold_loss":0.0,"damage_taken":0.0,"relics_obtained":["MutagenicStrength"]},{"damage_healed":0.0,"max_hp_gain":0.0,"max_hp_loss":0.0,"gold_gain":0.0,"event_name":"Mysterious Sphere","player_choice":"Ignored","floor":36.0,"gold_loss":0.0,"damage_taken":0.0},{"damage_healed":0.0,"max_hp_gain":0.0,"max_hp_loss":0.0,"gold_gain":0.0,"event_name":"MindBloom","player_choice":"Fight","floor":38.0,"gold_loss":0.0,"damage_taken":0.0},{"damage_healed":0.0,"max_hp_gain":0.0,"max_hp_loss":0.0,"gold_gain":0.0,"event_name":"SensoryStone","player_choice":"Memory 1","floor":41.0,"gold_loss":0.0,"damage_taken":0.0},{"cards_removed":["Strike_G"],"damage_healed":0.0,"max_hp_gain":0.0,"max_hp_loss":0.0,"gold_gain":0.0,"event_name":"Falling","player_choice":"Removed Attack","floor":47.0,"gold_loss":0.0,"damage_taken":0.0}],"is_beta":false,"boss_relics":[{"not_picked":["Runic Dome","Ring of the Serpent"],"picked":"Runic Pyramid"},{"not_picked":["Eternal Feather","White Beast Statue"],"picked":"Calling Bell"}],"items_purged_floors":[37,39,46],"is_endless":false,"potions_floor_spawned":[1,7,12,18,21,29,31,33,38],"killed_by":"Reptomancer","ascension_level":20}