{"gold_per_floor":[118,118,24,39,39,39,39,51,98,98,115,148,128,146,146,223,223,198,0,0,0,17,17,27,27,27,27,44,44,59,78,78,78],"floor_reached":33,"playtime":6679,"items_purged":[],"score":494,"play_id":"f582fc11-0a09-4397-a9c0-77cf24ef74eb","local_time":"20190322165026","is_ascension_mode":true,"campfire_choices":[{"data":"Dual Wield","floor":6.0,"key":"SMITH"},{"data":"Flash of Steel","floor":10.0,"key":"SMITH"},{"data":"Armaments","floor":15.0,"key":"SMITH"},{"data":"Double Tap","floor":23.0,"key":"SMITH"},{"floor":27.0,"key":"REST"},{"floor":32.0,"key":"REST"}],"neow_cost":"NONE","seed_source_timestamp":102366966359298,"circlet_count":0,"master_deck":["AscendersBane","Strike_R","Strike_R","Strike_R","Defend_R","Defend_R","Defend_R","Defend_R","Bash","Dual Wield+1","Flash of Steel+1","Shrug It Off","Heavy Blade","Demon Form","Armaments+1","Warcry","Double Tap+1","Inflame","Dual Wield","Burning Pact","Decay","Flex","Feed"],"special_seed":0,"relics":["Black Blood","Centennial Puzzle","Art of War","Orichalcum","Enchiridion","Ornamental Fan"],"potions_floor_usage":[33],"damage_taken":[{"damage":1.0,"enemies":"2 Louse","floor":1.0,"turns":4.0},{"damage":1.0,"enemies":"Cultist","floor":4.0,"turns":3.0},{"damage":4.0,"enemies":"Small Slimes","floor":8.0,"turns":4.0},{"damage":11.0,"enemies":"2 Fungi Beasts","floor":11.0,"turns":3.0},{"damage":25.0,"enemies":"3 Sentries","floor":12.0,"turns":6.0},{"damage":14.0,"enemies":"Exordium Thugs","floor":14.0,"turns":7.0},{"damage":28.0,"enemies":"The Guardian","floor":16.0,"turns":7.0},{"damage":21.0,"enemies":"2 Thieves","floor":18.0,"turns":4.0},{"damage":15.0,"enemies":"Shell Parasite","floor":22.0,"turns":5.0},{"damage":8.0,"enemies":"Snake Plant","floor":24.0,"turns":3.0},{"damage":5.0,"enemies":"Snecko","floor":28.0,"turns":4.0},{"damage":17.0,"enemies":"Centurion and Healer","floor":30.0,"turns":6.0},{"damage":45.0,"enemies":"Shelled Parasite and Fungi","floor":31.0,"turns":6.0},{"damage":39,"enemies":"Collector","floor":33,"turns":5}],"seed_played":"6825778790738021037","potions_obtained":[{"floor":1.0,"key":"Swift Potion"},{"floor":11.0,"key":"BloodPotion"},{"floor":12.0,"key":"Poison Potion"},{"floor":13.0,"key":"EssenceOfSteel"},{"floor":22.0,"key":"SpeedPotion"},{"floor":28.0,"key":"SteroidPotion"},{"floor":31.0,"key":"SpeedPotion"}],"is_trial":false,"path_per_floor":["M","?","$","M","$","R","?","M","T","R","M","E","?","M","R","B",null,"M","?","$","?","M","R","M","?","T","R","M","?","M","M","R","B"],"character_chosen":"IRONCLAD","items_purchased":["Flash of Steel"],"campfire_rested":2,"item_purchase_floors":[3],"current_hp_per_floor":[73,73,73,75,75,75,75,75,75,75,70,51,51,50,50,28,63,52,52,52,31,26,26,28,28,28,50,55,55,48,13,35,0],"gold":78,"neow_bonus":"RANDOM_COMMON_RELIC","is_prod":false,"is_daily":false,"chose_seed":false,"campfire_upgraded":4,"win_rate":0,"timestamp":1553241026,"path_taken":["M","?","$","M","?","R","?","?","T","R","M","E","?","M","R","BOSS","M","?","$","?","M","R","M","?","T","R","M","?","M","M","R","BOSS"],"build_version":"2019-01-23","purchased_purges":0,"victory":false,"max_hp_per_floor":[75,75,75,75,75,75,75,75,75,75,75,75,75,75,75,75,75,75,75,75,75,75,75,75,75,75,75,75,75,75,75,75,75],"card_choices":[{"not_picked":["Twin Strike","Rage"],"picked":"Dual Wield","floor":1.0},{"not_picked":["Havoc","Cleave"],"picked":"Shrug It Off","floor":4.0},{"not_picked":["Clothesline","Rupture","Thunderclap"],"picked":"SKIP","floor":8.0},{"not_picked":["Warcry","Entrench"],"picked":"Demon Form","floor":11.0},{"not_picked":["Anger","Thunderclap"],"picked":"Armaments","floor":12.0},{"not_picked":["Heavy Blade","Entrench"],"picked":"Warcry","floor":14.0},{"not_picked":["Dark Embrace","Bludgeon"],"picked":"Double Tap","floor":16.0},{"not_picked":["Body Slam","Pommel Strike"],"picked":"Inflame","floor":18.0},{"not_picked":["Shrug It Off","Heavy Blade"],"picked":"Dual Wield","floor":22.0},{"not_picked":["Cleave","Hemokinesis"],"picked":"Burning Pact","floor":24.0},{"not_picked":["Warcry","Cleave","Clash+1"],"picked":"SKIP","floor":28.0},{"not_picked":["Metallicize","Perfected Strike"],"picked":"Flex","floor":30.0},{"not_picked":["Perfected Strike","Cleave"],"picked":"Feed","floor":31.0}],"player_experience":509733,"relics_obtained":[{"floor":9.0,"key":"Art of War"},{"floor":12.0,"key":"Orichalcum"},{"floor":21.0,"key":"Enchiridion"},{"floor":26.0,"key":"Ornamental Fan"}],"event_choices":[{"cards_removed":["Strike_R"],"damage_healed":0.0,"max_hp_gain":0.0,"max_hp_loss":0.0,"gold_gain":0.0,"event_name":"Purifier","player_choice":"Purged","floor":2.0,"gold_loss":0.0,"damage_taken":0.0},{"damage_healed":0.0,"max_hp_gain":0.0,"max_hp_loss":0.0,"gold_gain":0.0,"cards_transformed":["Strike_R"],"event_name":"Transmorgrifier","player_choice":"Transformed","floor":7.0,"gold_loss":0.0,"damage_taken":0.0,"cards_obtained":["Heavy Blade"]},{"damage_healed":0.0,"max_hp_gain":0.0,"max_hp_loss":0.0,"gold_gain":0.0,"event_name":"The Woman in Blue","player_choice":"Bought 1 Potion","floor":13.0,"gold_loss":0.0,"damage_taken":0.0},{"damage_healed":0.0,"max_hp_gain":0.0,"max_hp_loss":0.0,"gold_gain":0.0,"event_name":"Masked Bandits","player_choice":"Paid Fearfully","floor":19.0,"gold_loss":198.0,"damage_taken":0.0},{"damage_healed":0.0,"max_hp_gain":0.0,"max_hp_loss":0.0,"gold_gain":0.0,"event_name":"Cursed Tome","player_choice":"Obtained Book","floor":21.0,"gold_loss":0.0,"damage_taken":21.0},{"damage_healed":0.0,"max_hp_gain":0.0,"max_hp_loss":0.0,"gold_gain":0.0,"event_name":"Forgotten Altar","player_choice":"Smashed Altar","floor":25.0,"gold_loss":0.0,"damage_taken":0.0,"cards_obtained":["Decay"]},{"damage_healed":0.0,"max_hp_gain":0.0,"max_hp_loss":0.0,"gold_gain":0.0,"event_name":"Beggar","player_choice":"Ignored","floor":29.0,"gold_loss":0.0,"damage_taken":0.0}],"is_beta":false,"boss_relics":[{"not_picked":["Runic Dome","Snecko Eye"],"picked":"Black Blood"}],"items_purged_floors":[],"is_endless":false,"potions_floor_spawned":[1,11,12,22,28,31],"killed_by":"Collector","ascension_level":20}