{"gold_per_floor":[112,125,200,200,52,52,63,40,40,40,52,62,79,79,79,178,178,197,197,149,165,165,192,192,525,576,590,590],"floor_reached":28,"playtime":1918,"items_purged":[],"score":273,"play_id":"71143c17-8880-4a1b-89fc-d086d6ed0c64","local_time":"20190308152731","is_ascension_mode":false,"campfire_choices":[{"data":"Second Wind","floor":6.0,"key":"SMITH"},{"data":"Armaments","floor":10.0,"key":"SMITH"},{"floor":15.0,"key":"RECALL"},{"data":"Warcry","floor":24.0,"key":"SMITH"}],"neow_cost":"NONE","seed_source_timestamp":1968427181555410,"circlet_count":0,"master_deck":["Strike_R","Strike_R","Strike_R","Strike_R","Strike_R","Defend_R","Defend_R","Defend_R","Defend_R","Bash","Second Wind+1","Ghostly Armor","Feel No Pain","Armaments+1","Intimidate","Body Slam+1","Double Tap","Warcry+1","Ghostly","Ghostly","Ghostly","Ghostly","Ghostly","True Grit","Feel No Pain","Body Slam+1","Warcry"],"special_seed":0,"relics":["Burning Blood","NeowsBlessing","Bag of Marbles","Mark of Pain","Oddly Smooth Stone","Old Coin","Centennial Puzzle"],"potions_floor_usage":[27,27,28],"damage_taken":[{"damage":0.0,"enemies":"2 Louse","floor":1.0,"turns":1.0},{"damage":0.0,"enemies":"Small Slimes","floor":2.0,"turns":1.0},{"damage":0.0,"enemies":"Cultist","floor":7.0,"turns":1.0},{"damage":0.0,"enemies":"Red Slaver","floor":11.0,"turns":3.0},{"damage":19.0,"enemies":"Large Slime","floor":12.0,"turns":9.0},{"damage":3.0,"enemies":"2 Fungi Beasts","floor":13.0,"turns":5.0},{"damage":51.0,"enemies":"The Guardian","floor":16.0,"turns":15.0},{"damage":8.0,"enemies":"Chosen","floor":18.0,"turns":8.0},{"damage":13.0,"enemies":"Shell Parasite","floor":21.0,"turns":9.0},{"damage":13.0,"enemies":"Book of Stabbing","floor":23.0,"turns":8.0},{"damage":20.0,"enemies":"Slavers","floor":25.0,"turns":11.0},{"damage":8,"enemies":"Cultist and Chosen","floor":27,"turns":10},{"damage":10,"enemies":"Centurion and Healer","floor":28,"turns":10}],"seed_played":"2649116846390132440","potions_obtained":[{"floor":1.0,"key":"FearPotion"},{"floor":7.0,"key":"SpeedPotion"},{"floor":13.0,"key":"AttackPotion"},{"floor":16.0,"key":"Explosive Potion"},{"floor":21.0,"key":"SteroidPotion"},{"floor":27,"key":"FearPotion"}],"is_trial":false,"path_per_floor":["M","M","?","?","$","R","M","$","T","R","M","M","M","?","R","B",null,"M","?","$","M","?","E","R","E","T","M","M"],"character_chosen":"IRONCLAD","items_purchased":["Bag of Marbles","Armaments","True Grit"],"campfire_rested":0,"item_purchase_floors":[5,8,20],"current_hp_per_floor":[80,80,69,69,69,69,75,75,75,75,80,67,70,70,70,25,80,78,40,40,33,33,26,26,12,12,10,0],"gold":590,"neow_bonus":"THREE_ENEMY_KILL","is_prod":false,"is_daily":false,"chose_seed":false,"campfire_upgraded":3,"win_rate":0,"timestamp":1552026451,"path_taken":["M","M","?","?","$","R","?","?","T","R","M","M","M","?","R","BOSS","M","?","$","M","?","E","R","E","T","?","M"],"build_version":"2019-01-23","purchased_purges":0,"victory":false,"max_hp_per_floor":[80,80,80,80,80,80,80,80,80,80,80,80,80,80,80,80,80,80,40,40,40,40,40,40,40,40,40,40],"card_choices":[{"not_picked":["Seeing Red","True Grit"],"picked":"Second Wind","floor":1.0},{"not_picked":["Iron Wave","Bloodletting"],"picked":"Ghostly Armor","floor":2.0},{"not_picked":["Hemokinesis","Twin Strike"],"picked":"Feel No Pain","floor":7.0},{"not_picked":["Havoc","Berserk","Pommel Strike"],"picked":"SKIP","floor":11.0},{"not_picked":["Clash","Headbutt"],"picked":"Intimidate","floor":12.0},{"not_picked":["Feel No Pain","Pommel Strike"],"picked":"Body Slam","floor":13.0},{"not_picked":["Dark Embrace","Berserk"],"picked":"Double Tap","floor":16.0},{"not_picked":["Twin Strike","Combust"],"picked":"Warcry","floor":18.0},{"not_picked":["Ghostly Armor","Bloodletting"],"picked":"Feel No Pain","floor":21.0},{"not_picked":["Perfected Strike","Headbutt","Flex"],"picked":"SKIP","floor":23.0},{"not_picked":["Dropkick","Twin Strike","Hemokinesis"],"picked":"SKIP","floor":25.0},{"not_picked":["Combust+1","Inflame"],"picked":"Warcry","floor":27}],"player_experience":222527,"relics_obtained":[{"floor":23.0,"key":"Oddly Smooth Stone"},{"floor":25.0,"key":"Old Coin"},{"floor":26.0,"key":"Centennial Puzzle"}],"event_choices":[{"damage_healed":0.0,"max_hp_gain":0.0,"max_hp_loss":0.0,"gold_gain":75.0,"event_name":"World of Goop","player_choice":"Gather Gold","floor":3.0,"gold_loss":0.0,"damage_taken":11.0},{"cards_removed":["Strike_R"],"damage_healed":0.0,"max_hp_gain":0.0,"max_hp_loss":0.0,"gold_gain":0.0,"event_name":"NoteForYourself","player_choice":"Took Card","floor":4.0,"gold_loss":0.0,"damage_taken":0.0,"cards_obtained":["Strike_R"]},{"damage_healed":0.0,"max_hp_gain":0.0,"max_hp_loss":0.0,"gold_gain":0.0,"event_name":"Living Wall","player_choice":"Grow","floor":14.0,"gold_loss":0.0,"damage_taken":0.0,"cards_upgraded":["Body Slam"]},{"damage_healed":0.0,"max_hp_gain":0.0,"max_hp_loss":40.0,"gold_gain":0.0,"event_name":"Ghosts","player_choice":"Became a Ghost","floor":19.0,"gold_loss":0.0,"damage_taken":0.0,"cards_obtained":["Ghostly","Ghostly","Ghostly","Ghostly","Ghostly"]},{"damage_healed":0.0,"max_hp_gain":0.0,"max_hp_loss":0.0,"gold_gain":0.0,"event_name":"Duplicator","player_choice":"Copied","floor":22.0,"gold_loss":0.0,"damage_taken":0.0,"cards_obtained":["Body Slam"]}],"is_beta":false,"boss_relics":[{"not_picked":["Empty Cage","Calling Bell"],"picked":"Mark of Pain"}],"items_purged_floors":[],"is_endless":false,"potions_floor_spawned":[1,7,13,16,21,27],"killed_by":"Centurion and Healer","ascension_level":0}