{"gold_per_floor":[113,143,93,103,103,135,11,27,104,122,137,191,266,279,279,381,381,393,211,224,224,244,244],"floor_reached":23,"playtime":7948,"items_purged":["Strike_R","Strike_R"],"score":276,"play_id":"9e99acce-804a-48a9-9129-c142ae614e9a","local_time":"20190311141512","is_ascension_mode":true,"campfire_choices":[{"data":"Body Slam","floor":15.0,"key":"SMITH"}],"neow_cost":"NONE","seed_source_timestamp":2217188726464846,"circlet_count":0,"master_deck":["Strike_R","Strike_R","Strike_R","Defend_R","Defend_R","Defend_R","Defend_R","Bash","Body Slam+1","Flame Barrier","Impervious","Shrug It Off","Power Through","Metallicize","Body Slam","Armaments","Fiend Fire","Evolve","Shrug It Off","Shrug It Off","Metallicize","Shrug It Off","Second Wind","Wild Strike","Dark Embrace"],"special_seed":0,"relics":["Burning Blood","NeowsBlessing","Tiny Chest","Blood Vial","Gremlin Horn","Bottled Flame","Bronze Scales","Orrery"],"potions_floor_usage":[],"damage_taken":[{"damage":0.0,"enemies":"Jaw Worm","floor":1.0,"turns":1.0},{"damage":0.0,"enemies":"2 Louse","floor":4.0,"turns":1.0},{"damage":0.0,"enemies":"3 Sentries","floor":6.0,"turns":1.0},{"damage":21.0,"enemies":"Small Slimes","floor":8.0,"turns":4.0},{"damage":13.0,"enemies":"Blue Slaver","floor":10.0,"turns":5.0},{"damage":43.0,"enemies":"Exordium Thugs","floor":11.0,"turns":7.0},{"damage":0.0,"enemies":"Looter","floor":14.0,"turns":4.0},{"damage":19.0,"enemies":"The Guardian","floor":16.0,"turns":14.0},{"damage":20.0,"enemies":"Chosen","floor":18.0,"turns":5.0},{"damage":3.0,"enemies":"Shell Parasite","floor":20.0,"turns":7.0},{"damage":22.0,"enemies":"Snake Plant","floor":22.0,"turns":6.0},{"damage":95,"enemies":"Gremlin Leader","floor":23,"turns":10}],"seed_played":"-4753006576516036083","potions_obtained":[{"floor":1.0,"key":"FearPotion"},{"floor":8.0,"key":"Energy Potion"},{"floor":18.0,"key":"FairyPotion"},{"floor":20.0,"key":"Dexterity Potion"}],"is_trial":false,"path_per_floor":["M","?","?","M","?","E","$","M","T","M","M","T","?","M","R","B",null,"M","$","M","?","M","E"],"character_chosen":"IRONCLAD","items_purchased":["Shrug It Off","Second Wind"],"campfire_rested":0,"item_purchase_floors":[7,19],"current_hp_per_floor":[80,80,80,80,73,80,80,65,65,60,25,25,14,22,22,11,80,66,66,71,71,57,0],"gold":244,"neow_bonus":"THREE_ENEMY_KILL","is_prod":false,"is_daily":false,"chose_seed":false,"campfire_upgraded":1,"win_rate":0,"timestamp":1552281312,"path_taken":["M","?","?","M","?","E","?","M","T","?","M","?","?","M","R","BOSS","M","$","M","?","M","E"],"build_version":"2019-01-23","purchased_purges":2,"victory":false,"max_hp_per_floor":[80,80,80,80,80,80,80,80,80,80,80,80,80,80,80,80,80,80,80,80,80,80,80],"card_choices":[{"not_picked":["Clothesline","Warcry"],"picked":"Body Slam","floor":1.0},{"not_picked":["Iron Wave","Sever Soul"],"picked":"Flame Barrier","floor":4.0},{"not_picked":["Intimidate","Headbutt"],"picked":"Impervious","floor":6.0},{"not_picked":["Cleave","Blood for Blood"],"picked":"Power Through","floor":8.0},{"not_picked":["Wild Strike","Pommel Strike"],"picked":"Metallicize","floor":10.0},{"not_picked":["Twin Strike","Reckless Charge"],"picked":"Body Slam","floor":11.0},{"not_picked":["Clothesline","Infernal Blade"],"picked":"Armaments","floor":14.0},{"not_picked":["Double Tap","Bludgeon"],"picked":"Fiend Fire","floor":16.0},{"not_picked":["Clothesline","Bloodletting"],"picked":"Evolve","floor":17.0},{"not_picked":["Heavy Blade","Infernal Blade"],"picked":"Shrug It Off","floor":17.0},{"not_picked":["Uppercut","Body Slam"],"picked":"Shrug It Off","floor":17.0},{"not_picked":["Flex","Wild Strike"],"picked":"Metallicize","floor":17.0},{"not_picked":["Headbutt","Twin Strike+1"],"picked":"Shrug It Off","floor":18.0},{"not_picked":["Armaments","Seeing Red"],"picked":"Wild Strike","floor":20.0},{"not_picked":["Thunderclap","Anger+1"],"picked":"Dark Embrace","floor":22.0}],"player_experience":299345,"relics_obtained":[{"floor":6.0,"key":"Gremlin Horn"},{"floor":9.0,"key":"Bottled Flame"},{"floor":12.0,"key":"Bronze Scales"}],"event_choices":[{"damage_healed":0.0,"max_hp_gain":0.0,"max_hp_loss":0.0,"gold_gain":0.0,"event_name":"Big Fish","player_choice":"Box","floor":2.0,"gold_loss":0.0,"damage_taken":0.0,"relics_obtained":["Tiny Chest"],"cards_obtained":["Regret"]},{"cards_removed":["Regret"],"damage_healed":0.0,"max_hp_gain":0.0,"max_hp_loss":0.0,"gold_gain":0.0,"event_name":"The Cleric","player_choice":"Card Removal","floor":3.0,"gold_loss":50.0,"damage_taken":0.0},{"damage_healed":0.0,"max_hp_gain":0.0,"max_hp_loss":0.0,"gold_gain":0.0,"event_name":"Scrap Ooze","player_choice":"Success","floor":5.0,"gold_loss":0.0,"damage_taken":7.0,"relics_obtained":["Blood Vial"]},{"damage_healed":0.0,"max_hp_gain":0.0,"max_hp_loss":0.0,"gold_gain":75.0,"event_name":"World of Goop","player_choice":"Gather Gold","floor":13.0,"gold_loss":0.0,"damage_taken":11.0},{"damage_healed":0.0,"max_hp_gain":0.0,"max_hp_loss":0.0,"gold_gain":0.0,"event_name":"The Woman in Blue","player_choice":"Bought 0 Potions","floor":21.0,"gold_loss":0.0,"damage_taken":0.0}],"is_beta":false,"boss_relics":[{"not_picked":["Snecko Eye","Black Blood"],"picked":"Orrery"}],"items_purged_floors":[7,19],"is_endless":false,"potions_floor_spawned":[1,8,18,20],"killed_by":"Gremlin Leader","ascension_level":3}