{"gold_per_floor":[109,109,39,39,39,74,74,28,53,53,88,13,28,47,47,125,125,143,43,60,60,0,0,0],"floor_reached":24,"playtime":1533,"items_purged":["Strike_B","Strike_B"],"score":413,"play_id":"9575930a-f43e-4921-9544-5fd126826cc7","local_time":"20190411162046","is_ascension_mode":true,"campfire_choices":[{"data":"Machine Learning","floor":7,"key":"SMITH"},{"data":"Purity","floor":10,"key":"SMITH"},{"data":"Hello World","floor":15,"key":"SMITH"},{"data":"Seek","floor":23,"key":"SMITH"}],"neow_cost":"NONE","seed_source_timestamp":22768110016713,"circlet_count":0,"master_deck":["AscendersBane","Strike_B","Defend_B","Defend_B","Defend_B","Defend_B","Zap","Dualcast","Double Energy","Machine Learning+1","Purity+1","Beam Cell","Gash","Gash+1","Go for the Eyes+1","Hello World+1","Seek+1","Melter+1","Conserve Battery"],"relics":["Cracked Core","NeowsBlessing","Molten Egg 2","Gremlin Horn","DataDisk","Boot","Black Star","Mummified Hand"],"potions_floor_usage":[16,16],"damage_taken":[{"damage":0,"enemies":"Cultist","floor":1,"turns":1},{"damage":0,"enemies":"Gremlin Nob","floor":6,"turns":1},{"damage":0,"enemies":"3 Sentries","floor":11,"turns":1},{"damage":2,"enemies":"Jaw Worm","floor":13,"turns":2},{"damage":10,"enemies":"Small Slimes","floor":14,"turns":3},{"damage":16,"enemies":"Slime Boss","floor":16,"turns":9},{"damage":16,"enemies":"Spheric Guardian","floor":18,"turns":4},{"damage":25,"enemies":"Chosen","floor":20,"turns":5},{"damage":31,"enemies":"Book of Stabbing","floor":24,"turns":4}],"seed_played":"-3230749372459906312","potions_obtained":[{"floor":6,"key":"SkillPotion"},{"floor":13,"key":"Regen Potion"},{"floor":20,"key":"GamblersBrew"}],"is_trial":false,"path_per_floor":["M","?","$","?","?","E","R","$","T","R","E","$","M","M","R","B",null,"M","$","M","?","?","R","E"],"character_chosen":"DEFECT","items_purchased":["Beam Cell","Gash","Go for the Eyes+1"],"campfire_rested":0,"item_purchase_floors":[3,3,8],"current_hp_per_floor":[68,68,68,61,54,54,54,54,54,54,54,54,52,42,42,41,67,51,51,26,26,26,26,0],"gold":0,"neow_bonus":"THREE_ENEMY_KILL","is_prod":false,"is_daily":false,"chose_seed":false,"campfire_upgraded":4,"win_rate":0,"timestamp":1554967246,"path_taken":["M","?","?","?","?","E","R","?","T","R","E","$","?","M","R","BOSS","M","$","M","?","?","R","E"],"build_version":"2019-01-23","purchased_purges":2,"victory":false,"max_hp_per_floor":[75,75,75,75,75,75,75,75,75,75,75,75,75,75,75,75,75,75,75,75,75,75,75,75],"card_choices":[{"not_picked":["Stack","Barrage"],"picked":"Double Energy","floor":1},{"not_picked":["Skim","Sweeping Beam+1"],"picked":"Gash+1","floor":6},{"not_picked":["Redo","Sweeping Beam+1","Genetic Algorithm"],"picked":"SKIP","floor":11},{"not_picked":["Leap","Barrage+1","Coolheaded"],"picked":"SKIP","floor":13},{"not_picked":["Compile Driver+1","Fusion"],"picked":"Hello World","floor":14},{"not_picked":["Echo Form","Fission"],"picked":"Seek","floor":16},{"not_picked":["Coolheaded","Redo+1"],"picked":"Melter+1","floor":18},{"not_picked":["Turbo","Barrage+1"],"picked":"Conserve Battery","floor":20}],"player_experience":724013,"relics_obtained":[{"floor":6,"key":"Gremlin Horn"},{"floor":9,"key":"DataDisk"},{"floor":11,"key":"Boot"}],"event_choices":[{"damage_healed":0,"gold_gain":0,"player_choice":"2 cards matched","damage_taken":0,"max_hp_gain":0,"max_hp_loss":0,"event_name":"Match and Keep!","floor":2,"gold_loss":0,"cards_obtained":["Machine Learning","Purity"]},{"damage_healed":0,"gold_gain":0,"player_choice":"Success","damage_taken":7,"relics_obtained":["Molten Egg 2"],"max_hp_gain":0,"max_hp_loss":0,"event_name":"Scrap Ooze","floor":4,"gold_loss":0},{"cards_removed":["Strike_B"],"damage_healed":0,"gold_gain":0,"player_choice":"Card Removal","damage_taken":7,"max_hp_gain":0,"max_hp_loss":0,"event_name":"Golden Wing","floor":5,"gold_loss":0},{"damage_healed":0,"gold_gain":0,"player_choice":"Opened","damage_taken":0,"relics_obtained":["Mummified Hand"],"max_hp_gain":0,"max_hp_loss":0,"event_name":"The Mausoleum","floor":21,"gold_loss":0},{"damage_healed":0,"gold_gain":0,"player_choice":"Paid Fearfully","damage_taken":0,"max_hp_gain":0,"max_hp_loss":0,"event_name":"Masked Bandits","floor":22,"gold_loss":60}],"is_beta":false,"boss_relics":[{"not_picked":["Sozu","Cursed Key"],"picked":"Black Star"}],"items_purged_floors":[12,19],"is_endless":false,"potions_floor_spawned":[6,13,20],"killed_by":"Book of Stabbing","ascension_level":13}