{"gold_per_floor":[119,119,137,137,155,155,155,155,209,209,209,11,11,11,11,101,101,125,125,33,54,69,69,69],"floor_reached":24,"playtime":1341,"items_purged":["Strike_G"],"score":364,"play_id":"27acd03a-f92a-4504-9ae6-537e6f2ab38d","local_time":"20190412145819","is_ascension_mode":true,"campfire_choices":[{"data":"Cloak And Dagger","floor":6.0,"key":"SMITH"},{"data":"Neutralize","floor":8.0,"key":"SMITH"},{"data":"Survivor","floor":11.0,"key":"SMITH"},{"data":"Apotheosis","floor":15.0,"key":"SMITH"},{"data":"Well Laid Plans","floor":23.0,"key":"SMITH"}],"neow_cost":"NONE","seed_source_timestamp":23357307234900,"circlet_count":0,"master_deck":["AscendersBane","Defend_G","Defend_G","Defend_G","Defend_G","Strike_G","Strike_G","Strike_G","Survivor+1","Neutralize+1","Cloak And Dagger+1","Apotheosis+1","Bullet Time","Cloak And Dagger","Well Laid Plans+1","PiercingWail+1"],"special_seed":0,"relics":["Ring of the Snake","NeowsBlessing","Smiling Mask","Golden Idol","Coffee Dripper"],"potions_floor_usage":[24],"damage_taken":[{"damage":0.0,"enemies":"Small Slimes","floor":1.0,"turns":1.0},{"damage":0.0,"enemies":"Cultist","floor":3.0,"turns":1.0},{"damage":0.0,"enemies":"2 Louse","floor":5.0,"turns":1.0},{"damage":21.0,"enemies":"The Guardian","floor":16.0,"turns":21.0},{"damage":13.0,"enemies":"3 Byrds","floor":18.0,"turns":8.0},{"damage":6.0,"enemies":"Colosseum Slavers","floor":19.0,"turns":6.0},{"damage":10.0,"enemies":"Spheric Guardian","floor":21.0,"turns":6.0},{"damage":15.0,"enemies":"Shelled Parasite and Fungi","floor":22.0,"turns":8.0},{"damage":13,"enemies":"Gremlin Leader","floor":24,"turns":10}],"seed_played":"-5947741632828391254","potions_obtained":[{"floor":5.0,"key":"Regen Potion"},{"floor":16.0,"key":"GhostInAJar"},{"floor":18.0,"key":"Energy Potion"},{"floor":22.0,"key":"Block Potion"}],"is_trial":false,"path_per_floor":["M","?","M","?","M","R","?","R","T","?","R","$","?","$","R","B",null,"M","?","$","M","M","R","E"],"character_chosen":"THE_SILENT","items_purchased":["Apotheosis","Well Laid Plans"],"campfire_rested":0,"item_purchase_floors":[12,20],"current_hp_per_floor":[59,59,59,52,52,52,52,52,52,52,52,52,52,52,52,46,57,44,38,38,28,13,13,0],"gold":69,"neow_bonus":"THREE_ENEMY_KILL","is_prod":false,"is_daily":false,"chose_seed":false,"campfire_upgraded":5,"win_rate":0,"timestamp":1555095499,"path_taken":["M","?","?","?","M","R","?","R","T","?","R","$","?","?","R","BOSS","M","?","$","M","M","R","E"],"build_version":"2019-01-23","purchased_purges":1,"victory":false,"max_hp_per_floor":[66,66,66,66,66,66,66,66,66,60,60,60,60,60,60,60,60,60,60,60,60,60,60,60],"card_choices":[{"not_picked":["Deadly Poison","Accuracy","Reflex"],"picked":"SKIP","floor":1.0},{"not_picked":["Flechettes","Prepared","Distraction"],"picked":"SKIP","floor":3.0},{"not_picked":["Underhanded Strike","Terror"],"picked":"Cloak And Dagger","floor":5.0},{"not_picked":["Storm of Steel","Grand Finale"],"picked":"Bullet Time","floor":16.0},{"not_picked":["Riddle With Holes","PiercingWail"],"picked":"Cloak And Dagger","floor":18.0},{"not_picked":["Deadly Poison","Blade Dance","Flying Knee"],"picked":"SKIP","floor":21.0},{"not_picked":["Masterful Stab+1","Dagger Spray"],"picked":"PiercingWail+1","floor":22.0}],"player_experience":291596,"relics_obtained":[{"floor":9.0,"key":"Smiling Mask"}],"event_choices":[{"cards_removed":["Strike_G"],"damage_healed":0.0,"max_hp_gain":0.0,"max_hp_loss":0.0,"gold_gain":0.0,"event_name":"Bonfire Elementals","player_choice":"Offered Basic","floor":2.0,"gold_loss":0.0,"damage_taken":0.0},{"cards_removed":["Defend_G"],"damage_healed":0.0,"max_hp_gain":0.0,"max_hp_loss":0.0,"gold_gain":0.0,"event_name":"Golden Wing","player_choice":"Card Removal","floor":4.0,"gold_loss":0.0,"damage_taken":7.0},{"damage_healed":0.0,"max_hp_gain":0.0,"max_hp_loss":0.0,"gold_gain":0.0,"event_name":"Dead Adventurer","player_choice":"Searched \u00270\u0027 times","floor":7.0,"gold_loss":0.0,"damage_taken":0.0},{"damage_healed":0.0,"max_hp_gain":0.0,"max_hp_loss":6.0,"gold_gain":0.0,"event_name":"Golden Idol","player_choice":"Lose Max HP","floor":10.0,"gold_loss":0.0,"damage_taken":0.0,"relics_obtained":["Golden Idol"]},{"damage_healed":0.0,"max_hp_gain":0.0,"max_hp_loss":0.0,"gold_gain":0.0,"event_name":"Liars Game","player_choice":"Ignored","floor":13.0,"gold_loss":0.0,"damage_taken":0.0},{"damage_healed":0.0,"max_hp_gain":0.0,"max_hp_loss":0.0,"gold_gain":0.0,"event_name":"Colosseum","player_choice":"Fight","floor":19.0,"gold_loss":0.0,"damage_taken":0.0},{"damage_healed":0.0,"max_hp_gain":0.0,"max_hp_loss":0.0,"gold_gain":0.0,"event_name":"Colosseum","player_choice":"Fled From Nobs","floor":19.0,"gold_loss":0.0,"damage_taken":0.0}],"is_beta":false,"boss_relics":[{"not_picked":["Busted Crown","Black Star"],"picked":"Coffee Dripper"}],"items_purged_floors":[20],"is_endless":false,"potions_floor_spawned":[5,16,18,19,22],"killed_by":"Gremlin Leader","ascension_level":20}