{"gold_per_floor":[112,112,13,88,108,108,166,166,193,213,14,28,46,7,7,108,108,126,126,5,0,17,40,40,51,51,51,51],"floor_reached":28,"playtime":2493,"items_purged":["Strike_R"],"score":216,"play_id":"b6f363b5-96d0-4eec-8c92-1fa9c4140702","local_time":"20190305151534","is_ascension_mode":false,"campfire_choices":[{"floor":6,"key":"RECALL"},{"floor":8,"key":"REST"},{"floor":15,"key":"REST"},{"floor":24,"key":"REST"}],"neow_cost":"NONE","seed_source_timestamp":1708164823101595,"circlet_count":0,"master_deck":["Strike_R","Strike_R","Strike_R","Strike_R","Defend_R","Defend_R","Defend_R","Defend_R","Bash","Shrug It Off","Thunderclap","Bloodletting","Thunderclap","Metallicize","Feel No Pain","Reaper","Rupture","Seeing Red","Flex","Whirlwind","Bloodletting","Warcry","Shame","Havoc+1","Exhume","Whirlwind"],"relics":["Runic Dome","Sundial","Tiny Chest","Orichalcum","Membership Card","Orrery","Smiling Mask","Self Forming Clay","Juzu Bracelet","Girya"],"potions_floor_usage":[16,25,25],"damage_taken":[{"damage":6,"enemies":"2 Louse","floor":1,"turns":2},{"damage":6,"enemies":"Cultist","floor":5,"turns":4},{"damage":25,"enemies":"Gremlin Nob","floor":7,"turns":5},{"damage":3,"enemies":"Jaw Worm","floor":10,"turns":2},{"damage":9,"enemies":"Large Slime","floor":12,"turns":7},{"damage":3,"enemies":"2 Fungi Beasts","floor":13,"turns":2},{"damage":53,"enemies":"Hexaghost","floor":16,"turns":13},{"damage":36,"enemies":"Spheric Guardian","floor":18,"turns":6},{"damage":28,"enemies":"Shell Parasite","floor":22,"turns":10},{"damage":27,"enemies":"Centurion and Healer","floor":25,"turns":9},{"damage":46,"enemies":"Snake Plant","floor":28,"turns":4}],"seed_played":"548505858874535299","potions_obtained":[{"floor":7,"key":"PowerPotion"},{"floor":10,"key":"BloodPotion"},{"floor":18,"key":"GamblersBrew"}],"is_trial":false,"path_per_floor":["M","?","$","?","M","R","E","R","T","M","$","M","M","$","R","B",null,"M","?","$","?","M","T","R","M","T","?","M"],"character_chosen":"IRONCLAD","items_purchased":["Shrug It Off","Membership Card","Feel No Pain","Self Forming Clay"],"campfire_rested":3,"item_purchase_floors":[3,11,14,20],"current_hp_per_floor":[74,74,74,63,57,57,32,56,56,53,53,44,41,41,65,20,80,44,44,44,44,25,25,49,34,34,34,0],"gold":51,"neow_bonus":"BOSS_RELIC","is_prod":false,"is_daily":false,"chose_seed":false,"campfire_upgraded":0,"win_rate":0,"timestamp":1551766534,"path_taken":["M","?","?","?","M","R","E","R","T","M","$","M","M","?","R","BOSS","M","?","$","?","M","?","R","M","T","?","M"],"build_version":"2019-01-23","purchased_purges":1,"victory":false,"max_hp_per_floor":[80,80,80,80,80,80,80,80,80,80,80,80,80,80,80,80,80,80,80,80,80,80,80,80,80,80,80,80],"card_choices":[{"not_picked":["Iron Wave","Power Through"],"picked":"Warcry","floor":1},{"not_picked":["Anger","Clash"],"picked":"Thunderclap","floor":5},{"not_picked":["Sword Boomerang","Clash","Fire Breathing"],"picked":"SKIP","floor":7},{"not_picked":["Clash","Havoc"],"picked":"Bloodletting","floor":10},{"not_picked":["Intimidate","Warcry"],"picked":"Thunderclap","floor":12},{"not_picked":["Thunderclap","True Grit"],"picked":"Metallicize","floor":13},{"not_picked":["Berserk","Exhume"],"picked":"Reaper","floor":16},{"not_picked":["Anger","Carnage"],"picked":"Rupture","floor":17},{"not_picked":["Iron Wave","Pummel"],"picked":"Seeing Red","floor":17},{"not_picked":["Pummel","Headbutt"],"picked":"Flex","floor":17},{"not_picked":["Pummel","Twin Strike"],"picked":"Whirlwind","floor":17},{"not_picked":["Pommel Strike","Iron Wave"],"picked":"Bloodletting","floor":17},{"not_picked":["Pommel Strike","Shockwave"],"picked":"Warcry","floor":18},{"not_picked":["Thunderclap+1","Twin Strike+1"],"picked":"Havoc+1","floor":22},{"not_picked":["Bloodletting","Havoc"],"picked":"Exhume","floor":25}],"player_experience":76202,"relics_obtained":[{"floor":7,"key":"Tiny Chest"},{"floor":9,"key":"Orichalcum"},{"floor":23,"key":"Juzu Bracelet"},{"floor":26,"key":"Girya"}],"event_choices":[{"cards_removed":["Warcry"],"damage_healed":0,"gold_gain":0,"player_choice":"Gave Card","damage_taken":0,"relics_obtained":["Sundial"],"max_hp_gain":0,"max_hp_loss":0,"event_name":"WeMeetAgain","floor":2,"gold_loss":0},{"damage_healed":0,"gold_gain":75,"player_choice":"Gather Gold","damage_taken":11,"max_hp_gain":0,"max_hp_loss":0,"event_name":"World of Goop","floor":4,"gold_loss":0},{"damage_healed":0,"gold_gain":0,"player_choice":"Stole Relic","damage_taken":0,"relics_obtained":["Smiling Mask"],"max_hp_gain":0,"max_hp_loss":0,"event_name":"Addict","floor":19,"gold_loss":0,"cards_obtained":["Shame"]},{"damage_healed":0,"gold_gain":0,"player_choice":"Paid Fearfully","damage_taken":0,"max_hp_gain":0,"max_hp_loss":0,"event_name":"Masked Bandits","floor":21,"gold_loss":5},{"damage_healed":0,"gold_gain":0,"player_choice":"Read","damage_taken":0,"max_hp_gain":0,"max_hp_loss":0,"event_name":"The Library","floor":27,"gold_loss":0,"cards_obtained":["Whirlwind"]}],"is_beta":false,"boss_relics":[{"not_picked":["Mark of Pain","Sozu"],"picked":"Orrery"}],"items_purged_floors":[3],"is_endless":false,"potions_floor_spawned":[7,10,18],"killed_by":"Snake Plant","ascension_level":0}