{"gold_per_floor":[118,136,136,61,61,61,96,96,145,145,145,15,31,44,44,139,139,149,149,149,162,162,162],"floor_reached":23,"playtime":655,"items_purged":["Strike_B"],"score":307,"play_id":"45e76ba8-dfd6-47b6-bd51-9e6f631b9706","local_time":"20190407084151","is_ascension_mode":true,"campfire_choices":[{"data":"Zap","floor":6,"key":"SMITH"},{"data":"Consume","floor":11,"key":"SMITH"},{"data":"Defragment","floor":15,"key":"SMITH"}],"neow_cost":"NONE","seed_source_timestamp":58031973893133,"circlet_count":0,"master_deck":["Strike_B","Strike_B+1","Defend_B","Defend_B","Defend_B","Defend_B","Zap+1","Dualcast","Ball Lightning+1","Coolheaded","Aggregate","Consume+1","Capacitor","Cold Snap","Defragment+1","Fission","Compile Driver","Glacier+1"],"relics":["Cracked Core","NeowsBlessing","Ornamental Fan","Bottled Lightning","Orichalcum","Black Star","Symbiotic Virus"],"potions_floor_usage":[23],"damage_taken":[{"damage":0,"enemies":"Jaw Worm","floor":1,"turns":1},{"damage":0,"enemies":"Cultist","floor":2,"turns":1},{"damage":0,"enemies":"Gremlin Nob","floor":7,"turns":1},{"damage":0,"enemies":"Small Slimes","floor":13,"turns":3},{"damage":6,"enemies":"Blue Slaver","floor":14,"turns":3},{"damage":6,"enemies":"Hexaghost","floor":16,"turns":12},{"damage":14,"enemies":"Chosen","floor":18,"turns":5},{"damage":6,"enemies":"3 Byrds","floor":21,"turns":4},{"damage":40,"enemies":"Book of Stabbing","floor":23,"turns":4}],"seed_played":"-6970319144107131746","potions_obtained":[{"floor":1,"key":"SteroidPotion"},{"floor":13,"key":"Dexterity Potion"},{"floor":21,"key":"Ancient Potion"}],"is_trial":false,"path_per_floor":["M","M","?","$","T","R","E","?","T","$","R","$","M","M","R","B",null,"M","?","?","M","T","E"],"character_chosen":"DEFECT","items_purchased":["Capacitor","Cold Snap"],"campfire_rested":0,"item_purchase_floors":[12,12],"current_hp_per_floor":[68,68,68,68,68,68,68,53,53,53,53,53,53,47,47,41,67,53,39,39,33,33,0],"gold":162,"neow_bonus":"THREE_ENEMY_KILL","is_prod":false,"is_daily":false,"chose_seed":false,"campfire_upgraded":3,"win_rate":0,"timestamp":1554594111,"path_taken":["M","M","?","$","?","R","E","?","T","?","R","$","M","?","R","BOSS","M","?","?","M","?","E"],"build_version":"2019-01-23","purchased_purges":1,"victory":false,"max_hp_per_floor":[75,75,75,75,75,75,75,75,75,75,75,75,75,75,75,75,75,75,80,80,80,80,80],"card_choices":[{"not_picked":["Storm","Darkness"],"picked":"Ball Lightning","floor":1},{"not_picked":["Beam Cell","Streamline"],"picked":"Coolheaded","floor":2},{"not_picked":["Redo","Steam"],"picked":"Consume","floor":7},{"not_picked":["Sweeping Beam","Leap","Turbo"],"picked":"SKIP","floor":13},{"not_picked":["BootSequence","Steam"],"picked":"Defragment","floor":14},{"not_picked":["Buffer","Biased Cognition"],"picked":"Fission","floor":16},{"not_picked":["Barrage","Steam Power"],"picked":"Compile Driver","floor":18},{"not_picked":["Heatsinks","Static Discharge"],"picked":"Glacier+1","floor":21}],"player_experience":692642,"relics_obtained":[{"floor":5,"key":"Ornamental Fan"},{"floor":7,"key":"Bottled Lightning"},{"floor":9,"key":"Orichalcum"},{"floor":22,"key":"Symbiotic Virus"}],"event_choices":[{"damage_healed":0,"gold_gain":0,"cards_transformed":["Strike_B"],"player_choice":"Transformed","damage_taken":0,"max_hp_gain":0,"max_hp_loss":0,"event_name":"Transmorgrifier","floor":3,"gold_loss":0,"cards_obtained":["Aggregate"]},{"damage_healed":0,"gold_gain":0,"player_choice":"Entered Light","damage_taken":15,"max_hp_gain":0,"max_hp_loss":0,"event_name":"Shining Light","floor":8,"gold_loss":0,"cards_upgraded":["Strike_B","Ball Lightning"]},{"damage_healed":0,"gold_gain":0,"player_choice":"Shed Blood","damage_taken":19,"max_hp_gain":5,"max_hp_loss":0,"event_name":"Forgotten Altar","floor":19,"gold_loss":0},{"damage_healed":0,"gold_gain":0,"player_choice":"Ignored","damage_taken":0,"max_hp_gain":0,"max_hp_loss":0,"event_name":"Vampires","floor":20,"gold_loss":0}],"is_beta":false,"boss_relics":[{"not_picked":["Snecko Eye","Lizard Tail"],"picked":"Black Star"}],"items_purged_floors":[4],"is_endless":false,"potions_floor_spawned":[1,13,21],"killed_by":"Book of Stabbing","ascension_level":9}