{"gold_per_floor":[111,286,298,373,141,168,178,194,194,194,94,112,112,112,112,112],"floor_reached":16,"playtime":528,"items_purged":["Doubt","Strike_G"],"score":138,"play_id":"36b8d1ba-880c-4843-87c7-824afce2596f","local_time":"20190311143136","is_ascension_mode":true,"campfire_choices":[{"data":"Crippling Poison","floor":10,"key":"SMITH"},{"data":"After Image","floor":13,"key":"SMITH"},{"floor":15,"key":"REST"}],"neow_cost":"NONE","seed_source_timestamp":2225911448950369,"circlet_count":0,"master_deck":["Defend_G","Defend_G+1","Defend_G","Defend_G","Defend_G+1","Strike_G","Strike_G","Strike_G","Strike_G+1","Survivor+1","Neutralize","Crippling Poison+1","Venomology","After Image+1"],"relics":["Ring of the Snake","NeowsBlessing","Snake Skull","Vajra","War Paint"],"potions_floor_usage":[8,8,12,16,16],"damage_taken":[{"damage":0,"enemies":"2 Louse","floor":1,"turns":1},{"damage":0,"enemies":"Jaw Worm","floor":3,"turns":1},{"damage":0,"enemies":"Gremlin Nob","floor":6,"turns":1},{"damage":0,"enemies":"Small Slimes","floor":7,"turns":4},{"damage":0,"enemies":"Exordium Wildlife","floor":8,"turns":3},{"damage":0,"enemies":"Lots of Slimes","floor":12,"turns":2},{"damage":67,"enemies":"Hexaghost","floor":16,"turns":18}],"seed_played":"5534935598879117403","potions_obtained":[{"floor":1,"key":"Dexterity Potion"},{"floor":7,"key":"Energy Potion"},{"floor":8,"key":"PowerPotion"}],"is_trial":false,"path_per_floor":["M","?","M","?","$","E","M","M","T","R","$","M","R","?","R","B"],"character_chosen":"THE_SILENT","items_purchased":["Snake Skull"],"campfire_rested":1,"item_purchase_floors":[5],"current_hp_per_floor":[70,70,70,59,59,59,59,59,59,59,59,59,59,45,66,7],"gold":112,"neow_bonus":"THREE_ENEMY_KILL","is_prod":false,"is_daily":false,"chose_seed":false,"campfire_upgraded":2,"win_rate":0,"timestamp":1552282296,"path_taken":["M","?","M","?","$","E","M","M","T","R","$","M","R","?","R","BOSS"],"build_version":"2019-01-23","purchased_purges":2,"victory":false,"max_hp_per_floor":[70,70,70,70,70,70,70,70,70,70,70,70,70,70,70,70],"card_choices":[{"not_picked":["Escape Plan","Quick Slash"],"picked":"Crippling Poison","floor":1},{"not_picked":["Dagger Spray","Deflect","Outmaneuver"],"picked":"SKIP","floor":3},{"not_picked":["Acrobatics","Heel Hook"],"picked":"Venomology","floor":6},{"not_picked":["Acrobatics","Dodge and Roll","Heel Hook"],"picked":"SKIP","floor":7},{"not_picked":["Deflect","Underhanded Strike","Bane"],"picked":"SKIP","floor":8},{"not_picked":["Backflip","Outmaneuver"],"picked":"After Image","floor":12}],"player_experience":307704,"relics_obtained":[{"floor":6,"key":"Vajra"},{"floor":9,"key":"War Paint"}],"event_choices":[{"damage_healed":0,"gold_gain":175,"player_choice":"AGREE","damage_taken":0,"max_hp_gain":0,"max_hp_loss":0,"event_name":"Liars Game","floor":2,"gold_loss":0,"cards_obtained":["Doubt"]},{"damage_healed":0,"gold_gain":75,"player_choice":"Gather Gold","damage_taken":11,"max_hp_gain":0,"max_hp_loss":0,"event_name":"World of Goop","floor":4,"gold_loss":0},{"damage_healed":0,"gold_gain":0,"player_choice":"Entered Light","damage_taken":14,"max_hp_gain":0,"max_hp_loss":0,"event_name":"Shining Light","floor":14,"gold_loss":0,"cards_upgraded":["Strike_G","Survivor"]}],"is_beta":false,"boss_relics":[],"items_purged_floors":[5,11],"is_endless":false,"potions_floor_spawned":[1,7,8],"killed_by":"Hexaghost","ascension_level":2}