{"gold_per_floor":[117,192,67,87,87,122,122,154,180,241,276,276,287,302,302,406,406,426,445,445,445,462,462,497,515,515,530,530],"floor_reached":28,"playtime":1491,"items_purged":["Strike_G"],"score":311,"play_id":"ca5b4d30-5b44-4749-939e-303a544d5c29","local_time":"20190321212129","is_ascension_mode":true,"campfire_choices":[{"data":"Blur","floor":7,"key":"SMITH"},{"floor":15,"key":"REST"},{"floor":23,"key":"REST"}],"neow_cost":"NONE","seed_source_timestamp":3801348086865,"circlet_count":0,"master_deck":["Defend_G","Defend_G","Defend_G","Defend_G","Defend_G","Strike_G","Strike_G","Strike_G","Strike_G","Survivor+1","Neutralize","Crippling Poison","Deadly Poison+1","Escape Plan","Blur+1","Poisoned Stab","Blur","Poisoned Stab","Deadly Poison","Well Laid Plans","Corpse Explosion","Prepared+1","Escape Plan","Deadly Poison","Catalyst","Bouncing Flask"],"special_seed":0,"relics":["Ring of the Snake","Dream Catcher","Paper Crane","Bottled Flame","War Paint","Pantograph","Mercury Hourglass","Philosopher\u0027s Stone","Nloth\u0027s Gift","Regal Pillow","Question Card"],"potions_floor_usage":[10,22,24,25,25,27,27,28],"damage_taken":[{"damage":0.0,"enemies":"Small Slimes","floor":1.0,"turns":1.0},{"damage":0,"enemies":"2 Louse","floor":4,"turns":1},{"damage":0,"enemies":"Lagavulin","floor":6,"turns":1},{"damage":10,"enemies":"3 Sentries","floor":8,"turns":12},{"damage":14,"enemies":"Gremlin Nob","floor":10,"turns":5},{"damage":5,"enemies":"Lagavulin","floor":11,"turns":6},{"damage":0,"enemies":"Cultist","floor":13,"turns":4},{"damage":0,"enemies":"Exordium Thugs","floor":14,"turns":4},{"damage":23,"enemies":"Slime Boss","floor":16,"turns":10},{"damage":18,"enemies":"2 Thieves","floor":18,"turns":4},{"damage":10,"enemies":"Shell Parasite","floor":19,"turns":4},{"damage":10,"enemies":"Chosen and Byrds","floor":22,"turns":5},{"damage":23,"enemies":"Slavers","floor":24,"turns":3},{"damage":4,"enemies":"Cultist and Chosen","floor":25,"turns":5},{"damage":0,"enemies":"Centurion and Healer","floor":27,"turns":3},{"damage":15,"enemies":"Shelled Parasite and Fungi","floor":28,"turns":2}],"seed_played":"5498955335343759590","potions_obtained":[{"floor":1.0,"key":"SteroidPotion"},{"floor":4,"key":"SneckoOil"},{"floor":10,"key":"EntropicBrew"},{"floor":12,"key":"Weak Potion"},{"floor":12,"key":"Swift Potion"},{"floor":27,"key":"AttackPotion"}],"is_trial":false,"path_per_floor":["M","?","$","M","?","E","R","E","T","?","E","?","M","M","R","B",null,"M","M","?","?","M","R","E","M","T","M","M"],"character_chosen":"THE_SILENT","items_purchased":["Deadly Poison"],"campfire_rested":2,"item_purchase_floors":[3],"current_hp_per_floor":[70,59,59,59,47,47,47,37,37,23,18,18,18,18,39,41,70,52,42,29,29,19,41,18,14,14,14,0],"gold":530,"neow_bonus":"THREE_ENEMY_KILL","is_prod":false,"is_daily":false,"chose_seed":false,"campfire_upgraded":1,"win_rate":0,"timestamp":1553170889,"path_taken":["M","?","$","M","?","E","R","E","T","?","E","?","?","M","R","BOSS","M","M","?","?","M","R","E","M","T","M","M"],"build_version":"2019-01-23","purchased_purges":1,"victory":false,"max_hp_per_floor":[70,70,70,70,70,70,70,70,70,70,70,70,70,70,70,70,70,70,70,75,75,75,75,75,75,75,75,75],"card_choices":[{"not_picked":["Eviscerate","Deflect"],"picked":"Crippling Poison","floor":1.0},{"not_picked":["Dagger Spray","Accuracy"],"picked":"Escape Plan","floor":4},{"not_picked":["Dodge and Roll","Burst"],"picked":"Blur","floor":6},{"not_picked":["Dagger Throw","Slice"],"picked":"Poisoned Stab","floor":8},{"not_picked":["Outmaneuver","Quick Slash"],"picked":"Blur","floor":11},{"not_picked":["Prepared","Sucker Punch"],"picked":"Poisoned Stab","floor":13},{"not_picked":["Poisoned Stab","Cloak And Dagger"],"picked":"Deadly Poison","floor":14},{"not_picked":["Infinite Blades","Underhanded Strike"],"picked":"Well Laid Plans","floor":15},{"not_picked":["Glass Knife","Venomology"],"picked":"Corpse Explosion","floor":16},{"not_picked":["Sucker Punch","Backstab"],"picked":"Prepared+1","floor":18},{"not_picked":["Eviscerate","Infinite Blades+1"],"picked":"Escape Plan","floor":19},{"not_picked":["Expertise","Underhanded Strike"],"picked":"Deadly Poison","floor":22},{"not_picked":["Underhanded Strike","Poisoned Stab"],"picked":"Catalyst","floor":23},{"not_picked":["Concentrate","Slice","A Thousand Cuts"],"picked":"SKIP","floor":24},{"not_picked":["Poisoned Stab","A Thousand Cuts","Prepared"],"picked":"SKIP","floor":25},{"not_picked":["Quick Slash","Eviscerate","Acrobatics"],"picked":"Bouncing Flask","floor":27}],"player_experience":499040,"relics_obtained":[{"floor":6,"key":"Paper Crane"},{"floor":8,"key":"Bottled Flame"},{"floor":9,"key":"War Paint"},{"floor":10,"key":"Pantograph"},{"floor":11,"key":"Mercury Hourglass"},{"floor":24,"key":"Regal Pillow"},{"floor":26,"key":"Question Card"}],"event_choices":[{"damage_healed":0.0,"max_hp_gain":0.0,"max_hp_loss":0.0,"gold_gain":75.0,"event_name":"World of Goop","player_choice":"Gather Gold","floor":2.0,"gold_loss":0.0,"damage_taken":11.0},{"damage_healed":0,"gold_gain":0,"player_choice":"Success","damage_taken":12,"relics_obtained":["Dream Catcher"],"max_hp_gain":0,"max_hp_loss":0,"event_name":"Scrap Ooze","floor":5,"gold_loss":0},{"damage_healed":0,"gold_gain":0,"player_choice":"Searched \u00271\u0027 times","damage_taken":0,"max_hp_gain":0,"max_hp_loss":0,"event_name":"Dead Adventurer","floor":10,"gold_loss":0},{"damage_healed":0,"gold_gain":0,"player_choice":"Got Potions","damage_taken":0,"max_hp_gain":0,"max_hp_loss":0,"event_name":"Lab","floor":12,"gold_loss":0},{"damage_healed":0,"gold_gain":0,"player_choice":"Shed Blood","damage_taken":18,"max_hp_gain":5,"max_hp_loss":0,"event_name":"Forgotten Altar","floor":20,"gold_loss":0},{"damage_healed":0,"gold_gain":0,"player_choice":"Traded Relic","damage_taken":0,"relics_obtained":["Nloth\u0027s Gift"],"max_hp_gain":0,"max_hp_loss":0,"event_name":"N\u0027loth","floor":21,"relics_lost":["NeowsBlessing"],"gold_loss":0}],"is_beta":false,"boss_relics":[{"not_picked":["WristBlade","Sozu"],"picked":"Philosopher\u0027s Stone"}],"items_purged_floors":[3],"is_endless":false,"potions_floor_spawned":[1,4,10,14,27],"killed_by":"Shelled Parasite and Fungi","ascension_level":2}