{"gold_per_floor":[361,39,39,56,31,31,46,46,93,93,123,123,149,164,164,261,261,278,193,209,209,56,56,87,87,87,87,107,132,132,164,164,261,261,271,290,290,35,51,51,82,82,82,117,128,128,153,153,153,153,153,153,11,36,36],"floor_reached":55,"playtime":5716,"items_purged":[],"score":1293,"play_id":"975eedb6-10fa-47f3-8c20-29f7d034781c","local_time":"20190408180441","is_ascension_mode":true,"campfire_choices":[{"data":"Zap","floor":6.0,"key":"SMITH"},{"data":"Dualcast","floor":8.0,"key":"SMITH"},{"floor":10.0,"key":"REST"},{"data":"Coolheaded","floor":12.0,"key":"SMITH"},{"data":"Defend_B","floor":15.0,"key":"SMITH"},{"data":"Seek","floor":23.0,"key":"SMITH"},{"floor":25.0,"key":"REST"},{"data":"Electrodynamics","floor":30.0,"key":"SMITH"},{"data":"1","floor":32.0,"key":"LIFT"},{"data":"Biased Cognition","floor":40,"key":"SMITH"},{"data":"2","floor":42,"key":"LIFT"},{"data":"3","floor":46,"key":"LIFT"},{"floor":49,"key":"RECALL"},{"data":"Defend_B","floor":52,"key":"SMITH"}],"neow_cost":"PERCENT_DAMAGE","seed_source_timestamp":11695481048568,"circlet_count":0,"master_deck":["Defend_B+1","Defend_B+1","Defend_B","Defend_B","Zap+1","Dualcast+1","Coolheaded+1","Rip and Tear+1","Ball Lightning+1","Cold Snap+1","Sweeping Beam+1","FTL+1","Streamline+1","Rebound+1","Electrodynamics+1","Self Repair+1","Machine Learning+1","Barrage+1","FTL+1","Conserve Battery+1","Seek+1","Sunder+1","Go for the Eyes+1","Cold Snap+1","Biased Cognition+1","Steam+1","Hologram+1","Steam+1","Conserve Battery+1","Seek+1","White Noise+1","Coolheaded+1","Coolheaded+1","Beam Cell+1"],"special_seed":0,"relics":["Cracked Core","Molten Egg 2","Regal Pillow","WingedGreaves","Symbiotic Virus","Astrolabe","DataDisk","Enchiridion","Toxic Egg 2","Bottled Tornado","Cables","Singing Bowl","Girya","Nuclear Battery","Runic Capacitor","Potion Belt","Meat on the Bone","Bottled Flame","Mercury Hourglass","Gremlin Horn"],"potions_floor_usage":[50,55,55,55,55],"damage_taken":[{"damage":1.0,"enemies":"Small Slimes","floor":1.0,"turns":3.0},{"damage":4.0,"enemies":"Cultist","floor":4.0,"turns":3.0},{"damage":2.0,"enemies":"Jaw Worm","floor":7.0,"turns":2.0},{"damage":12.0,"enemies":"Gremlin Nob","floor":11.0,"turns":3.0},{"damage":12.0,"enemies":"Lagavulin","floor":13.0,"turns":5.0},{"damage":0.0,"enemies":"Exordium Thugs","floor":14.0,"turns":2.0},{"damage":0.0,"enemies":"Slime Boss","floor":16.0,"turns":5.0},{"damage":10.0,"enemies":"Chosen","floor":18.0,"turns":3.0},{"damage":13.0,"enemies":"Shell Parasite","floor":20.0,"turns":3.0},{"damage":35.0,"enemies":"Slavers","floor":24.0,"turns":4.0},{"damage":4.0,"enemies":"Cultist and Chosen","floor":28.0,"turns":3.0},{"damage":9.0,"enemies":"Book of Stabbing","floor":29.0,"turns":5.0},{"damage":36.0,"enemies":"Slavers","floor":31.0,"turns":2.0},{"damage":0.0,"enemies":"Collector","floor":33.0,"turns":7.0},{"damage":1,"enemies":"Orb Walker","floor":35,"turns":2},{"damage":0,"enemies":"3 Shapes","floor":36,"turns":1},{"damage":0,"enemies":"Sphere and 2 Shapes","floor":39,"turns":2},{"damage":0,"enemies":"Reptomancer","floor":41,"turns":3},{"damage":29,"enemies":"Nemesis","floor":44,"turns":5},{"damage":0,"enemies":"Transient","floor":45,"turns":5},{"damage":13,"enemies":"Giant Head","floor":47,"turns":5},{"damage":29,"enemies":"Time Eater","floor":50,"turns":9},{"damage":19,"enemies":"Shield and Spear","floor":54,"turns":4},{"damage":97,"enemies":"The Heart","floor":55,"turns":9}],"seed_played":"-418574656548753584","potions_obtained":[{"floor":7.0,"key":"Dexterity Potion"},{"floor":11.0,"key":"SpeedPotion"},{"floor":16.0,"key":"Block Potion"},{"floor":20.0,"key":"PowerPotion"},{"floor":28.0,"key":"SkillPotion"},{"floor":41,"key":"GamblersBrew"},{"floor":44,"key":"Fire Potion"},{"floor":45,"key":"Regen Potion"},{"floor":54,"key":"PowerPotion"}],"is_trial":false,"path_per_floor":["M","$","?","M","$","R","M","R","T","R","E","R","E","M","R","B",null,"M","?","M","?","$","R","E","R","T","T","M","E","R","E","R","B",null,"M","M","?","$","M","R","E","R","T","E","M","R","E","T","R","B",null,"R","$","E","B"],"character_chosen":"DEFECT","items_purchased":["Molten Egg 2","Rip and Tear+1","Cold Snap+1","Seek","Sunder+1","Runic Capacitor","Conserve Battery+1","Coolheaded+1","FairyPotion"],"campfire_rested":2,"item_purchase_floors":[2,2,5,22,22,38,38,53,53],"current_hp_per_floor":[49,49,49,45,45,45,43,43,43,75,63,63,51,51,51,51,69,69,69,66,50,50,50,25,62,62,62,68,71,71,45,45,55,72,77,77,77,77,79,79,79,79,79,60,72,72,69,69,69,62,76,76,76,67,0],"gold":36,"neow_bonus":"TWO_FIFTY_GOLD","is_prod":false,"is_daily":false,"chose_seed":false,"campfire_upgraded":8,"win_rate":0,"timestamp":1554739481,"path_taken":["M","$","?","?","$","R","M","R","T","R","E","R","E","M","R","BOSS","M","?","M","?","$","R","E","R","T","?","M","E","R","E","R","BOSS","M","M","?","$","M","R","E","R","T","E","?","R","E","?","R","BOSS","R","$","E","BOSS"],"build_version":"2019-01-23","purchased_purges":0,"victory":false,"max_hp_per_floor":[75,75,75,75,75,75,75,75,75,75,75,75,75,75,75,75,75,75,75,75,75,75,75,75,75,75,75,75,77,77,77,77,77,77,77,77,77,77,79,79,79,79,79,79,81,81,81,81,81,81,81,81,81,81,81],"card_choices":[{"not_picked":["Leap","BootSequence"],"picked":"Coolheaded","floor":1.0},{"not_picked":["Barrage+1","Steam"],"picked":"Ball Lightning+1","floor":4.0},{"not_picked":["Go for the Eyes+1","Conserve Battery"],"picked":"Sweeping Beam+1","floor":7.0},{"not_picked":["Reinforced Body","Auto Shields"],"picked":"FTL+1","floor":11.0},{"not_picked":["Recycle","Multi-Cast"],"picked":"Streamline+1","floor":13.0},{"not_picked":["Coolheaded","Static Discharge"],"picked":"Rebound+1","floor":14.0},{"not_picked":["Echo Form","Fission"],"picked":"Electrodynamics","floor":16.0},{"not_picked":["Rip and Tear+1","Sweeping Beam+1"],"picked":"FTL+1","floor":18.0},{"not_picked":["Redo","Fusion+1"],"picked":"Conserve Battery+1","floor":20.0},{"not_picked":["Recycle","Electrodynamics","Tempest"],"picked":"SKIP","floor":24.0},{"not_picked":["Stack+1","Sweeping Beam+1"],"picked":"Go for the Eyes+1","floor":28.0},{"not_picked":["Streamline+1","Force Field+1","Melter+1"],"picked":"Singing Bowl","floor":29.0},{"not_picked":["Buffer","Barrage+1"],"picked":"Cold Snap+1","floor":31.0},{"not_picked":["Core Surge+1","Hyperbeam+1"],"picked":"Biased Cognition","floor":33.0},{"not_picked":["Stack+1","Barrage+1"],"picked":"Steam+1","floor":35},{"not_picked":["Lockon+1","Genetic Algorithm+1"],"picked":"Hologram+1","floor":36},{"not_picked":["Cold Snap+1","Hello World+1","Barrage+1"],"picked":"Singing Bowl","floor":39},{"not_picked":["Cold Snap+1","Undo+1"],"picked":"Seek+1","floor":41},{"not_picked":["Steam+1","Reprogram+1"],"picked":"White Noise+1","floor":44},{"not_picked":["Melter+1","Darkness+1","Genetic Algorithm+1"],"picked":"Singing Bowl","floor":45},{"not_picked":["Compile Driver+1","Stack+1"],"picked":"Coolheaded+1","floor":47},{"not_picked":["Go for the Eyes+1","Gash+1"],"picked":"Beam Cell+1","floor":54}],"player_experience":235621,"relics_obtained":[{"floor":9.0,"key":"Regal Pillow"},{"floor":11.0,"key":"WingedGreaves"},{"floor":13.0,"key":"Symbiotic Virus"},{"floor":21.0,"key":"Enchiridion"},{"floor":24.0,"key":"Toxic Egg 2"},{"floor":26.0,"key":"Bottled Tornado"},{"floor":27.0,"key":"Cables"},{"floor":29.0,"key":"Singing Bowl"},{"floor":31.0,"key":"Girya"},{"floor":41,"key":"Potion Belt"},{"floor":44,"key":"Meat on the Bone"},{"floor":47,"key":"Bottled Flame"},{"floor":48,"key":"Mercury Hourglass"},{"floor":54,"key":"Gremlin Horn"}],"event_choices":[{"cards_removed":["Strike_B"],"damage_healed":0.0,"max_hp_gain":0.0,"max_hp_loss":0.0,"gold_gain":0.0,"event_name":"Wheel of Change","player_choice":"Card Removal","floor":3.0,"gold_loss":0.0,"damage_taken":0.0},{"damage_healed":0.0,"max_hp_gain":0.0,"max_hp_loss":0.0,"gold_gain":0.0,"event_name":"Addict","player_choice":"Obtained Relic","floor":19.0,"gold_loss":85.0,"damage_taken":0.0,"relics_obtained":["DataDisk"]},{"damage_healed":0.0,"max_hp_gain":0.0,"max_hp_loss":0.0,"gold_gain":0.0,"event_name":"Cursed Tome","player_choice":"Obtained Book","floor":21.0,"gold_loss":0.0,"damage_taken":16.0},{"damage_healed":0,"gold_gain":0,"player_choice":"Copied","damage_taken":0,"max_hp_gain":0,"max_hp_loss":0,"event_name":"Duplicator","floor":37,"gold_loss":0,"cards_obtained":["Steam"]}],"is_beta":false,"boss_relics":[{"not_picked":["Ectoplasm","Snecko Eye"],"picked":"Astrolabe"},{"not_picked":["Coffee Dripper","Inserter"],"picked":"Nuclear Battery"}],"items_purged_floors":[],"is_endless":false,"potions_floor_spawned":[7,11,16,20,28,29,41,44,45,54],"killed_by":"The Heart","ascension_level":9}