{"gold_per_floor":[109,128,145,160,175,175,250,267,267,267,317,317,317,346,346,446,446,459,485,501,521,521],"floor_reached":22,"playtime":2594,"items_purged":[],"score":188,"play_id":"b335034b-0ea7-47f5-8a39-e2df01a31dd1","local_time":"20190408233440","is_ascension_mode":false,"campfire_choices":[{"data":"A Thousand Cuts","floor":6,"key":"SMITH"},{"data":"Neutralize","floor":10,"key":"SMITH"},{"data":"Cloak And Dagger","floor":13,"key":"SMITH"},{"floor":15,"key":"REST"}],"neow_cost":"TEN_PERCENT_HP_LOSS","seed_source_timestamp":1899629287025700,"circlet_count":0,"master_deck":["Defend_G","Defend_G","Defend_G","Defend_G","Defend_G","Strike_G","Strike_G","Strike_G","Strike_G","Survivor","Neutralize+1","A Thousand Cuts+1","PiercingWail","Backflip","Backflip","Cloak And Dagger+1","Leg Sweep","Backstab","Outmaneuver","Envenom","Footwork","Caltrops","Cloak And Dagger","Quick Slash","Dodge and Roll","Dagger Throw","Terror","PiercingWail","Blur"],"relics":["Ring of the Snake","Potion Belt","PreservedInsect","Centennial Puzzle","Orrery","Red Mask"],"potions_floor_usage":[16,18,19,20,21],"damage_taken":[{"damage":1,"enemies":"Cultist","floor":1,"turns":4},{"damage":3,"enemies":"2 Louse","floor":2,"turns":3},{"damage":3,"enemies":"Jaw Worm","floor":3,"turns":4},{"damage":12,"enemies":"Looter","floor":4,"turns":4},{"damage":0,"enemies":"2 Fungi Beasts","floor":5,"turns":5},{"damage":0,"enemies":"3 Louse","floor":8,"turns":7},{"damage":12,"enemies":"3 Sentries","floor":14,"turns":5},{"damage":32,"enemies":"The Guardian","floor":16,"turns":15},{"damage":23,"enemies":"2 Thieves","floor":18,"turns":5},{"damage":33,"enemies":"Masked Bandits","floor":19,"turns":7},{"damage":2,"enemies":"Shell Parasite","floor":20,"turns":7},{"damage":3,"enemies":"Chosen and Byrds","floor":21,"turns":9},{"damage":9,"enemies":"3 Cultists","floor":22,"turns":3}],"seed_played":"8553567990586158857","potions_obtained":[{"floor":3,"key":"FearPotion"},{"floor":4,"key":"Swift Potion"},{"floor":5,"key":"Ancient Potion"},{"floor":19,"key":"SkillPotion"},{"floor":20,"key":"Block Potion"}],"is_trial":false,"path_per_floor":["M","M","M","M","M","R","?","M","T","R","T","?","R","E","R","B",null,"M","?","M","M","M"],"character_chosen":"THE_SILENT","items_purchased":[],"campfire_rested":1,"item_purchase_floors":[],"current_hp_per_floor":[62,59,56,44,44,44,33,33,33,33,33,33,33,21,39,7,63,40,7,5,2,0],"gold":521,"neow_bonus":"THREE_RARE_CARDS","is_prod":false,"is_daily":false,"chose_seed":false,"campfire_upgraded":3,"win_rate":0,"timestamp":1554791680,"path_taken":["M","M","?","M","M","R","?","M","T","R","?","?","R","E","R","BOSS","M","?","M","M","M"],"build_version":"2019-01-23","purchased_purges":0,"victory":false,"max_hp_per_floor":[63,63,63,63,63,63,63,63,63,63,63,63,63,63,63,63,63,63,63,63,63,63],"card_choices":[{"not_picked":["Burst","Tools of the Trade"],"picked":"A Thousand Cuts","floor":0},{"not_picked":["Outmaneuver","Choke"],"picked":"PiercingWail","floor":1},{"not_picked":["Masterful Stab","Underhanded Strike"],"picked":"Backflip","floor":2},{"not_picked":["Skewer","Dodge and Roll"],"picked":"Backflip","floor":3},{"not_picked":["Flying Knee","Blade Dance"],"picked":"Cloak And Dagger","floor":4},{"not_picked":["Poisoned Stab","Dodge and Roll"],"picked":"Leg Sweep","floor":5},{"not_picked":["PiercingWail","Escape Plan"],"picked":"Backstab","floor":8},{"not_picked":["Catalyst","Doppelganger"],"picked":"Outmaneuver","floor":14},{"not_picked":["Glass Knife","Burst"],"picked":"Envenom","floor":16},{"not_picked":["Deadly Poison","Poisoned Stab"],"picked":"Footwork","floor":17},{"not_picked":["Leg Sweep","Dodge and Roll"],"picked":"Caltrops","floor":17},{"not_picked":["Dagger Throw","Underhanded Strike"],"picked":"Cloak And Dagger","floor":17},{"not_picked":["Finisher","Poisoned Stab"],"picked":"Quick Slash","floor":17},{"not_picked":["Sucker Punch","Predator"],"picked":"Dodge and Roll","floor":17},{"not_picked":["Setup+1","Slice"],"picked":"Dagger Throw","floor":18},{"not_picked":["Bane+1","Calculated Gamble+1"],"picked":"Terror","floor":19},{"not_picked":["Slice","Backflip"],"picked":"PiercingWail","floor":20},{"not_picked":["Sucker Punch","Slice"],"picked":"Blur","floor":21}],"player_experience":142335,"relics_obtained":[{"floor":9,"key":"Potion Belt"},{"floor":11,"key":"PreservedInsect"},{"floor":14,"key":"Centennial Puzzle"},{"floor":19,"key":"Red Mask"}],"event_choices":[{"damage_healed":0,"gold_gain":75,"player_choice":"Gather Gold","damage_taken":11,"max_hp_gain":0,"max_hp_loss":0,"event_name":"World of Goop","floor":7,"gold_loss":0},{"cards_removed":["Strike_G"],"damage_healed":0,"gold_gain":0,"player_choice":"Forget","damage_taken":0,"max_hp_gain":0,"max_hp_loss":0,"event_name":"Living Wall","floor":12,"gold_loss":0},{"damage_healed":0,"gold_gain":0,"player_choice":"Fought Bandits","damage_taken":0,"max_hp_gain":0,"max_hp_loss":0,"event_name":"Masked Bandits","floor":19,"gold_loss":0}],"is_beta":false,"boss_relics":[{"not_picked":["Runic Pyramid","Tiny House"],"picked":"Orrery"}],"items_purged_floors":[],"is_endless":false,"potions_floor_spawned":[3,4,5,19,20],"killed_by":"3 Cultists","ascension_level":0}