{"gold_per_floor":[112,112,124,36,36,36,56,90,90,90,106,106,106,123,123,221,221,241,84,9,25,25,25,43,43],"floor_reached":25,"playtime":886,"items_purged":["Strike_B"],"score":221,"play_id":"3be8c85c-a14c-4114-9408-ea9b7f69466d","local_time":"20190307053323","is_ascension_mode":true,"campfire_choices":[{"data":"FTL","floor":6,"key":"SMITH"},{"data":"White Noise","floor":10,"key":"SMITH"},{"data":"Zap","floor":12,"key":"SMITH"},{"floor":15,"key":"REST"},{"data":"Gash","floor":23,"key":"SMITH"}],"neow_cost":"NONE","seed_source_timestamp":39414521618120,"circlet_count":0,"master_deck":["Strike_B","Defend_B","Defend_B","Defend_B","Defend_B","Zap+1","Dualcast","FTL+1","Steam","Finesse","Rebound","White Noise+1","Reprogram","BootSequence","All For One","Gash+1","Reprogram","FTL","Turbo","Go for the Eyes+1"],"relics":["Cracked Core","NeowsBlessing","Mercury Hourglass","Cables","Black Star"],"potions_floor_usage":[8,8,14,16,16],"damage_taken":[{"damage":0,"enemies":"Small Slimes","floor":1,"turns":1},{"damage":0,"enemies":"Cultist","floor":3,"turns":1},{"damage":0,"enemies":"Jaw Worm","floor":7,"turns":1},{"damage":24,"enemies":"3 Sentries","floor":8,"turns":6},{"damage":1,"enemies":"Blue Slaver","floor":11,"turns":2},{"damage":11,"enemies":"Exordium Thugs","floor":14,"turns":3},{"damage":35,"enemies":"Hexaghost","floor":16,"turns":8},{"damage":14,"enemies":"Spheric Guardian","floor":18,"turns":4},{"damage":30,"enemies":"3 Byrds","floor":21,"turns":3},{"damage":17,"enemies":"Snake Plant","floor":24,"turns":4},{"damage":14,"enemies":"Slavers","floor":25,"turns":1}],"seed_played":"-616425317702102718","potions_obtained":[{"floor":1,"key":"Swift Potion"},{"floor":5,"key":"SkillPotion"},{"floor":5,"key":"FocusPotion"},{"floor":8,"key":"PowerPotion"},{"floor":14,"key":"Energy Potion"},{"floor":21,"key":"GamblersBrew"}],"is_trial":false,"path_per_floor":["M","?","M","$","?","R","M","E","T","R","M","R","?","M","R","B",null,"M","$","?","M","?","R","M","E"],"character_chosen":"DEFECT","items_purchased":["Finesse","Reprogram"],"campfire_rested":1,"item_purchase_floors":[4,19],"current_hp_per_floor":[75,75,75,75,75,75,75,51,51,51,50,50,43,32,54,19,75,61,61,61,31,31,31,14,0],"gold":43,"neow_bonus":"THREE_ENEMY_KILL","is_prod":false,"is_daily":false,"chose_seed":false,"campfire_upgraded":4,"win_rate":0,"timestamp":1551904403,"path_taken":["M","?","M","$","?","R","M","E","T","R","?","R","?","M","R","BOSS","M","$","?","M","?","R","M","E"],"build_version":"2019-01-23","purchased_purges":1,"victory":false,"max_hp_per_floor":[75,75,75,75,75,75,75,75,75,75,75,75,75,75,75,75,75,75,75,75,75,75,75,75,75],"card_choices":[{"not_picked":["Rip and Tear","Conserve Battery"],"picked":"FTL","floor":1},{"not_picked":["Conserve Battery","Consume"],"picked":"Steam","floor":3},{"not_picked":["Stack","Sweeping Beam"],"picked":"Rebound","floor":7},{"not_picked":["Rip and Tear","Consume"],"picked":"White Noise","floor":8},{"not_picked":["Barrage","Force Field"],"picked":"Reprogram","floor":11},{"not_picked":["Fusion","Rebound"],"picked":"BootSequence","floor":14},{"not_picked":["Creative AI","Hyperbeam"],"picked":"All For One","floor":16},{"not_picked":["Scrape+1","Stack"],"picked":"Gash","floor":18},{"not_picked":["Tempest","Barrage"],"picked":"FTL","floor":21},{"not_picked":["FTL","Hello World"],"picked":"Go for the Eyes+1","floor":24}],"player_experience":158912,"relics_obtained":[{"floor":8,"key":"Mercury Hourglass"},{"floor":9,"key":"Cables"}],"event_choices":[{"damage_healed":0,"gold_gain":0,"player_choice":"Ignored","damage_taken":0,"max_hp_gain":0,"max_hp_loss":0,"event_name":"Liars Game","floor":2,"gold_loss":0},{"damage_healed":0,"gold_gain":0,"player_choice":"Got Potions","damage_taken":0,"max_hp_gain":0,"max_hp_loss":0,"event_name":"Lab","floor":5,"gold_loss":0},{"cards_removed":["Strike_B"],"damage_healed":0,"gold_gain":0,"player_choice":"Card Removal","damage_taken":7,"max_hp_gain":0,"max_hp_loss":0,"event_name":"Golden Wing","floor":13,"gold_loss":0},{"cards_removed":["Strike_B"],"damage_healed":0,"gold_gain":0,"player_choice":"Gave Gold","damage_taken":0,"max_hp_gain":0,"max_hp_loss":0,"event_name":"Beggar","floor":20,"gold_loss":75},{"damage_healed":0,"gold_gain":0,"player_choice":"Read","damage_taken":0,"max_hp_gain":0,"max_hp_loss":0,"event_name":"The Library","floor":22,"gold_loss":0,"cards_obtained":["Turbo"]}],"is_beta":false,"boss_relics":[{"not_picked":["Fusion Hammer","Coffee Dripper"],"picked":"Black Star"}],"items_purged_floors":[19],"is_endless":false,"potions_floor_spawned":[1,8,14,21],"killed_by":"Slavers","ascension_level":2}