{"gold_per_floor":[16,29,29,41,141,155,155,175,225,237,278,290,122,139,139,139],"floor_reached":16,"playtime":1335,"items_purged":[],"score":102,"play_id":"cbeae9ba-3f8b-4a10-98b8-4e365907011a","local_time":"20190412190313","is_ascension_mode":false,"campfire_choices":[{"data":"Flame Barrier","floor":7,"key":"SMITH"},{"data":"Bash","floor":10,"key":"SMITH"},{"data":"Shrug It Off","floor":12,"key":"SMITH"},{"floor":15,"key":"REST"}],"neow_cost":"NO_GOLD","seed_source_timestamp":34298402798765,"circlet_count":0,"master_deck":["Strike_R","Strike_R","Strike_R","Defend_R","Defend_R","Defend_R","Defend_R","Bash+1","Havoc","Sentinel","Flame Barrier+1","Shrug It Off+1","Sentinel","The Bomb","Havoc"],"relics":["Burning Blood","MawBank","Matryoshka"],"potions_floor_usage":[16],"damage_taken":[{"damage":3,"enemies":"Jaw Worm","floor":1,"turns":5},{"damage":3,"enemies":"Cultist","floor":2,"turns":6},{"damage":1,"enemies":"2 Louse","floor":4,"turns":4},{"damage":4,"enemies":"Blue Slaver","floor":6,"turns":6},{"damage":10,"enemies":"Looter","floor":8,"turns":3},{"damage":54,"enemies":"3 Sentries","floor":11,"turns":17},{"damage":10,"enemies":"Exordium Thugs","floor":14,"turns":6},{"damage":38,"enemies":"The Guardian","floor":16,"turns":11}],"seed_played":"-1434906190995551599","potions_obtained":[{"floor":2,"key":"Strength Potion"},{"floor":4,"key":"AttackPotion"},{"floor":14,"key":"AttackPotion"}],"is_trial":false,"path_per_floor":["M","M","$","M","?","M","R","M","T","R","E","R","$","M","R","B"],"character_chosen":"IRONCLAD","items_purchased":["The Bomb"],"campfire_rested":1,"item_purchase_floors":[13],"current_hp_per_floor":[80,80,80,80,80,80,80,76,76,76,28,28,28,24,48,10],"gold":139,"neow_bonus":"REMOVE_TWO","is_prod":false,"is_daily":false,"chose_seed":true,"campfire_upgraded":3,"win_rate":0.0,"timestamp":1555088593,"path_taken":["M","M","$","M","?","?","R","M","T","R","E","R","$","M","R","BOSS"],"build_version":"2019-01-23","purchased_purges":0,"victory":false,"max_hp_per_floor":[80,80,80,80,80,80,80,80,80,80,80,80,80,80,80,80],"card_choices":[{"not_picked":["Pommel Strike","Carnage"],"picked":"Havoc","floor":1},{"not_picked":["Fire Breathing","Wild Strike"],"picked":"Sentinel","floor":2},{"not_picked":["Havoc","Spot Weakness"],"picked":"Flame Barrier","floor":4},{"not_picked":["Combust","Armaments","Iron Wave"],"picked":"SKIP","floor":6},{"not_picked":["Sword Boomerang","Carnage"],"picked":"Shrug It Off","floor":8},{"not_picked":["Uppercut","Feed"],"picked":"Sentinel","floor":11},{"not_picked":["Twin Strike","Anger"],"picked":"Havoc","floor":14}],"player_experience":105204,"relics_obtained":[{"floor":9,"key":"MawBank"},{"floor":11,"key":"Matryoshka"}],"event_choices":[{"damage_healed":0,"gold_gain":100,"player_choice":"Pray","damage_taken":0,"max_hp_gain":0,"max_hp_loss":0,"event_name":"Golden Shrine","floor":5,"gold_loss":0}],"is_beta":false,"boss_relics":[],"items_purged_floors":[],"is_endless":false,"potions_floor_spawned":[2,4,14],"killed_by":"The Guardian","ascension_level":0}