{"gold_per_floor":[111,128,203,216,230,262,262,294,321,333,345,357,369,401,413,425],"floor_reached":16,"playtime":613,"items_purged":[],"score":209,"play_id":"1d9ed5c0-3d4e-4216-890a-2e029c598b2a","local_time":"20190321121557","is_ascension_mode":true,"campfire_choices":[{"floor":10.0,"key":"REST"},{"floor":12.0,"key":"REST"},{"data":"Rampage","floor":15.0,"key":"SMITH"}],"neow_cost":"TEN_PERCENT_HP_LOSS","seed_source_timestamp":6442979337623,"circlet_count":0,"master_deck":["AscendersBane","Strike_R","Strike_R","Strike_R","Strike_R","Defend_R","Defend_R","Defend_R","Defend_R","Bash","Immolate","Wild Strike+1","Sever Soul","Ghostly Armor","Shockwave","Second Wind+1","Rampage+1","Spot Weakness"],"special_seed":0,"relics":["Burning Blood","Lantern","Centennial Puzzle","MawBank"],"potions_floor_usage":[],"damage_taken":[{"damage":0.0,"enemies":"Small Slimes","floor":1.0,"turns":2.0},{"damage":9.0,"enemies":"Jaw Worm","floor":2.0,"turns":4.0},{"damage":5.0,"enemies":"2 Louse","floor":4.0,"turns":3.0},{"damage":18.0,"enemies":"Large Slime","floor":5.0,"turns":4.0},{"damage":38.0,"enemies":"Gremlin Nob","floor":6.0,"turns":4.0},{"damage":15.0,"enemies":"3 Sentries","floor":8.0,"turns":4.0},{"damage":0.0,"enemies":"Red Slaver","floor":14.0,"turns":3.0},{"damage":43,"enemies":"Slime Boss","floor":16,"turns":7}],"seed_played":"-493789945750126760","potions_obtained":[{"floor":1.0,"key":"Strength Potion"},{"floor":4.0,"key":"Dexterity Potion"},{"floor":5.0,"key":"SkillPotion"},{"floor":6.0,"key":"Regen Potion"}],"is_trial":false,"path_per_floor":["M","M","?","M","M","E","?","E","T","R","$","R","?","M","R","B"],"character_chosen":"IRONCLAD","items_purchased":[],"campfire_rested":2,"item_purchase_floors":[],"current_hp_per_floor":[68,65,54,55,43,11,11,14,14,34,34,54,34,40,40,0],"gold":425,"neow_bonus":"THREE_RARE_CARDS","is_prod":false,"is_daily":false,"chose_seed":false,"campfire_upgraded":1,"win_rate":0,"timestamp":1553138157,"path_taken":["M","M","?","M","M","E","?","E","T","R","$","R","?","M","R","BOSS"],"build_version":"2019-01-23","purchased_purges":0,"victory":false,"max_hp_per_floor":[68,68,68,68,68,68,68,68,68,68,68,68,68,68,68,68],"card_choices":[{"not_picked":["Dark Embrace","Juggernaut"],"picked":"Immolate","floor":0.0},{"not_picked":["Infernal Blade","Seeing Red"],"picked":"Wild Strike","floor":1.0},{"not_picked":["Ghostly Armor","Twin Strike"],"picked":"Sever Soul","floor":2.0},{"not_picked":["Entrench","Reckless Charge"],"picked":"Ghostly Armor","floor":4.0},{"not_picked":["Wild Strike","Cleave"],"picked":"Shockwave","floor":5.0},{"not_picked":["Headbutt","Sever Soul"],"picked":"Second Wind","floor":6.0},{"not_picked":["Uppercut","Sword Boomerang"],"picked":"Rampage","floor":8.0},{"not_picked":["Pommel Strike","Sentinel"],"picked":"Spot Weakness","floor":14.0}],"player_experience":483588,"relics_obtained":[{"floor":6.0,"key":"Lantern"},{"floor":8.0,"key":"Centennial Puzzle"},{"floor":9.0,"key":"MawBank"}],"event_choices":[{"damage_healed":0.0,"max_hp_gain":0.0,"max_hp_loss":0.0,"gold_gain":75.0,"event_name":"World of Goop","player_choice":"Gather Gold","floor":3.0,"gold_loss":0.0,"damage_taken":11.0},{"cards_removed":["Strike_R"],"damage_healed":0.0,"max_hp_gain":0.0,"max_hp_loss":0.0,"gold_gain":0.0,"event_name":"Living Wall","player_choice":"Forget","floor":7.0,"gold_loss":0.0,"damage_taken":0.0},{"damage_healed":0.0,"max_hp_gain":0.0,"max_hp_loss":0.0,"gold_gain":0.0,"event_name":"Shining Light","player_choice":"Entered Light","floor":13.0,"gold_loss":0.0,"damage_taken":20.0,"cards_upgraded":["Wild Strike","Second Wind"]}],"is_beta":false,"boss_relics":[],"items_purged_floors":[],"is_endless":false,"potions_floor_spawned":[1,4,5,6],"killed_by":"Slime Boss","ascension_level":18}