{"gold_per_floor":[110,110,60,60,12,45,55,113,140,166,166,241,258,258],"floor_reached":14,"playtime":409,"items_purged":[],"score":188,"play_id":"035873cd-f0b9-41d1-9df2-a236784cea92","local_time":"20190411212111","is_ascension_mode":true,"campfire_choices":[{"floor":11.0,"key":"REST"}],"neow_cost":"NONE","seed_source_timestamp":1776856191823,"circlet_count":0,"master_deck":["AscendersBane","Strike_B","Strike_B","Strike_B","Defend_B","Defend_B","Defend_B","Defend_B","Zap","Dualcast","Capacitor","Regret","Ball Lightning","Coolheaded","Self Repair","Reinforced Body","Genetic Algorithm"],"special_seed":0,"relics":["Cracked Core","NeowsBlessing","Sundial","Calipers","Potion Belt","Bottled Lightning","Bag of Marbles","Question Card"],"potions_floor_usage":[14],"damage_taken":[{"damage":0.0,"enemies":"Small Slimes","floor":1.0,"turns":1.0},{"damage":0.0,"enemies":"3 Sentries","floor":6.0,"turns":1.0},{"damage":0.0,"enemies":"Jaw Worm","floor":7.0,"turns":1.0},{"damage":42.0,"enemies":"3 Sentries","floor":8.0,"turns":6.0},{"damage":16.0,"enemies":"Gremlin Nob","floor":10.0,"turns":5.0},{"damage":0.0,"enemies":"2 Louse","floor":13.0,"turns":2.0},{"damage":22,"enemies":"Exordium Wildlife","floor":14,"turns":1}],"seed_played":"6105125016396974847","potions_obtained":[{"floor":6.0,"key":"Strength Potion"},{"floor":8.0,"key":"FearPotion"},{"floor":10.0,"key":"PowerPotion"}],"is_trial":false,"path_per_floor":["M","?","?","?","$","E","M","?","T","E","R","?","M","M"],"character_chosen":"DEFECT","items_purchased":["Weak Potion"],"campfire_rested":1,"item_purchase_floors":[5],"current_hp_per_floor":[68,65,65,65,65,65,65,23,23,7,29,22,22,0],"gold":258,"neow_bonus":"THREE_ENEMY_KILL","is_prod":false,"is_daily":false,"chose_seed":false,"campfire_upgraded":0,"win_rate":0,"timestamp":1554985271,"path_taken":["M","?","?","?","$","E","?","?","T","E","R","?","M","M"],"build_version":"2019-01-23","purchased_purges":0,"victory":false,"max_hp_per_floor":[75,75,75,75,75,75,75,75,75,75,75,75,75,75],"card_choices":[{"not_picked":["Gash","Double Energy"],"picked":"Capacitor","floor":1.0},{"not_picked":["Reprogram","Turbo"],"picked":"Ball Lightning","floor":6.0},{"not_picked":["Rip and Tear","Rebound"],"picked":"Coolheaded","floor":7.0},{"not_picked":["Barrage","Coolheaded"],"picked":"Self Repair","floor":8.0},{"not_picked":["Hologram","Machine Learning"],"picked":"Reinforced Body","floor":10.0},{"not_picked":["Streamline","Stack","Redo"],"picked":"Genetic Algorithm","floor":13.0}],"player_experience":542675,"relics_obtained":[{"floor":6.0,"key":"Potion Belt"},{"floor":8.0,"key":"Bottled Lightning"},{"floor":9.0,"key":"Bag of Marbles"},{"floor":10.0,"key":"Question Card"}],"event_choices":[{"damage_healed":0.0,"max_hp_gain":0.0,"max_hp_loss":0.0,"gold_gain":0.0,"event_name":"Scrap Ooze","player_choice":"Success","floor":2.0,"gold_loss":0.0,"damage_taken":3.0,"relics_obtained":["Sundial"]},{"cards_removed":["Strike_B"],"damage_healed":0.0,"max_hp_gain":0.0,"max_hp_loss":0.0,"gold_gain":0.0,"event_name":"The Cleric","player_choice":"Card Removal","floor":3.0,"gold_loss":50.0,"damage_taken":0.0},{"damage_healed":0.0,"max_hp_gain":0.0,"max_hp_loss":0.0,"gold_gain":0.0,"event_name":"Big Fish","player_choice":"Box","floor":4.0,"gold_loss":0.0,"damage_taken":0.0,"relics_obtained":["Calipers"],"cards_obtained":["Regret"]},{"damage_healed":0.0,"max_hp_gain":0.0,"max_hp_loss":0.0,"gold_gain":0.0,"event_name":"Dead Adventurer","player_choice":"Searched \u00271\u0027 times","floor":8.0,"gold_loss":0.0,"damage_taken":0.0},{"damage_healed":0.0,"max_hp_gain":0.0,"max_hp_loss":0.0,"gold_gain":75.0,"event_name":"FaceTrader","player_choice":"Touch","floor":12.0,"gold_loss":0.0,"damage_taken":7.0}],"is_beta":false,"boss_relics":[],"items_purged_floors":[],"is_endless":false,"potions_floor_spawned":[6,8,10],"killed_by":"Exordium Wildlife","ascension_level":11}