{"gold_per_floor":[117,117,117,217,232,232,259,278,278,353,28,46,73,88,88,193,193,207,1,13,27,27,27,45,55,55,65,80,105,123,153,153,252,252,272,283,34,86,103,138,138,155,225,253,269,281,281,313,313,313],"floor_reached":51,"playtime":3729,"items_purged":["Strike_B","Zap"],"score":1077,"play_id":"2bcb83bf-33e3-4ad6-a81d-d26ff91620d2","local_time":"20190314040347","is_ascension_mode":true,"campfire_choices":[{"data":"Consume","floor":6.0,"key":"SMITH"},{"floor":15.0,"key":"REST"},{"data":"Defend_B","floor":23.0,"key":"PURGE"},{"data":"Strike_B","floor":32.0,"key":"PURGE"},{"data":"Parasite","floor":41.0,"key":"PURGE"},{"data":"Dualcast","floor":49,"key":"SMITH"}],"neow_cost":"NONE","seed_source_timestamp":10026833177401,"circlet_count":0,"master_deck":["Dualcast+1","Coolheaded","Consume+1","Defragment","Self Repair","Defragment+1","Hologram","Creative AI+1","Coolheaded","Creative AI+1","Hologram","Redo+1","Conserve Battery","Self Repair+1","Electrodynamics+1","Conserve Battery+1","Self Repair+1","Reinforced Body","White Noise","Thunder Strike","Thunder Strike","Melter","FTL","Lockon","Hologram","Hologram+1","Storm+1","Seek","Redo+1","Creative AI+1","Seek"],"special_seed":0,"relics":["Nuclear Battery","FossilizedHelix","Mummified Hand","Frozen Egg 2","DataDisk","Peace Pipe","Inserter","Membership Card","Pantograph","Meat on the Bone","Orichalcum","Pandora\u0027s Box","Gremlin Horn","PreservedInsect","Shovel","Symbiotic Virus","Bottled Lightning","Smiling Mask","Emotion Chip"],"potions_floor_usage":[50,50,50],"damage_taken":[{"damage":13.0,"enemies":"Jaw Worm","floor":1.0,"turns":4.0},{"damage":2.0,"enemies":"2 Louse","floor":5.0,"turns":3.0},{"damage":8.0,"enemies":"Lagavulin","floor":7.0,"turns":8.0},{"damage":0.0,"enemies":"Cultist","floor":8.0,"turns":4.0},{"damage":0.0,"enemies":"Looter","floor":12.0,"turns":4.0},{"damage":29.0,"enemies":"Gremlin Nob","floor":13.0,"turns":5.0},{"damage":6.0,"enemies":"2 Fungi Beasts","floor":14.0,"turns":4.0},{"damage":0.0,"enemies":"Slime Boss","floor":16.0,"turns":11.0},{"damage":18.0,"enemies":"2 Thieves","floor":18.0,"turns":4.0},{"damage":1.0,"enemies":"Chosen","floor":20.0,"turns":6.0},{"damage":3.0,"enemies":"Centurion and Healer","floor":21.0,"turns":5.0},{"damage":30.0,"enemies":"Snake Plant","floor":24.0,"turns":4.0},{"damage":0.0,"enemies":"Snecko","floor":25.0,"turns":4.0},{"damage":16.0,"enemies":"Sentry and Sphere","floor":27.0,"turns":4.0},{"damage":11.0,"enemies":"Centurion and Healer","floor":28.0,"turns":4.0},{"damage":27.0,"enemies":"Slavers","floor":29.0,"turns":4.0},{"damage":6.0,"enemies":"Cultist and Chosen","floor":30.0,"turns":4.0},{"damage":20.0,"enemies":"Book of Stabbing","floor":31.0,"turns":5.0},{"damage":0.0,"enemies":"Collector","floor":33.0,"turns":8.0},{"damage":0.0,"enemies":"3 Shapes","floor":35.0,"turns":3.0},{"damage":20.0,"enemies":"3 Darklings","floor":36.0,"turns":3.0},{"damage":47.0,"enemies":"2 Orb Walkers","floor":38.0,"turns":5.0},{"damage":0.0,"enemies":"Writhing Mass","floor":39.0,"turns":4.0},{"damage":0.0,"enemies":"Giant Head","floor":40.0,"turns":6.0},{"damage":16.0,"enemies":"Sphere and 2 Shapes","floor":42.0,"turns":3.0},{"damage":0.0,"enemies":"Reptomancer","floor":44.0,"turns":3.0},{"damage":40.0,"enemies":"Jaw Worm Horde","floor":45.0,"turns":4.0},{"damage":19.0,"enemies":"Writhing Mass","floor":46.0,"turns":3.0},{"damage":37.0,"enemies":"Nemesis","floor":48.0,"turns":5.0},{"damage":29,"enemies":"Awakened One","floor":50,"turns":7}],"seed_played":"229524555490955646","potions_obtained":[{"floor":5.0,"key":"FearPotion"},{"floor":14.0,"key":"SpeedPotion"},{"floor":16.0,"key":"Block Potion"},{"floor":18.0,"key":"PowerPotion"},{"floor":24.0,"key":"Fire Potion"},{"floor":31.0,"key":"GamblersBrew"},{"floor":39.0,"key":"Dexterity Potion"},{"floor":40.0,"key":"FocusPotion"},{"floor":42.0,"key":"Regen Potion"}],"is_trial":false,"path_per_floor":["M","?","?","?","M","R","E","M","T","?","$","M","E","M","R","B",null,"M","$","M","M","?","R","M","M","T","M","M","E","M","E","R","B",null,"M","M","$","?","M","E","R","M","T","E","M","M","?","E","R","B",null],"character_chosen":"DEFECT","items_purchased":["Defragment+1","DataDisk","Hologram","Membership Card","Gremlin Horn","PreservedInsect"],"campfire_rested":1,"item_purchase_floors":[11,11,11,19,37,37],"current_hp_per_floor":[62,62,44,44,42,42,34,34,34,23,23,30,8,9,31,38,75,64,64,70,74,74,74,68,75,75,75,75,75,75,75,75,75,75,75,62,62,54,75,75,72,72,72,72,61,62,62,64,64,63],"gold":313,"neow_bonus":"BOSS_RELIC","is_prod":false,"is_daily":false,"chose_seed":false,"campfire_upgraded":2,"win_rate":0,"timestamp":1552503827,"path_taken":["M","?","?","?","M","R","E","?","T","?","$","M","E","M","R","BOSS","M","$","M","M","?","R","M","M","T","M","?","E","?","E","R","BOSS","M","?","$","?","M","E","R","M","T","E","M","M","?","E","R","BOSS"],"build_version":"2019-01-23","purchased_purges":2,"victory":true,"max_hp_per_floor":[75,75,75,75,75,75,75,75,75,75,75,75,75,75,75,75,75,75,75,75,75,75,75,75,75,75,75,75,75,75,75,75,75,75,75,75,75,75,75,75,72,72,72,72,72,72,68,68,68,68],"card_choices":[{"not_picked":["Auto Shields","Rebound"],"picked":"Coolheaded","floor":1.0},{"not_picked":["Steam","Cold Snap"],"picked":"Consume","floor":5.0},{"not_picked":["Fusion","Stack"],"picked":"Defragment","floor":7.0},{"not_picked":["Rip and Tear","Redo"],"picked":"Self Repair","floor":8.0},{"not_picked":["Conserve Battery","Rebound"],"picked":"Creative AI+1","floor":12.0},{"not_picked":["Stack","Doom and Gloom","Scrape"],"picked":"SKIP","floor":13.0},{"not_picked":["Streamline","Barrage"],"picked":"Coolheaded","floor":14.0},{"not_picked":["All For One","Hyperbeam"],"picked":"Creative AI+1","floor":16.0},{"not_picked":["Double Energy","Chaos"],"picked":"Hologram","floor":18.0},{"not_picked":["Beam Cell","Rebound"],"picked":"Redo+1","floor":20.0},{"not_picked":["Coolheaded","Compile Driver"],"picked":"Conserve Battery","floor":21.0},{"not_picked":["Stack","Go for the Eyes"],"picked":"Electrodynamics+1","floor":24.0},{"not_picked":["Go for the Eyes","Leap"],"picked":"Conserve Battery+1","floor":25.0},{"not_picked":["Go for the Eyes","Coolheaded","Redo"],"picked":"SKIP","floor":27.0},{"not_picked":["Undo+1","Go for the Eyes"],"picked":"Self Repair+1","floor":28.0},{"not_picked":["Auto Shields+1","Turbo"],"picked":"Reinforced Body","floor":29.0},{"not_picked":["Rebound","Sweeping Beam","Streamline+1"],"picked":"SKIP","floor":30.0},{"not_picked":["Rainbow","Coolheaded"],"picked":"White Noise","floor":31.0},{"not_picked":["Fission","All For One"],"picked":"Thunder Strike","floor":33.0},{"not_picked":["Scrape","Conserve Battery"],"picked":"Hologram","floor":35.0},{"not_picked":["Conserve Battery+1","Sweeping Beam+1","Cold Snap"],"picked":"SKIP","floor":36.0},{"not_picked":["Conserve Battery+1","Turbo"],"picked":"Hologram+1","floor":39.0},{"not_picked":["Streamline","Hyperbeam","Rebound"],"picked":"SKIP","floor":40.0},{"not_picked":["Coolheaded","Beam Cell+1"],"picked":"Storm+1","floor":42.0},{"not_picked":["Skim+1","Redo"],"picked":"Seek","floor":44.0},{"not_picked":["Turbo","Cold Snap"],"picked":"Redo+1","floor":45.0},{"not_picked":["Auto Shields","Skim+1"],"picked":"Creative AI+1","floor":46.0},{"not_picked":["Beam Cell+1","Compile Driver"],"picked":"Seek","floor":48.0}],"player_experience":355230,"relics_obtained":[{"floor":7.0,"key":"Mummified Hand"},{"floor":9.0,"key":"Frozen Egg 2"},{"floor":13.0,"key":"Peace Pipe"},{"floor":26.0,"key":"Pantograph"},{"floor":29.0,"key":"Meat on the Bone"},{"floor":31.0,"key":"Orichalcum"},{"floor":38.0,"key":"Shovel"},{"floor":40.0,"key":"Symbiotic Virus"},{"floor":43.0,"key":"Bottled Lightning"},{"floor":44.0,"key":"Smiling Mask"},{"floor":48.0,"key":"Emotion Chip"}],"event_choices":[{"cards_removed":["Strike_B"],"damage_healed":0.0,"max_hp_gain":0.0,"max_hp_loss":0.0,"gold_gain":0.0,"event_name":"Living Wall","player_choice":"Forget","floor":2.0,"gold_loss":0.0,"damage_taken":0.0},{"damage_healed":0.0,"max_hp_gain":0.0,"max_hp_loss":0.0,"gold_gain":0.0,"event_name":"Scrap Ooze","player_choice":"Success","floor":3.0,"gold_loss":0.0,"damage_taken":18.0,"relics_obtained":["FossilizedHelix"]},{"damage_healed":0.0,"max_hp_gain":0.0,"max_hp_loss":0.0,"gold_gain":100.0,"event_name":"Golden Shrine","player_choice":"Pray","floor":4.0,"gold_loss":0.0,"damage_taken":0.0},{"damage_healed":0.0,"max_hp_gain":0.0,"max_hp_loss":0.0,"gold_gain":75.0,"event_name":"World of Goop","player_choice":"Gather Gold","floor":10.0,"gold_loss":0.0,"damage_taken":11.0},{"damage_healed":0.0,"max_hp_gain":0.0,"max_hp_loss":0.0,"gold_gain":0.0,"event_name":"Duplicator","player_choice":"Copied","floor":22.0,"gold_loss":0.0,"damage_taken":0.0,"cards_obtained":["Self Repair"]},{"damage_healed":0.0,"max_hp_gain":0.0,"max_hp_loss":0.0,"gold_gain":0.0,"event_name":"Mysterious Sphere","player_choice":"Fight","floor":38.0,"gold_loss":0.0,"damage_taken":0.0},{"damage_healed":0.0,"max_hp_gain":0.0,"max_hp_loss":4.0,"gold_gain":0.0,"event_name":"Winding Halls","player_choice":"Max HP","floor":47.0,"gold_loss":0.0,"damage_taken":0.0}],"is_beta":false,"boss_relics":[{"not_picked":["Astrolabe","Eternal Feather"],"picked":"Inserter"},{"not_picked":["Coffee Dripper","Empty Cage"],"picked":"Pandora\u0027s Box"}],"items_purged_floors":[11,37],"is_endless":false,"potions_floor_spawned":[5,14,16,18,24,28,31,35,39,40,42],"ascension_level":3}