{"gold_per_floor":[112,112,132,34,34,34,45,62,62,74,74,74,128,154,154,259,259,270,180,196,121,21,52,14,74,74,86,129,141,165,190,202,316,328,354,241,254,354,354,354],"floor_reached":40,"playtime":3078,"items_purged":["Strike_B","Defend_B","Zap"],"score":822,"play_id":"b0635c4c-e56f-4716-b090-946c67c1463b","local_time":"20190408184740","is_ascension_mode":true,"campfire_choices":[{"floor":6,"key":"REST"},{"floor":15,"key":"DIG"},{"data":"Fission","floor":27,"key":"SMITH"},{"floor":29,"key":"REST"},{"floor":32,"key":"DIG"}],"neow_cost":"PERCENT_DAMAGE","seed_source_timestamp":26019918031369,"circlet_count":0,"master_deck":["Defend_B","Defend_B+1","Dualcast","Conserve Battery","Undo+1","Conserve Battery","Cold Snap","Glacier+1","Reinforced Body","Coolheaded","Fission+1","Gash","Sweeping Beam+1","Loop","Capacitor","Recycle+1","Blizzard+1","Biased Cognition","Self Repair"],"relics":["Cracked Core","Calipers","Shovel","DataDisk","Ginger","Sundial","Sozu","Juzu Bracelet","Tiny Chest","MawBank","Centennial Puzzle","Singing Bowl","Calling Bell","Orichalcum","Pear","Nunchaku","Turnip"],"potions_floor_usage":[4,16],"damage_taken":[{"damage":0,"enemies":"Cultist","floor":1,"turns":4},{"damage":11,"enemies":"2 Louse","floor":3,"turns":3},{"damage":0,"enemies":"Jaw Worm","floor":7,"turns":3},{"damage":0,"enemies":"Blue Slaver","floor":8,"turns":4},{"damage":11,"enemies":"Exordium Thugs","floor":10,"turns":7},{"damage":0,"enemies":"Lagavulin","floor":14,"turns":13},{"damage":0,"enemies":"Slime Boss","floor":16,"turns":26},{"damage":4,"enemies":"Shell Parasite","floor":18,"turns":20},{"damage":9,"enemies":"3 Byrds","floor":20,"turns":8},{"damage":0,"enemies":"Gremlin Leader","floor":23,"turns":13},{"damage":0,"enemies":"Book of Stabbing","floor":25,"turns":11},{"damage":27,"enemies":"Slavers","floor":28,"turns":13},{"damage":0,"enemies":"Sentry and Sphere","floor":30,"turns":8},{"damage":0,"enemies":"Chosen and Byrds","floor":31,"turns":10},{"damage":19,"enemies":"Collector","floor":33,"turns":13},{"damage":25,"enemies":"3 Darklings","floor":35,"turns":8},{"damage":15,"enemies":"Orb Walker","floor":37,"turns":10},{"damage":0,"enemies":"Mind Bloom Boss Battle","floor":38,"turns":10},{"damage":88,"enemies":"Giant Head","floor":40,"turns":14}],"seed_played":"-5918272193994288358","potions_obtained":[{"floor":7,"key":"Weak Potion"},{"floor":10,"key":"FearPotion"},{"floor":14,"key":"FocusPotion"}],"is_trial":false,"path_per_floor":["M","?","M","$","?","R","M","M","T","M","$","?","T","E","R","B",null,"M","?","M","$","$","E","$","E","T","R","E","R","M","M","R","B",null,"M","$","M","?","?","E"],"character_chosen":"DEFECT","items_purchased":["Fruit Juice","Capacitor"],"campfire_rested":2,"item_purchase_floors":[4,24],"current_hp_per_floor":[50,32,21,26,26,50,50,50,50,39,39,23,23,23,23,23,66,62,62,53,53,53,53,53,53,53,53,26,50,50,50,50,31,78,55,55,42,42,82,0],"gold":354,"neow_bonus":"TRANSFORM_TWO_CARDS","is_prod":false,"is_daily":false,"chose_seed":false,"campfire_upgraded":1,"win_rate":0,"timestamp":1554716860,"path_taken":["M","?","M","$","?","R","M","M","T","?","?","?","?","E","R","BOSS","M","?","M","?","$","E","$","E","T","R","E","R","M","M","R","BOSS","M","$","M","?","?","E"],"build_version":"2019-01-23","purchased_purges":3,"victory":false,"max_hp_per_floor":[75,75,75,80,80,80,80,80,80,80,80,80,80,80,80,80,80,80,80,80,80,80,80,80,80,80,80,80,80,80,80,80,80,90,92,92,94,94,82,82],"card_choices":[{"not_picked":["Rebound","Blizzard"],"picked":"Conserve Battery","floor":1},{"not_picked":["Melter","Turbo"],"picked":"Cold Snap","floor":3},{"not_picked":["Redo","Go for the Eyes"],"picked":"Glacier","floor":7},{"not_picked":["Streamline","Storm","Go for the Eyes"],"picked":"SKIP","floor":8},{"not_picked":["Redo","Beam Cell"],"picked":"Reinforced Body","floor":10},{"not_picked":["Stack","Sunder"],"picked":"Coolheaded","floor":14},{"not_picked":["Core Surge","Biased Cognition"],"picked":"Fission","floor":16},{"not_picked":["Static Discharge+1","Auto Shields+1","Gash"],"picked":"SKIP","floor":18},{"not_picked":["Static Discharge+1","Auto Shields+1"],"picked":"Gash","floor":18},{"not_picked":["Compile Driver+1","Darkness"],"picked":"Sweeping Beam+1","floor":20},{"not_picked":["Multi-Cast","Barrage"],"picked":"Loop","floor":23},{"not_picked":["Gash","Force Field+1","Redo"],"picked":"SKIP","floor":25},{"not_picked":["Rebound","Compile Driver+1","Undo"],"picked":"SKIP","floor":28},{"not_picked":["Steam","Coolheaded"],"picked":"Recycle+1","floor":30},{"not_picked":["Cold Snap","Leap"],"picked":"Blizzard+1","floor":31},{"not_picked":["Amplify","Meteor Strike"],"picked":"Biased Cognition","floor":33},{"not_picked":["Tempest+1","Compile Driver","Ball Lightning"],"picked":"Singing Bowl","floor":35},{"not_picked":["Reinforced Body+1","Turbo","Compile Driver+1"],"picked":"Singing Bowl","floor":37},{"not_picked":["Genetic Algorithm+1","Cold Snap+1"],"picked":"Self Repair","floor":38}],"player_experience":699343,"relics_obtained":[{"floor":9,"key":"Shovel"},{"floor":13,"key":"DataDisk"},{"floor":14,"key":"Ginger"},{"floor":15,"key":"Sundial"},{"floor":23,"key":"Juzu Bracelet"},{"floor":25,"key":"Tiny Chest"},{"floor":26,"key":"MawBank"},{"floor":28,"key":"Centennial Puzzle"},{"floor":32,"key":"Singing Bowl"},{"floor":34,"key":"Orichalcum"},{"floor":34,"key":"Pear"},{"floor":34,"key":"Nunchaku"},{"floor":38,"key":"Turnip"}],"event_choices":[{"damage_healed":0,"gold_gain":0,"player_choice":"Success","damage_taken":18,"relics_obtained":["Calipers"],"max_hp_gain":0,"max_hp_loss":0,"event_name":"Scrap Ooze","floor":2,"gold_loss":0},{"cards_removed":["Strike_B"],"damage_healed":0,"gold_gain":0,"player_choice":"Offered Basic","damage_taken":0,"max_hp_gain":0,"max_hp_loss":0,"event_name":"Bonfire Elementals","floor":5,"gold_loss":0},{"damage_healed":0,"gold_gain":0,"player_choice":"Entered Light","damage_taken":16,"max_hp_gain":0,"max_hp_loss":0,"event_name":"Shining Light","floor":12,"gold_loss":0,"cards_upgraded":["Defend_B","Glacier"]},{"cards_removed":["Strike_B"],"damage_healed":0,"gold_gain":0,"player_choice":"Upgrade and Remove","damage_taken":0,"max_hp_gain":0,"max_hp_loss":0,"event_name":"Designer","floor":19,"gold_loss":90,"cards_upgraded":["Undo"]},{"damage_healed":0,"gold_gain":0,"player_choice":"Fight","damage_taken":0,"max_hp_gain":0,"max_hp_loss":0,"event_name":"MindBloom","floor":38,"gold_loss":0},{"damage_healed":82,"gold_gain":0,"player_choice":"Heal","damage_taken":0,"max_hp_gain":0,"max_hp_loss":12,"event_name":"The Moai Head","floor":39,"gold_loss":0}],"is_beta":false,"boss_relics":[{"not_picked":["White Beast Statue","Fusion Hammer"],"picked":"Sozu"},{"not_picked":["Lizard Tail","Coffee Dripper"],"picked":"Calling Bell"}],"items_purged_floors":[21,22,36],"is_endless":false,"potions_floor_spawned":[7,10,14,20,23,25,30,33,35],"killed_by":"Giant Head","ascension_level":9}