{"gold_per_floor":[361,361,378,392,410,440,21,21,68,148,158,158,158,174,174,273,273,289,289,308,308,319,319],"floor_reached":23,"playtime":968,"items_purged":["Pain"],"score":272,"play_id":"2afc75ac-7968-4f57-8d11-5698093f5aae","local_time":"20190326000816","is_ascension_mode":true,"campfire_choices":[{"data":"Fission","floor":8,"key":"SMITH"},{"data":"Tempest","floor":13,"key":"SMITH"},{"floor":15,"key":"REST"}],"neow_cost":"CURSE","seed_source_timestamp":11952965717544,"circlet_count":0,"master_deck":["Strike_B","Strike_B","Strike_B+1","Strike_B","Defend_B","Defend_B","Defend_B","Defend_B","Zap","Dualcast","Ball Lightning","Ball Lightning","Conserve Battery","Leap+1","Fission+1","Tempest+1","Reprogram","Seek+1","Conserve Battery","Defragment"],"relics":["Cracked Core","WarpedTongs","Gremlin Horn","Juzu Bracelet","OrangePellets","Blood Vial","Pear","Philosopher\u0027s Stone","Spirit Poop"],"potions_floor_usage":[6,6,16,16],"damage_taken":[{"damage":12,"enemies":"Jaw Worm","floor":1,"turns":3},{"damage":3,"enemies":"Cultist","floor":3,"turns":3},{"damage":3,"enemies":"Small Slimes","floor":4,"turns":3},{"damage":27,"enemies":"Gremlin Gang","floor":5,"turns":4},{"damage":4,"enemies":"Gremlin Nob","floor":6,"turns":2},{"damage":0,"enemies":"Red Slaver","floor":11,"turns":3},{"damage":10,"enemies":"Large Slime","floor":14,"turns":3},{"damage":22,"enemies":"The Guardian","floor":16,"turns":10},{"damage":12,"enemies":"Spheric Guardian","floor":18,"turns":4},{"damage":2,"enemies":"Chosen","floor":20,"turns":3},{"damage":25,"enemies":"Centurion and Healer","floor":22,"turns":7},{"damage":46,"enemies":"Slavers","floor":23,"turns":2}],"seed_played":"-8488099721178607703","potions_obtained":[{"floor":3,"key":"FearPotion"},{"floor":4,"key":"AttackPotion"},{"floor":6,"key":"AttackPotion"},{"floor":14,"key":"Block Potion"},{"floor":20,"key":"SpeedPotion"}],"is_trial":false,"path_per_floor":["M","?","M","M","M","E","$","R","T","T","M","?","R","M","R","B",null,"M","?","M","?","M","E"],"character_chosen":"DEFECT","items_purchased":["Juzu Bracelet","OrangePellets"],"campfire_rested":1,"item_purchase_floors":[7,7],"current_hp_per_floor":[63,63,60,57,30,26,26,26,26,36,38,21,21,13,38,18,68,58,58,58,58,35,0],"gold":319,"neow_bonus":"TWO_FIFTY_GOLD","is_prod":false,"is_daily":false,"chose_seed":false,"campfire_upgraded":2,"win_rate":0,"timestamp":1553526496,"path_taken":["M","?","?","M","M","E","$","R","T","?","M","?","R","M","R","BOSS","M","?","M","?","M","E"],"build_version":"2019-01-23","purchased_purges":1,"victory":false,"max_hp_per_floor":[75,75,75,75,75,75,75,75,75,85,85,85,85,85,85,85,85,85,85,85,85,85,85],"card_choices":[{"not_picked":["Stack","Barrage"],"picked":"Ball Lightning","floor":1},{"not_picked":["Stack","Rainbow"],"picked":"Ball Lightning","floor":3},{"not_picked":["Beam Cell","Heatsinks"],"picked":"Conserve Battery","floor":4},{"not_picked":["Fusion","Cold Snap"],"picked":"Leap","floor":5},{"not_picked":["Beam Cell","Hello World"],"picked":"Fission","floor":6},{"not_picked":["Darkness","Blizzard"],"picked":"Tempest","floor":11},{"not_picked":["Sweeping Beam","Compile Driver"],"picked":"Reprogram","floor":14},{"not_picked":["Buffer","Meteor Strike"],"picked":"Seek","floor":16},{"not_picked":["Consume","Barrage","Turbo"],"picked":"SKIP","floor":18},{"not_picked":["Force Field","Chill"],"picked":"Conserve Battery","floor":20},{"not_picked":["Go for the Eyes+1","Steam"],"picked":"Defragment","floor":22}],"player_experience":594794,"relics_obtained":[{"floor":6,"key":"Gremlin Horn"},{"floor":9,"key":"Blood Vial"},{"floor":10,"key":"Pear"}],"event_choices":[{"damage_healed":0,"gold_gain":0,"player_choice":"Rummage","damage_taken":0,"relics_obtained":["WarpedTongs"],"max_hp_gain":0,"max_hp_loss":0,"event_name":"Accursed Blacksmith","floor":2,"gold_loss":0,"cards_obtained":["Pain"]},{"damage_healed":0,"gold_gain":0,"player_choice":"Entered Light","damage_taken":17,"max_hp_gain":0,"max_hp_loss":0,"event_name":"Shining Light","floor":12,"gold_loss":0,"cards_upgraded":["Leap","Strike_B"]},{"cards_removed":["Decay"],"damage_healed":0,"gold_gain":0,"player_choice":"Offered Curse","damage_taken":0,"relics_obtained":["Spirit Poop"],"max_hp_gain":0,"max_hp_loss":0,"event_name":"Bonfire Elementals","floor":19,"gold_loss":0},{"damage_healed":0,"gold_gain":0,"player_choice":"Upgraded","damage_taken":0,"max_hp_gain":0,"max_hp_loss":0,"event_name":"Upgrade Shrine","floor":21,"gold_loss":0,"cards_upgraded":["Seek"]}],"is_beta":false,"boss_relics":[{"not_picked":["White Beast Statue","Ectoplasm"],"picked":"Philosopher\u0027s Stone"}],"items_purged_floors":[7],"is_endless":false,"potions_floor_spawned":[3,4,6,14,20],"killed_by":"Slavers","ascension_level":5}