{"gold_per_floor":[114,114,134,151,162,197,197,211,259,259,359,359,374,374],"floor_reached":14,"playtime":689,"items_purged":[],"score":143,"play_id":"a27c2203-03c3-4f0b-8f8f-e5161a861750","local_time":"20190411213514","is_ascension_mode":true,"campfire_choices":[{"data":"Recycle","floor":7,"key":"SMITH"},{"data":"Hyperbeam","floor":10,"key":"SMITH"},{"floor":12,"key":"REST"}],"neow_cost":"NONE","seed_source_timestamp":0,"circlet_count":0,"master_deck":["AscendersBane","Strike_B","Strike_B","Strike_B","Strike_B","Defend_B","Defend_B","Defend_B","Defend_B","Zap","Dualcast","Compile Driver","Impatience","Steam","Hyperbeam+1","FTL","Self Repair","BootSequence","Cold Snap","Recycle+1","Conserve Battery","Leap"],"special_seed":0,"relics":["Cracked Core","NeowsBlessing","Orichalcum","Bag of Marbles"],"potions_floor_usage":[6],"damage_taken":[{"damage":0.0,"enemies":"Small Slimes","floor":1.0,"turns":1.0},{"damage":0,"enemies":"Cultist","floor":3,"turns":1},{"damage":0,"enemies":"Jaw Worm","floor":4,"turns":1},{"damage":24,"enemies":"Gremlin Gang","floor":5,"turns":3},{"damage":15,"enemies":"Lagavulin","floor":6,"turns":6},{"damage":6,"enemies":"Exordium Thugs","floor":8,"turns":4},{"damage":5,"enemies":"Large Slime","floor":13,"turns":3},{"damage":71,"enemies":"Gremlin Nob","floor":14,"turns":6}],"seed_played":"-4293195272005708801","potions_obtained":[{"floor":5,"key":"AttackPotion"},{"floor":8,"key":"Energy Potion"},{"floor":13,"key":"SkillPotion"}],"is_trial":false,"path_per_floor":["M","?","M","M","M","E","R","M","T","R","?","R","M","E"],"character_chosen":"DEFECT","items_purchased":[],"campfire_rested":1,"item_purchase_floors":[],"current_hp_per_floor":[68,68,68,68,44,36,36,30,30,30,30,52,47,0],"gold":374,"neow_bonus":"THREE_ENEMY_KILL","is_prod":false,"is_daily":false,"chose_seed":false,"campfire_upgraded":2,"win_rate":0,"timestamp":1554986114,"path_taken":["M","?","?","M","M","E","R","?","T","R","?","R","M","E"],"build_version":"2019-01-23","purchased_purges":0,"victory":false,"max_hp_per_floor":[75,75,75,75,75,75,75,75,75,75,75,75,75,75],"card_choices":[{"not_picked":["Turbo","Recycle"],"picked":"Compile Driver","floor":1.0},{"not_picked":["Sweeping Beam","Rebound"],"picked":"Self Repair","floor":3},{"not_picked":["Beam Cell","Compile Driver"],"picked":"BootSequence","floor":4},{"not_picked":["Hologram","Force Field"],"picked":"Cold Snap","floor":5},{"not_picked":["Beam Cell","Reboot"],"picked":"Recycle","floor":6},{"not_picked":["Redo","Darkness"],"picked":"Conserve Battery","floor":8},{"not_picked":["Rebound","Compile Driver"],"picked":"Leap","floor":13}],"player_experience":543084,"relics_obtained":[{"floor":6,"key":"Orichalcum"},{"floor":9,"key":"Bag of Marbles"}],"event_choices":[{"damage_healed":0,"gold_gain":0,"player_choice":"4 cards matched","damage_taken":0,"max_hp_gain":0,"max_hp_loss":0,"event_name":"Match and Keep!","floor":2,"gold_loss":0,"cards_obtained":["Impatience","Steam","Hyperbeam","FTL"]},{"damage_healed":0,"gold_gain":100,"player_choice":"Gold","damage_taken":0,"max_hp_gain":0,"max_hp_loss":0,"event_name":"Wheel of Change","floor":11,"gold_loss":0}],"is_beta":false,"boss_relics":[],"items_purged_floors":[],"is_endless":false,"potions_floor_spawned":[5,8,13],"killed_by":"Gremlin Nob","ascension_level":11}