{"gold_per_floor":[110,123,48,66,66,66,100,70,95,95],"floor_reached":10,"playtime":438,"items_purged":["Strike_G"],"score":112,"play_id":"86b3eb49-9651-4fc4-9eff-60dd3df991cc","local_time":"20190330010803","is_ascension_mode":true,"campfire_choices":[{"data":"Cloak And Dagger","floor":6,"key":"SMITH"}],"neow_cost":"NONE","seed_source_timestamp":46874226322921,"circlet_count":0,"master_deck":["AscendersBane","Defend_G","Defend_G","Defend_G","Defend_G","Defend_G","Strike_G","Strike_G","Strike_G","Survivor","Neutralize","Poisoned Stab","Cloak And Dagger","Dagger Spray","Cloak And Dagger+1","Acrobatics"],"special_seed":0,"relics":["Philosopher\u0027s Stone","Strawberry","Vajra"],"potions_floor_usage":[10,10],"damage_taken":[{"damage":7,"enemies":"Cultist","floor":1,"turns":6},{"damage":5,"enemies":"Jaw Worm","floor":2,"turns":4},{"damage":0,"enemies":"Small Slimes","floor":4,"turns":4},{"damage":32,"enemies":"3 Sentries","floor":7,"turns":10},{"damage":6,"enemies":"Looter","floor":8,"turns":4},{"damage":16,"enemies":"Lagavulin","floor":10,"turns":6}],"seed_played":"-1943868305696177546","potions_obtained":[{"floor":1,"key":"GhostInAJar"},{"floor":7,"key":"SpeedPotion"}],"is_trial":false,"path_per_floor":["M","M","$","M","?","R","E","M","T","E"],"character_chosen":"THE_SILENT","items_purchased":[],"campfire_rested":0,"item_purchase_floors":[],"current_hp_per_floor":[52,47,47,47,47,47,22,16,16,0],"gold":95,"neow_bonus":"BOSS_RELIC","is_prod":false,"is_daily":false,"chose_seed":false,"campfire_upgraded":1,"win_rate":0,"timestamp":1553875683,"path_taken":["M","?","$","M","?","R","E","M","T","E"],"build_version":"2019-01-23","purchased_purges":1,"victory":false,"max_hp_per_floor":[66,66,66,66,66,66,73,73,73,73],"card_choices":[{"not_picked":["Tactician","Blade Dance"],"picked":"Poisoned Stab","floor":1},{"not_picked":["Terror","Deflect"],"picked":"Cloak And Dagger","floor":2},{"not_picked":["Flying Knee","Flechettes"],"picked":"Dagger Spray","floor":4},{"not_picked":["Skewer","Deflect","Night Terror"],"picked":"SKIP","floor":7},{"not_picked":["Prepared","PiercingWail"],"picked":"Acrobatics","floor":8}],"player_experience":628571,"relics_obtained":[{"floor":7,"key":"Strawberry"},{"floor":9,"key":"Vajra"}],"event_choices":[{"damage_healed":0,"gold_gain":0,"cards_transformed":["Strike_G"],"player_choice":"Transformed","damage_taken":0,"max_hp_gain":0,"max_hp_loss":0,"event_name":"Transmorgrifier","floor":5,"gold_loss":0,"cards_obtained":["Cloak And Dagger"]}],"is_beta":false,"boss_relics":[],"items_purged_floors":[3],"is_endless":false,"potions_floor_spawned":[1,7],"killed_by":"Lagavulin","ascension_level":14}