{"gold_per_floor":[116,127,7,20,20,20,40,40,40,40,70,80,105,117,117,222,222,234,234,250,62,74,74,74,74,74,74,84,84,101,101],"floor_reached":31,"playtime":1474,"items_purged":["Strike_R"],"score":272,"play_id":"38b6515b-c0c0-463b-8539-82c67cae0396","local_time":"20190307181834","is_ascension_mode":false,"campfire_choices":[{"data":"Flex","floor":6.0,"key":"SMITH"},{"floor":8.0,"key":"RECALL"},{"data":"Sword Boomerang","floor":10.0,"key":"SMITH"},{"floor":15.0,"key":"REST"},{"data":"Armaments","floor":23,"key":"SMITH"}],"neow_cost":"NONE","seed_source_timestamp":0,"circlet_count":0,"master_deck":["Strike_R","Strike_R","Strike_R","Defend_R","Defend_R","Defend_R","Defend_R","Bash","Twin Strike","Twin Strike","Flex+1","Heavy Blade","Sword Boomerang+1","Evolve","Flame Barrier","Armaments+1","Demon Form+1","Flex+1","Feed","Mayhem+1","Flex+1","Heavy Blade+1","Whirlwind"],"special_seed":0,"relics":["Burning Blood","NeowsBlessing","Mummified Hand","Pear","Frozen Egg 2","Magic Flower"],"potions_floor_usage":[22,31],"damage_taken":[{"damage":0.0,"enemies":"Jaw Worm","floor":1.0,"turns":1.0},{"damage":0.0,"enemies":"Cultist","floor":2.0,"turns":1.0},{"damage":0.0,"enemies":"2 Louse","floor":4.0,"turns":1.0},{"damage":0.0,"enemies":"Exordium Wildlife","floor":7.0,"turns":3.0},{"damage":36.0,"enemies":"Lagavulin","floor":11.0,"turns":4.0},{"damage":0.0,"enemies":"Gremlin Gang","floor":12.0,"turns":3.0},{"damage":12.0,"enemies":"3 Sentries","floor":13.0,"turns":8.0},{"damage":13.0,"enemies":"Red Slaver","floor":14.0,"turns":2.0},{"damage":31.0,"enemies":"Slime Boss","floor":16.0,"turns":9.0},{"damage":10.0,"enemies":"Spheric Guardian","floor":18.0,"turns":3.0},{"damage":37.0,"enemies":"Chosen","floor":20.0,"turns":5.0},{"damage":23,"enemies":"Centurion and Healer","floor":22,"turns":6},{"damage":23,"enemies":"Shelled Parasite and Fungi","floor":28,"turns":4},{"damage":0,"enemies":"Snecko","floor":30,"turns":3},{"damage":21,"enemies":"Centurion and Healer","floor":31,"turns":2}],"seed_played":"-2098377343233183709","potions_obtained":[{"floor":2.0,"key":"EssenceOfSteel"},{"floor":11.0,"key":"SkillPotion"},{"floor":13.0,"key":"Fruit Juice"},{"floor":20.0,"key":"Energy Potion"},{"floor":30,"key":"EssenceOfSteel"}],"is_trial":false,"path_per_floor":["M","M","$","M","?","R","M","R","T","R","E","M","E","M","R","B",null,"M","?","M","$","M","R","?","?","T","$","M","$","M","M"],"character_chosen":"IRONCLAD","items_purchased":["Flex","Mayhem+1"],"campfire_rested":1,"item_purchase_floors":[3,21],"current_hp_per_floor":[80,80,80,80,80,80,80,80,80,80,60,66,60,58,86,61,95,91,91,60,60,46,46,46,26,26,26,12,12,21,0],"gold":101,"neow_bonus":"THREE_ENEMY_KILL","is_prod":false,"is_daily":false,"chose_seed":false,"campfire_upgraded":3,"win_rate":0,"timestamp":1551950314,"path_taken":["M","M","$","M","?","R","?","R","T","R","E","M","E","M","R","BOSS","M","?","M","$","?","R","?","?","T","?","M","$","?","M"],"build_version":"2019-01-23","purchased_purges":1,"victory":false,"max_hp_per_floor":[80,80,80,80,80,80,80,80,80,80,90,90,90,95,95,95,95,95,95,95,95,98,98,98,103,103,103,103,103,103,103],"card_choices":[{"not_picked":["Havoc","Corruption"],"picked":"Twin Strike","floor":1.0},{"not_picked":["Iron Wave","Wild Strike"],"picked":"Twin Strike","floor":2.0},{"not_picked":["Body Slam","Sword Boomerang"],"picked":"Heavy Blade","floor":4.0},{"not_picked":["Feel No Pain","Iron Wave"],"picked":"Sword Boomerang","floor":7.0},{"not_picked":["Armaments","Pommel Strike"],"picked":"Evolve","floor":11.0},{"not_picked":["Cleave","Clothesline"],"picked":"Flame Barrier","floor":12.0},{"not_picked":["Searing Blow","Evolve","Immolate"],"picked":"SKIP","floor":13.0},{"not_picked":["Clash","Anger"],"picked":"Armaments","floor":14.0},{"not_picked":["Barricade+1","Limit Break"],"picked":"Demon Form+1","floor":16.0},{"not_picked":["Clash","Warcry"],"picked":"Flex+1","floor":18.0},{"not_picked":["Rage","Iron Wave","Havoc"],"picked":"SKIP","floor":20.0},{"not_picked":["Armaments","Rage+1"],"picked":"Flex+1","floor":22},{"not_picked":["Iron Wave","True Grit"],"picked":"Heavy Blade+1","floor":28},{"not_picked":["Feel No Pain+1","Shrug It Off"],"picked":"Whirlwind","floor":30}],"player_experience":184428,"relics_obtained":[{"floor":9.0,"key":"Mummified Hand"},{"floor":11.0,"key":"Pear"},{"floor":13.0,"key":"Frozen Egg 2"},{"floor":26,"key":"Magic Flower"}],"event_choices":[{"cards_removed":["Strike_R"],"damage_healed":0.0,"max_hp_gain":0.0,"max_hp_loss":0.0,"gold_gain":0.0,"event_name":"Bonfire Elementals","player_choice":"Offered Basic","floor":5.0,"gold_loss":0.0,"damage_taken":0.0},{"damage_healed":0.0,"max_hp_gain":0.0,"max_hp_loss":0.0,"gold_gain":0.0,"event_name":"Match and Keep!","player_choice":"1 cards matched","floor":19.0,"gold_loss":0.0,"damage_taken":0.0,"cards_obtained":["Feed"]},{"damage_healed":0,"gold_gain":0,"player_choice":"Ignored","damage_taken":0,"max_hp_gain":0,"max_hp_loss":0,"event_name":"Vampires","floor":24,"gold_loss":0},{"damage_healed":0,"gold_gain":0,"player_choice":"Shed Blood","damage_taken":25,"max_hp_gain":5,"max_hp_loss":0,"event_name":"Forgotten Altar","floor":25,"gold_loss":0}],"is_beta":false,"boss_relics":[{"not_picked":["Velvet Choker","Pandora\u0027s Box","Runic Dome"]}],"items_purged_floors":[3],"is_endless":false,"potions_floor_spawned":[2,11,13,20,30],"killed_by":"Centurion and Healer","ascension_level":0}