{"gold_per_floor":[115,135,145,162,181,181,216,228,240,263,285,314,336,359,371,481,493,524,554,566],"floor_reached":20,"playtime":1125,"items_purged":[],"score":285,"play_id":"74d86743-aa1f-4bc9-bf48-74e09c7b1f91","local_time":"20190410125841","is_ascension_mode":true,"campfire_choices":[{"floor":6.0,"key":"REST"},{"data":"Chaos","floor":8.0,"key":"SMITH"},{"data":"Chaos","floor":15.0,"key":"SMITH"}],"neow_cost":"TEN_PERCENT_HP_LOSS","seed_source_timestamp":10737140402623,"circlet_count":0,"master_deck":["AscendersBane","Strike_B","Strike_B","Strike_B","Strike_B","Defend_B","Defend_B","Defend_B","Defend_B","Zap","Dualcast","Auto Shields","Coolheaded","Capacitor","Chaos+1","Chaos+1","Go for the Eyes","Hologram","Conserve Battery","Leap","Echo Form","Normality","Regret","Pain","Darkness+1"],"special_seed":0,"relics":["Cracked Core","Dead Branch","MawBank","Blood Vial","Calling Bell","Omamori","Gremlin Horn","FossilizedHelix"],"potions_floor_usage":[],"damage_taken":[{"damage":1.0,"enemies":"Cultist","floor":1.0,"turns":4.0},{"damage":0.0,"enemies":"Small Slimes","floor":2.0,"turns":3.0},{"damage":7.0,"enemies":"Jaw Worm","floor":3.0,"turns":3.0},{"damage":21.0,"enemies":"Lots of Slimes","floor":4.0,"turns":4.0},{"damage":11.0,"enemies":"Looter","floor":5.0,"turns":4.0},{"damage":5.0,"enemies":"Lagavulin","floor":7.0,"turns":10.0},{"damage":8.0,"enemies":"Red Slaver","floor":10.0,"turns":4.0},{"damage":9.0,"enemies":"Blue Slaver","floor":11.0,"turns":4.0},{"damage":1.0,"enemies":"Looter","floor":12.0,"turns":5.0},{"damage":2.0,"enemies":"Lots of Slimes","floor":13.0,"turns":2.0},{"damage":1.0,"enemies":"Blue Slaver","floor":14.0,"turns":3.0},{"damage":28,"enemies":"The Guardian","floor":16,"turns":11},{"damage":3,"enemies":"Chosen","floor":18,"turns":5},{"damage":21,"enemies":"Spheric Guardian","floor":19,"turns":8},{"damage":44,"enemies":"Centurion and Healer","floor":20,"turns":6}],"seed_played":"-3578190748653686885","potions_obtained":[{"floor":1.0,"key":"AttackPotion"},{"floor":4.0,"key":"Explosive Potion"},{"floor":5.0,"key":"LiquidBronze"},{"floor":16,"key":"Explosive Potion"}],"is_trial":false,"path_per_floor":["M","M","M","M","M","R","E","R","T","M","M","M","M","M","R","B",null,"M","M","M"],"character_chosen":"DEFECT","items_purchased":[],"campfire_rested":1,"item_purchase_floors":[],"current_hp_per_floor":[67,67,60,39,28,48,43,43,43,37,30,31,31,32,32,6,53,52,33,0],"gold":566,"neow_bonus":"ONE_RARE_RELIC","is_prod":false,"is_daily":false,"chose_seed":false,"campfire_upgraded":2,"win_rate":0,"timestamp":1554868721,"path_taken":["M","M","M","M","M","R","E","R","T","M","M","?","M","M","R","BOSS","M","M","M"],"build_version":"2019-01-23","purchased_purges":0,"victory":false,"max_hp_per_floor":[68,68,68,68,68,68,68,68,68,68,68,68,68,68,68,68,68,68,68,68],"card_choices":[{"not_picked":["Rebound","Streamline"],"picked":"Auto Shields","floor":1.0},{"not_picked":["Go for the Eyes","Redo"],"picked":"Coolheaded","floor":2.0},{"not_picked":["Auto Shields","Storm"],"picked":"Capacitor","floor":3.0},{"not_picked":["Cold Snap","Beam Cell"],"picked":"Chaos","floor":4.0},{"not_picked":["Sweeping Beam","Auto Shields"],"picked":"Chaos","floor":5.0},{"not_picked":["Static Discharge","Aggregate"],"picked":"Go for the Eyes","floor":7.0},{"not_picked":["Hologram","Fission","Compile Driver"],"picked":"SKIP","floor":10.0},{"not_picked":["Turbo","Conserve Battery"],"picked":"Hologram","floor":11.0},{"not_picked":["Streamline","Sunder"],"picked":"Conserve Battery","floor":12.0},{"not_picked":["Turbo","Rebound","Go for the Eyes"],"picked":"SKIP","floor":13.0},{"not_picked":["Static Discharge","Ball Lightning"],"picked":"Leap","floor":14.0},{"not_picked":["Machine Learning","Multi-Cast"],"picked":"Echo Form","floor":16},{"not_picked":["Gash+1","Skim"],"picked":"Darkness+1","floor":18},{"not_picked":["Compile Driver","Chaos","Turbo+1"],"picked":"SKIP","floor":19}],"player_experience":534699,"relics_obtained":[{"floor":7.0,"key":"MawBank"},{"floor":9.0,"key":"Blood Vial"},{"floor":17,"key":"Omamori"},{"floor":17,"key":"Gremlin Horn"},{"floor":17,"key":"FossilizedHelix"}],"event_choices":[],"is_beta":false,"boss_relics":[{"not_picked":["Coffee Dripper","Lizard Tail"],"picked":"Calling Bell"}],"items_purged_floors":[],"is_endless":false,"potions_floor_spawned":[1,4,5,10,11,16,19],"killed_by":"Centurion and Healer","ascension_level":11}