{"gold_per_floor":[117,42,217,231,231,258,258,277,300,316,82,92,92,110,110,185,185,196,208,226,29,29],"floor_reached":22,"playtime":1401,"items_purged":["Strike_B"],"score":451,"play_id":"a6c5ba57-e9e5-4037-968b-519aa039b462","local_time":"20190413131457","is_ascension_mode":true,"campfire_choices":[{"data":"Consume","floor":7.0,"key":"SMITH"},{"data":"Recycle","floor":13.0,"key":"SMITH"},{"data":"Storm","floor":15.0,"key":"SMITH"}],"neow_cost":"NONE","seed_source_timestamp":3118809826149,"circlet_count":0,"master_deck":["AscendersBane","Strike_B","Strike_B","Defend_B+1","Defend_B","Defend_B","Defend_B","Zap","Dualcast+1","Capacitor","Doubt","Force Field","Consume+1","Conserve Battery","Recycle+1","Storm+1","Biased Cognition","Glacier","Reinforced Body","Seek","Decay","Clumsy","Clumsy","Glacier","BootSequence","Ball Lightning"],"special_seed":0,"relics":["Cracked Core","NeowsBlessing","Bronze Scales","Regal Pillow","Calling Bell","War Paint","Mercury Hourglass","Dead Branch","Medical Kit"],"potions_floor_usage":[],"damage_taken":[{"damage":0.0,"enemies":"Cultist","floor":1.0,"turns":1.0},{"damage":0.0,"enemies":"2 Louse","floor":4.0,"turns":1.0},{"damage":0.0,"enemies":"3 Sentries","floor":6.0,"turns":2.0},{"damage":5.0,"enemies":"Jaw Worm","floor":8.0,"turns":2.0},{"damage":27.0,"enemies":"Large Slime","floor":10.0,"turns":5.0},{"damage":0.0,"enemies":"Gremlin Gang","floor":12.0,"turns":1.0},{"damage":0.0,"enemies":"Looter","floor":14.0,"turns":4.0},{"damage":22.0,"enemies":"The Guardian","floor":16.0,"turns":14.0},{"damage":21.0,"enemies":"Chosen","floor":18.0,"turns":4.0},{"damage":7.0,"enemies":"3 Byrds","floor":19.0,"turns":2.0},{"damage":29.0,"enemies":"Snake Plant","floor":20.0,"turns":4.0},{"damage":10,"enemies":"Cultist and Chosen","floor":22,"turns":3}],"seed_played":"7302852617164496509","potions_obtained":[{"floor":4.0,"key":"AttackPotion"},{"floor":6.0,"key":"EssenceOfSteel"},{"floor":12.0,"key":"SteroidPotion"}],"is_trial":false,"path_per_floor":["M","$","?","M","?","E","R","M","T","M","$","M","R","M","R","B",null,"M","M","M","$","M"],"character_chosen":"DEFECT","items_purchased":["Biased Cognition","Glacier","Medical Kit"],"campfire_rested":0,"item_purchase_floors":[11,11,21],"current_hp_per_floor":[68,68,68,68,68,68,68,63,63,36,36,36,36,36,36,14,60,39,32,3,3,0],"gold":29,"neow_bonus":"THREE_ENEMY_KILL","is_prod":false,"is_daily":false,"chose_seed":false,"campfire_upgraded":3,"win_rate":0,"timestamp":1555128897,"path_taken":["M","$","?","M","?","E","R","M","T","M","$","?","R","M","R","BOSS","M","M","M","$","?"],"build_version":"2019-01-23","purchased_purges":1,"victory":false,"max_hp_per_floor":[75,75,75,75,75,75,75,75,75,75,75,75,75,75,75,75,75,75,75,75,75,75],"card_choices":[{"not_picked":["Redo","Rip and Tear"],"picked":"Capacitor","floor":1.0},{"not_picked":["Barrage","Turbo"],"picked":"Force Field","floor":4.0},{"not_picked":["Go for the Eyes","Streamline"],"picked":"Conserve Battery","floor":6.0},{"not_picked":["Sweeping Beam","Leap"],"picked":"Recycle","floor":8.0},{"not_picked":["Skim","Beam Cell"],"picked":"Storm","floor":10.0},{"not_picked":["Leap","Beam Cell","Streamline"],"picked":"SKIP","floor":12.0},{"not_picked":["Hello World","Barrage"],"picked":"Reinforced Body","floor":14.0},{"not_picked":["Thunder Strike","Meteor Strike"],"picked":"Seek","floor":16.0},{"not_picked":["Compile Driver","Steam"],"picked":"Glacier","floor":18.0},{"not_picked":["Redo","Glacier"],"picked":"BootSequence","floor":19.0},{"not_picked":["Rebound","Steam"],"picked":"Ball Lightning","floor":20.0}],"player_experience":737353,"relics_obtained":[{"floor":6.0,"key":"Bronze Scales"},{"floor":9.0,"key":"Regal Pillow"},{"floor":17.0,"key":"War Paint"},{"floor":17.0,"key":"Mercury Hourglass"},{"floor":17.0,"key":"Dead Branch"}],"event_choices":[{"damage_healed":0.0,"max_hp_gain":0.0,"max_hp_loss":0.0,"gold_gain":175.0,"event_name":"Liars Game","player_choice":"AGREE","floor":3.0,"gold_loss":0.0,"damage_taken":0.0,"cards_obtained":["Doubt"]},{"damage_healed":0.0,"max_hp_gain":0.0,"max_hp_loss":0.0,"gold_gain":0.0,"cards_transformed":["Strike_B"],"event_name":"Transmorgrifier","player_choice":"Transformed","floor":5.0,"gold_loss":0.0,"damage_taken":0.0,"cards_obtained":["Consume"]}],"is_beta":false,"boss_relics":[{"not_picked":["Black Star","Runic Dome"],"picked":"Calling Bell"}],"items_purged_floors":[2],"is_endless":false,"potions_floor_spawned":[4,6,12],"killed_by":"Cultist and Chosen","ascension_level":13}