{"gold_per_floor":[116,129,79,91,91,126,139,139,139,15,15,56,77,90,90,186,186,206,220,3,18,41,41,41],"floor_reached":24,"playtime":890,"items_purged":["Conserve Battery","Zap"],"score":372,"play_id":"599b2cdf-2092-450f-bd85-5c1b19b982b6","local_time":"20190411174106","is_ascension_mode":true,"campfire_choices":[{"floor":8.0,"key":"REST"},{"floor":15.0,"key":"REST"},{"floor":23,"key":"REST"}],"neow_cost":"NONE","seed_source_timestamp":28087553369974,"circlet_count":0,"master_deck":["AscendersBane","Dualcast+1","All For One","Melter","Rebound","Conserve Battery+1","Buffer","Reboot","Gash","Streamline","Hyperbeam","Gash","Gash","Sunder","Reprogram","White Noise","Go for the Eyes","Machine Learning","Gash+1","BootSequence","Beam Cell","Beam Cell","Good Instincts","Go for the Eyes+1","Steam","Skim","Undo"],"special_seed":0,"relics":["Pandora\u0027s Box","Blood Vial","Shuriken","Golden Idol","Prayer Wheel","Runic Dome"],"potions_floor_usage":[21],"damage_taken":[{"damage":10.0,"enemies":"Small Slimes","floor":1.0,"turns":2.0},{"damage":12.0,"enemies":"Jaw Worm","floor":2.0,"turns":3.0},{"damage":0.0,"enemies":"2 Louse","floor":4.0,"turns":2.0},{"damage":12.0,"enemies":"Gremlin Nob","floor":6.0,"turns":4.0},{"damage":0.0,"enemies":"Exordium Wildlife","floor":7.0,"turns":4.0},{"damage":10.0,"enemies":"3 Sentries","floor":12.0,"turns":2.0},{"damage":0.0,"enemies":"Lots of Slimes","floor":13.0,"turns":1.0},{"damage":15.0,"enemies":"3 Louse","floor":14.0,"turns":2.0},{"damage":32,"enemies":"Hexaghost","floor":16,"turns":7},{"damage":12,"enemies":"Chosen","floor":18,"turns":3},{"damage":0,"enemies":"Spheric Guardian","floor":19,"turns":2},{"damage":28,"enemies":"Snake Plant","floor":21,"turns":3},{"damage":8,"enemies":"Centurion and Healer","floor":22,"turns":5},{"damage":38,"enemies":"Book of Stabbing","floor":24,"turns":4}],"seed_played":"-4936362180574776674","potions_obtained":[{"floor":6.0,"key":"PowerPotion"},{"floor":12.0,"key":"SpeedPotion"},{"floor":16,"key":"PowerPotion"}],"is_trial":false,"path_per_floor":["M","M","?","M","?","E","M","R","T","$","?","E","M","M","R","B",null,"M","M","$","M","M","R","E"],"character_chosen":"DEFECT","items_purchased":["Gash","Beam Cell","Good Instincts"],"campfire_rested":3,"item_purchase_floors":[10,20,20],"current_hp_per_floor":[58,46,46,46,31,19,21,43,43,43,43,35,37,24,44,14,55,45,47,47,21,15,35,0],"gold":41,"neow_bonus":"BOSS_RELIC","is_prod":false,"is_daily":false,"chose_seed":false,"campfire_upgraded":0,"win_rate":0,"timestamp":1554972066,"path_taken":["M","M","?","M","?","E","M","R","T","$","?","E","M","M","R","BOSS","M","M","$","M","M","R","E"],"build_version":"2019-01-23","purchased_purges":2,"victory":false,"max_hp_per_floor":[75,75,75,75,75,75,75,75,75,75,69,69,69,69,69,69,69,69,69,69,69,69,69,69],"card_choices":[{"not_picked":["Barrage","Stack"],"picked":"Gash","floor":1.0},{"not_picked":["Compile Driver","Force Field","Doom and Gloom"],"picked":"SKIP","floor":2.0},{"not_picked":["Leap","Barrage"],"picked":"Streamline","floor":4.0},{"not_picked":["Stack","Hello World"],"picked":"Hyperbeam","floor":6.0},{"not_picked":["Force Field","Auto Shields"],"picked":"Gash","floor":7.0},{"not_picked":["Compile Driver","Redo"],"picked":"Sunder","floor":12.0},{"not_picked":["Hologram","Redo"],"picked":"Reprogram","floor":13.0},{"not_picked":["Double Energy","Stack"],"picked":"White Noise","floor":13.0},{"not_picked":["Fusion","Streamline"],"picked":"Go for the Eyes","floor":14.0},{"not_picked":["Coolheaded","Aggregate","Compile Driver"],"picked":"SKIP","floor":14.0},{"not_picked":["Amplify","Buffer"],"picked":"Machine Learning","floor":16},{"not_picked":["Defragment","Barrage"],"picked":"Gash+1","floor":18},{"not_picked":["Auto Shields","Sweeping Beam"],"picked":"BootSequence","floor":18},{"not_picked":["Turbo","Hyperbeam"],"picked":"Beam Cell","floor":19},{"not_picked":["Cold Snap","Turbo","Consume+1"],"picked":"SKIP","floor":19},{"not_picked":["Doom and Gloom","Cold Snap"],"picked":"Go for the Eyes+1","floor":21},{"not_picked":["Loop","Leap+1"],"picked":"Steam","floor":21},{"not_picked":["Aggregate","Beam Cell"],"picked":"Skim","floor":22},{"not_picked":["Conserve Battery+1","Barrage"],"picked":"Undo","floor":22}],"player_experience":727773,"relics_obtained":[{"floor":6.0,"key":"Blood Vial"},{"floor":9.0,"key":"Shuriken"},{"floor":12.0,"key":"Prayer Wheel"}],"event_choices":[{"cards_removed":["Aggregate"],"damage_healed":0.0,"max_hp_gain":0.0,"max_hp_loss":0.0,"gold_gain":0.0,"event_name":"The Cleric","player_choice":"Card Removal","floor":3.0,"gold_loss":50.0,"damage_taken":0.0},{"damage_healed":0.0,"max_hp_gain":0.0,"max_hp_loss":0.0,"gold_gain":0.0,"event_name":"Shining Light","player_choice":"Entered Light","floor":5.0,"gold_loss":0.0,"damage_taken":15.0,"cards_upgraded":["Conserve Battery","Dualcast"]},{"damage_healed":0.0,"max_hp_gain":0.0,"max_hp_loss":6.0,"gold_gain":0.0,"event_name":"Golden Idol","player_choice":"Lose Max HP","floor":11.0,"gold_loss":0.0,"damage_taken":0.0,"relics_obtained":["Golden Idol"]}],"is_beta":false,"boss_relics":[{"not_picked":["Inserter","Snecko Eye"],"picked":"Runic Dome"}],"items_purged_floors":[10,20],"is_endless":false,"potions_floor_spawned":[6,12,16,19],"killed_by":"Book of Stabbing","ascension_level":13}