{"gold_per_floor":[109,127,0,0,13,42,42,72,72,90,10,10,23,42,42,42],"floor_reached":16,"playtime":704,"items_purged":["Defend_B","Strike_B"],"score":224,"play_id":"8debcf38-b325-4f35-8922-1e407c9e10d2","local_time":"20190414141015","is_ascension_mode":true,"campfire_choices":[{"floor":7,"key":"REST"},{"floor":12,"key":"REST"},{"data":"Zap","floor":15,"key":"SMITH"}],"neow_cost":"NONE","seed_source_timestamp":141110646566600,"circlet_count":0,"master_deck":["AscendersBane","Strike_B","Strike_B","Strike_B","Defend_B","Defend_B","Zap+1","Dualcast","Glacier","Barrage","Ball Lightning","Loop","Cold Snap","White Noise"],"relics":["Cracked Core","NeowsBlessing","Unceasing Top","The Courier","Question Card"],"potions_floor_usage":[6,13,16],"damage_taken":[{"damage":0,"enemies":"2 Louse","floor":1,"turns":1},{"damage":0,"enemies":"Cultist","floor":2,"turns":1},{"damage":0,"enemies":"Jaw Worm","floor":5,"turns":1},{"damage":29,"enemies":"Lagavulin","floor":6,"turns":6},{"damage":18,"enemies":"3 Sentries","floor":8,"turns":8},{"damage":13,"enemies":"Blue Slaver","floor":10,"turns":3},{"damage":0,"enemies":"3 Louse","floor":13,"turns":2},{"damage":17,"enemies":"Gremlin Gang","floor":14,"turns":4},{"damage":45,"enemies":"Hexaghost","floor":16,"turns":10}],"seed_played":"2994620089754514698","potions_obtained":[{"floor":2,"key":"FearPotion"},{"floor":10,"key":"Explosive Potion"},{"floor":14,"key":"Regen Potion"}],"is_trial":false,"path_per_floor":["M","M","$","?","M","E","R","E","T","M","$","R","M","M","R","B"],"character_chosen":"DEFECT","items_purchased":["Ball Lightning"],"campfire_rested":2,"item_purchase_floors":[3],"current_hp_per_floor":[64,64,64,64,64,35,56,38,38,25,25,46,46,29,29,0],"gold":42,"neow_bonus":"THREE_ENEMY_KILL","is_prod":false,"is_daily":false,"chose_seed":false,"campfire_upgraded":1,"win_rate":0,"timestamp":1555265415,"path_taken":["M","M","$","?","M","E","R","E","T","M","?","R","M","M","R","BOSS"],"build_version":"2019-01-23","purchased_purges":2,"victory":false,"max_hp_per_floor":[71,71,71,71,71,71,71,71,71,71,71,71,71,71,71,71],"card_choices":[{"not_picked":["Stack","FTL"],"picked":"Glacier","floor":1},{"not_picked":["Consume","Rebound"],"picked":"Barrage","floor":2},{"not_picked":["Undo","Steam"],"picked":"Loop","floor":5},{"not_picked":["Coolheaded","Stack","Turbo"],"picked":"SKIP","floor":6},{"not_picked":["Leap","Glacier","Rip and Tear"],"picked":"SKIP","floor":8},{"not_picked":["Turbo","Coolheaded","Lockon"],"picked":"Cold Snap","floor":10},{"not_picked":["Redo","Hologram","Chaos"],"picked":"White Noise","floor":13},{"not_picked":["Sunder","Steam Power","Hologram","Leap"],"picked":"SKIP","floor":14}],"player_experience":315195,"relics_obtained":[{"floor":6,"key":"Unceasing Top"},{"floor":8,"key":"The Courier"},{"floor":9,"key":"Question Card"}],"event_choices":[{"cards_removed":["Defend_B"],"damage_healed":0,"gold_gain":0,"player_choice":"Purged","damage_taken":0,"max_hp_gain":0,"max_hp_loss":0,"event_name":"Purifier","floor":4,"gold_loss":0}],"is_beta":false,"boss_relics":[],"items_purged_floors":[3,11],"is_endless":false,"potions_floor_spawned":[2,10,14],"killed_by":"Hexaghost","ascension_level":20}