{"gold_per_floor":[119,137,137,156,166,166,200,200,500,500,575,593,593,613,613,613],"floor_reached":16,"playtime":761,"items_purged":[],"score":100,"play_id":"8e409ed9-a2ac-4557-95bf-f842981bc80e","local_time":"20190411213703","is_ascension_mode":false,"campfire_choices":[{"data":"Defend_R","floor":6,"key":"SMITH"},{"data":"Intimidate","floor":10,"key":"SMITH"},{"data":"Defend_R","floor":13,"key":"SMITH"},{"data":"Defend_R","floor":15,"key":"SMITH"}],"neow_cost":"NONE","seed_source_timestamp":45164315883820,"circlet_count":0,"master_deck":["Strike_R","Strike_R+1","Strike_R","Strike_R","Strike_R","Defend_R+1","Defend_R+1","Defend_R","Defend_R+1","Bash+1","Intimidate+1"],"relics":["Burning Blood","NeowsBlessing","Pantograph","Ice Cream","Old Coin","Odd Mushroom"],"potions_floor_usage":[5,16,16],"damage_taken":[{"damage":0,"enemies":"2 Louse","floor":1,"turns":1},{"damage":0,"enemies":"Jaw Worm","floor":2,"turns":1},{"damage":0,"enemies":"Small Slimes","floor":4,"turns":1},{"damage":1,"enemies":"2 Fungi Beasts","floor":5,"turns":2},{"damage":27,"enemies":"Gremlin Nob","floor":7,"turns":4},{"damage":1,"enemies":"Blue Slaver","floor":12,"turns":3},{"damage":16,"enemies":"The Mushroom Lair","floor":14,"turns":5},{"damage":68,"enemies":"Slime Boss","floor":16,"turns":11}],"seed_played":"-5374863153114016562","potions_obtained":[{"floor":1,"key":"Explosive Potion"},{"floor":12,"key":"Fire Potion"},{"floor":14,"key":"SteroidPotion"}],"is_trial":false,"path_per_floor":["M","M","?","M","M","R","E","?","T","R","?","M","R","?","R","B"],"character_chosen":"IRONCLAD","items_purchased":[],"campfire_rested":0,"item_purchase_floors":[],"current_hp_per_floor":[80,80,64,70,75,75,54,54,54,54,43,48,48,38,38,0],"gold":613,"neow_bonus":"THREE_ENEMY_KILL","is_prod":false,"is_daily":false,"chose_seed":false,"campfire_upgraded":4,"win_rate":0.0,"timestamp":1555011423,"path_taken":["M","M","?","M","M","R","E","?","T","R","?","M","R","?","R","BOSS"],"build_version":"2019-01-23","purchased_purges":0,"victory":false,"max_hp_per_floor":[80,80,80,80,80,80,80,80,80,80,80,80,80,80,80,80],"card_choices":[{"not_picked":["Iron Wave","Fire Breathing","Pummel"],"picked":"SKIP","floor":1},{"not_picked":["Anger","Feel No Pain","Flex"],"picked":"SKIP","floor":2},{"not_picked":["Rampage","Rage","Anger"],"picked":"SKIP","floor":4},{"not_picked":["Second Wind","Hemokinesis","Pommel Strike"],"picked":"SKIP","floor":5},{"not_picked":["Second Wind","Hemokinesis","Pommel Strike"],"picked":"SKIP","floor":5},{"not_picked":["Havoc","Rampage"],"picked":"Intimidate","floor":7},{"not_picked":["Iron Wave","Anger","Dual Wield"],"picked":"SKIP","floor":12}],"player_experience":55113,"relics_obtained":[{"floor":7,"key":"Pantograph"},{"floor":9,"key":"Old Coin"},{"floor":14,"key":"Odd Mushroom"}],"event_choices":[{"damage_healed":0,"gold_gain":0,"player_choice":"Entered Light","damage_taken":16,"max_hp_gain":0,"max_hp_loss":0,"event_name":"Shining Light","floor":3,"gold_loss":0,"cards_upgraded":["Bash","Strike_R"]},{"damage_healed":0,"gold_gain":0,"player_choice":"Searched \u00271\u0027 times","damage_taken":0,"relics_obtained":["Ice Cream"],"max_hp_gain":0,"max_hp_loss":0,"event_name":"Dead Adventurer","floor":8,"gold_loss":0},{"damage_healed":0,"gold_gain":75,"player_choice":"Gather Gold","damage_taken":11,"max_hp_gain":0,"max_hp_loss":0,"event_name":"World of Goop","floor":11,"gold_loss":0},{"damage_healed":0,"gold_gain":0,"player_choice":"Fought Mushrooms","damage_taken":0,"max_hp_gain":0,"max_hp_loss":0,"event_name":"Mushrooms","floor":14,"gold_loss":0}],"is_beta":false,"boss_relics":[],"items_purged_floors":[],"is_endless":false,"potions_floor_spawned":[1,12,14],"killed_by":"Slime Boss","ascension_level":0}