{"gold_per_floor":[118,137,62,62,80,108,108,124,124,124,138,48,61,79,79,153,153,166,166,181,191,36,36],"floor_reached":23,"playtime":1194,"items_purged":["Strike_G","Defend_G"],"score":390,"play_id":"6cdc49ad-940e-4867-af77-661d45442162","local_time":"20190415082219","is_ascension_mode":true,"campfire_choices":[{"data":"Neutralize","floor":7.0,"key":"SMITH"},{"floor":10.0,"key":"REST"},{"floor":15.0,"key":"REST"}],"neow_cost":"NONE","seed_source_timestamp":0,"circlet_count":0,"master_deck":["AscendersBane","Defend_G","Defend_G","Defend_G","Defend_G","Strike_G","Strike_G","Strike_G","Strike_G","Survivor","Neutralize+1","Endless Agony","Poisoned Stab","Flying Knee","Bouncing Flask","Flying Knee","Heel Hook","Footwork","PiercingWail","Poisoned Stab","Corpse Explosion","Ghostly","Ghostly","Ghostly","Noxious Fumes"],"special_seed":0,"relics":["Ring of the Snake","NeowsBlessing","Oddly Smooth Stone","Orichalcum","Black Star"],"potions_floor_usage":[23,23],"damage_taken":[{"damage":0.0,"enemies":"Jaw Worm","floor":1.0,"turns":1.0},{"damage":0.0,"enemies":"2 Louse","floor":2.0,"turns":1.0},{"damage":0.0,"enemies":"Cultist","floor":5.0,"turns":1.0},{"damage":39.0,"enemies":"Lagavulin","floor":6.0,"turns":9.0},{"damage":19.0,"enemies":"Large Slime","floor":8.0,"turns":7.0},{"damage":0.0,"enemies":"2 Fungi Beasts","floor":11.0,"turns":3.0},{"damage":0.0,"enemies":"Blue Slaver","floor":13.0,"turns":4.0},{"damage":0.0,"enemies":"Exordium Thugs","floor":14.0,"turns":5.0},{"damage":17.0,"enemies":"The Guardian","floor":16.0,"turns":11.0},{"damage":12.0,"enemies":"Chosen","floor":18.0,"turns":5.0},{"damage":0.0,"enemies":"2 Thieves","floor":20.0,"turns":3.0},{"damage":12.0,"enemies":"Snake Plant","floor":21.0,"turns":6.0},{"damage":41,"enemies":"Gremlin Leader","floor":23,"turns":6}],"seed_played":"6293790218973199400","potions_obtained":[{"floor":1.0,"key":"PowerPotion"},{"floor":8.0,"key":"SkillPotion"},{"floor":14.0,"key":"Regen Potion"},{"floor":16.0,"key":"Fire Potion"}],"is_trial":false,"path_per_floor":["M","M","$","?","M","E","R","M","T","R","M","$","M","M","R","B",null,"M","?","M","M","$","E"],"character_chosen":"THE_SILENT","items_purchased":["Footwork","Weak Potion"],"campfire_rested":2,"item_purchase_floors":[12,22],"current_hp_per_floor":[59,59,59,59,59,20,20,1,1,20,20,20,20,20,39,22,55,43,33,33,21,21,0],"gold":36,"neow_bonus":"THREE_ENEMY_KILL","is_prod":false,"is_daily":false,"chose_seed":false,"campfire_upgraded":1,"win_rate":0,"timestamp":1555330939,"path_taken":["M","M","$","?","M","E","R","M","T","R","M","$","M","M","R","BOSS","M","?","M","M","$","E"],"build_version":"2019-01-23","purchased_purges":2,"victory":false,"max_hp_per_floor":[66,66,66,66,66,66,66,66,66,66,66,66,66,66,66,66,66,66,33,33,33,33,33],"card_choices":[{"not_picked":["Slice","Prepared"],"picked":"Endless Agony","floor":1.0},{"not_picked":["Dagger Spray","Acrobatics"],"picked":"Poisoned Stab","floor":2.0},{"not_picked":["Infinite Blades","Outmaneuver"],"picked":"Flying Knee","floor":5.0},{"not_picked":["Caltrops","Bane"],"picked":"Bouncing Flask","floor":6.0},{"not_picked":["Backflip","Poisoned Stab"],"picked":"Flying Knee","floor":8.0},{"not_picked":["Leg Sweep","PiercingWail"],"picked":"Heel Hook","floor":11.0},{"not_picked":["Bane","Tactician"],"picked":"PiercingWail","floor":13.0},{"not_picked":["Blade Dance","Infinite Blades"],"picked":"Poisoned Stab","floor":14.0},{"not_picked":["Die Die Die","Night Terror"],"picked":"Corpse Explosion","floor":16.0},{"not_picked":["Sucker Punch","Bane","Dagger Throw+1"],"picked":"SKIP","floor":18.0},{"not_picked":["Dodge and Roll","Bane"],"picked":"Noxious Fumes","floor":20.0},{"not_picked":["Leg Sweep+1","Distraction","Predator"],"picked":"SKIP","floor":21.0}],"player_experience":319975,"relics_obtained":[{"floor":6.0,"key":"Oddly Smooth Stone"},{"floor":9.0,"key":"Orichalcum"}],"event_choices":[{"damage_healed":0.0,"max_hp_gain":0.0,"max_hp_loss":0.0,"gold_gain":0.0,"event_name":"Liars Game","player_choice":"Ignored","floor":4.0,"gold_loss":0.0,"damage_taken":0.0},{"damage_healed":0.0,"max_hp_gain":0.0,"max_hp_loss":33.0,"gold_gain":0.0,"event_name":"Ghosts","player_choice":"Became a Ghost","floor":19.0,"gold_loss":0.0,"damage_taken":0.0,"cards_obtained":["Ghostly","Ghostly","Ghostly"]}],"is_beta":false,"boss_relics":[{"not_picked":["Astrolabe","Philosopher\u0027s Stone"],"picked":"Black Star"}],"items_purged_floors":[3,22],"is_endless":false,"potions_floor_spawned":[1,8,14,16,18],"killed_by":"Gremlin Leader","ascension_level":20}