{"gold_per_floor":[112,112,125,300,317,317,337,337,337,355,355,58,86,99,99,204,204,218,218,218,234,234],"floor_reached":22,"playtime":520,"items_purged":[],"score":286,"play_id":"c421f6ee-1a8d-4abe-8748-1ec5a7484f9e","local_time":"20190313121612","is_ascension_mode":false,"campfire_choices":[{"data":"Whirlwind","floor":6,"key":"SMITH"},{"data":"Corruption","floor":8,"key":"SMITH"},{"data":"Flex","floor":15,"key":"SMITH"}],"neow_cost":"NONE","seed_source_timestamp":2390611361660909,"circlet_count":0,"master_deck":["Strike_R","Strike_R","Strike_R","Strike_R","Strike_R","Defend_R","Defend_R","Defend_R","Defend_R","Bash","Whirlwind+1","Regret","Doubt","Corruption+1","Spot Weakness","Parasite","Limit Break","Flex+1","Exhume","Pain","Pain","Pain"],"relics":["Burning Blood","Gambling Chip","Turnip","Lantern","Molten Egg 2","Calling Bell","Bronze Scales","Paper Frog","Shovel"],"potions_floor_usage":[10,22,22,22],"damage_taken":[{"damage":1,"enemies":"2 Louse","floor":1,"turns":3},{"damage":25,"enemies":"Jaw Worm","floor":3,"turns":3},{"damage":4,"enemies":"Small Slimes","floor":5,"turns":3},{"damage":0,"enemies":"3 Louse","floor":7,"turns":1},{"damage":6,"enemies":"Exordium Thugs","floor":10,"turns":3},{"damage":43,"enemies":"Lagavulin","floor":13,"turns":6},{"damage":10,"enemies":"Looter","floor":14,"turns":2},{"damage":31,"enemies":"Slime Boss","floor":16,"turns":7},{"damage":56,"enemies":"Shell Parasite","floor":18,"turns":6},{"damage":14,"enemies":"2 Thieves","floor":21,"turns":2},{"damage":17,"enemies":"Colosseum Slavers","floor":22,"turns":2}],"seed_played":"-5281344869658896246","potions_obtained":[{"floor":1,"key":"Poison Potion"},{"floor":3,"key":"EssenceOfSteel"},{"floor":7,"key":"Energy Potion"},{"floor":13,"key":"Regen Potion"},{"floor":18,"key":"AttackPotion"}],"is_trial":false,"path_per_floor":["M","?","M","?","M","R","M","R","T","M","?","$","E","M","R","B",null,"M","?","?","M","?"],"character_chosen":"IRONCLAD","items_purchased":["Limit Break","Lantern"],"campfire_rested":0,"item_purchase_floors":[12,12],"current_hp_per_floor":[88,88,69,69,71,71,77,77,77,77,88,88,51,47,47,22,88,38,38,21,13,1],"gold":234,"neow_bonus":"TEN_PERCENT_HP_BONUS","is_prod":false,"is_daily":false,"chose_seed":false,"campfire_upgraded":3,"win_rate":0,"timestamp":1552446972,"path_taken":["M","?","M","?","M","R","M","R","T","M","?","$","E","M","R","BOSS","M","?","?","M","?"],"build_version":"2019-01-23","purchased_purges":0,"victory":false,"max_hp_per_floor":[88,88,88,88,88,88,88,88,88,88,88,88,88,88,88,88,88,88,88,93,93,93],"card_choices":[{"not_picked":["Spot Weakness","Pommel Strike"],"picked":"Whirlwind","floor":1},{"not_picked":["Body Slam","Flame Barrier","Warcry"],"picked":"SKIP","floor":3},{"not_picked":["Second Wind","Sword Boomerang","Twin Strike"],"picked":"SKIP","floor":5},{"not_picked":["Ghostly Armor","Armaments"],"picked":"Corruption","floor":7},{"not_picked":["Berserk","Dropkick"],"picked":"Spot Weakness","floor":10},{"not_picked":["Heavy Blade","Armaments","Sentinel"],"picked":"SKIP","floor":13},{"not_picked":["Cleave+1","Whirlwind+1"],"picked":"Flex","floor":14},{"not_picked":["Barricade","Offering"],"picked":"Exhume","floor":16},{"not_picked":["Flame Barrier","Twin Strike+1","Clothesline+1"],"picked":"SKIP","floor":18},{"not_picked":["Heavy Blade+1","Clothesline+1","Barricade"],"picked":"SKIP","floor":21}],"player_experience":347912,"relics_obtained":[{"floor":9,"key":"Turnip"},{"floor":13,"key":"Molten Egg 2"},{"floor":17,"key":"Bronze Scales"},{"floor":17,"key":"Paper Frog"},{"floor":17,"key":"Shovel"}],"event_choices":[{"damage_healed":0,"gold_gain":0,"player_choice":"Box","damage_taken":0,"relics_obtained":["Gambling Chip"],"max_hp_gain":0,"max_hp_loss":0,"event_name":"Big Fish","floor":2,"gold_loss":0,"cards_obtained":["Regret"]},{"damage_healed":0,"gold_gain":175,"player_choice":"AGREE","damage_taken":0,"max_hp_gain":0,"max_hp_loss":0,"event_name":"Liars Game","floor":4,"gold_loss":0,"cards_obtained":["Doubt"]},{"damage_healed":22,"gold_gain":0,"player_choice":"Healed and dodged fight","damage_taken":0,"max_hp_gain":0,"max_hp_loss":0,"event_name":"Mushrooms","floor":11,"gold_loss":0,"cards_obtained":["Parasite"]},{"damage_healed":0,"gold_gain":0,"player_choice":"Ignored","damage_taken":0,"max_hp_gain":0,"max_hp_loss":0,"event_name":"Ghosts","floor":19,"gold_loss":0},{"damage_healed":0,"gold_gain":0,"player_choice":"Shed Blood","damage_taken":22,"max_hp_gain":5,"max_hp_loss":0,"event_name":"Forgotten Altar","floor":20,"gold_loss":0},{"damage_healed":0,"gold_gain":0,"player_choice":"Fight","damage_taken":0,"max_hp_gain":0,"max_hp_loss":0,"event_name":"Colosseum","floor":22,"gold_loss":0}],"is_beta":false,"boss_relics":[{"not_picked":["White Beast Statue","Snecko Eye"],"picked":"Calling Bell"}],"items_purged_floors":[],"is_endless":false,"potions_floor_spawned":[1,3,7,13,18,21],"killed_by":"Colosseum Slavers","ascension_level":0}