{"gold_per_floor":[115,132,148,167,180,209,209,238,283,283,458,458,472,56,56,155,155,173,73,83,99,112,112,130,130,130,155,155,175,192,192,192,192],"floor_reached":33,"playtime":1981,"items_purged":["Defend_B","Defend_B"],"score":436,"play_id":"c558c758-4f0b-4dc9-842a-29df60acb989","local_time":"20190410141706","is_ascension_mode":true,"campfire_choices":[{"floor":7.0,"key":"REST"},{"floor":10.0,"key":"REST"},{"data":"Coolheaded","floor":15.0,"key":"SMITH"},{"data":"Fission","floor":23.0,"key":"SMITH"},{"data":"Chaos","floor":25.0,"key":"SMITH"},{"floor":28.0,"key":"REST"},{"data":"Zap","floor":32,"key":"SMITH"}],"neow_cost":"PERCENT_DAMAGE","seed_source_timestamp":14436006386121,"circlet_count":0,"master_deck":["AscendersBane","Strike_B","Defend_B","Defend_B","Zap+1","Dualcast","Electrodynamics","Darkness","Cold Snap","Self Repair","Coolheaded+1","Compile Driver","Steam","Core Surge","Self Repair","Ball Lightning","Fission+1","Melter","Chaos+1","Hologram+1","Go for the Eyes+1"],"special_seed":0,"relics":["Cracked Core","Omamori","Ancient Tea Set","Art of War","Medical Kit","Velvet Choker","Molten Egg 2","Dodecahedron"],"potions_floor_usage":[33,33],"damage_taken":[{"damage":8.0,"enemies":"Jaw Worm","floor":1.0,"turns":4.0},{"damage":0.0,"enemies":"2 Louse","floor":2.0,"turns":1.0},{"damage":4.0,"enemies":"Small Slimes","floor":3.0,"turns":3.0},{"damage":12.0,"enemies":"3 Louse","floor":4.0,"turns":3.0},{"damage":14.0,"enemies":"Red Slaver","floor":5.0,"turns":3.0},{"damage":30.0,"enemies":"Gremlin Nob","floor":6.0,"turns":4.0},{"damage":20.0,"enemies":"Lagavulin","floor":8.0,"turns":6.0},{"damage":0.0,"enemies":"Gremlin Gang","floor":13.0,"turns":2.0},{"damage":8.0,"enemies":"The Guardian","floor":16.0,"turns":13.0},{"damage":20.0,"enemies":"2 Thieves","floor":18.0,"turns":4.0},{"damage":24.0,"enemies":"Shell Parasite","floor":20.0,"turns":5.0},{"damage":11.0,"enemies":"Snecko","floor":21.0,"turns":4.0},{"damage":7.0,"enemies":"Cultist and Chosen","floor":22.0,"turns":4.0},{"damage":0.0,"enemies":"Sentry and Sphere","floor":24.0,"turns":2.0},{"damage":50.0,"enemies":"Gremlin Leader","floor":27.0,"turns":9.0},{"damage":29.0,"enemies":"Snake Plant","floor":29.0,"turns":5.0},{"damage":8.0,"enemies":"3 Cultists","floor":30.0,"turns":3.0},{"damage":59,"enemies":"Champ","floor":33,"turns":9}],"seed_played":"3823781056313348490","potions_obtained":[{"floor":1.0,"key":"FocusPotion"},{"floor":2.0,"key":"LiquidBronze"},{"floor":8.0,"key":"Fruit Juice"},{"floor":16.0,"key":"Swift Potion"},{"floor":24.0,"key":"LiquidBronze"}],"is_trial":false,"path_per_floor":["M","M","M","M","M","E","R","E","T","R","?","?","M","$","R","B",null,"M","$","M","M","M","R","M","R","T","E","R","M","M","?","R","B"],"character_chosen":"DEFECT","items_purchased":["Medical Kit","Self Repair","Ball Lightning","Energy Potion"],"campfire_rested":3,"item_purchase_floors":[14,14,14,14],"current_hp_per_floor":[42,42,45,40,33,10,32,24,24,48,48,41,48,48,48,54,74,68,68,58,54,61,61,75,75,75,39,63,48,54,54,54,0],"gold":192,"neow_bonus":"TRANSFORM_TWO_CARDS","is_prod":false,"is_daily":false,"chose_seed":false,"campfire_upgraded":4,"win_rate":0,"timestamp":1554873426,"path_taken":["M","M","M","M","M","E","R","E","T","R","?","?","M","$","R","BOSS","M","$","M","M","M","R","M","R","T","E","R","M","M","?","R","BOSS"],"build_version":"2019-01-23","purchased_purges":2,"victory":false,"max_hp_per_floor":[75,75,75,75,75,75,75,80,80,80,80,80,80,80,80,80,80,80,80,80,80,80,80,80,80,80,80,80,80,80,80,80,80],"card_choices":[{"not_picked":["Loop","Turbo"],"picked":"Cold Snap","floor":1.0},{"not_picked":["Sweeping Beam","Streamline"],"picked":"Self Repair","floor":2.0},{"not_picked":["Tempest","Hologram"],"picked":"Coolheaded","floor":3.0},{"not_picked":["BootSequence","Steam Power","Hyperbeam"],"picked":"SKIP","floor":4.0},{"not_picked":["Leap","Rebound"],"picked":"Compile Driver","floor":5.0},{"not_picked":["Turbo","Sweeping Beam"],"picked":"Steam","floor":6.0},{"not_picked":["Ball Lightning","Cold Snap"],"picked":"Core Surge","floor":8.0},{"not_picked":["Reprogram","Static Discharge","Lockon"],"picked":"SKIP","floor":13.0},{"not_picked":["Electrodynamics","Seek"],"picked":"Fission","floor":16.0},{"not_picked":["Redo","Leap"],"picked":"Melter","floor":18.0},{"not_picked":["Chaos","Static Discharge+1","Steam Power+1"],"picked":"SKIP","floor":20.0},{"not_picked":["Redo","Beam Cell","Ball Lightning"],"picked":"SKIP","floor":21.0},{"not_picked":["Barrage","Reboot"],"picked":"Chaos","floor":22.0},{"not_picked":["Stack","Redo"],"picked":"Hologram+1","floor":24.0},{"not_picked":["Skim","Tempest"],"picked":"Go for the Eyes+1","floor":27.0},{"not_picked":["Conserve Battery","Rebound+1","Go for the Eyes+1"],"picked":"SKIP","floor":29.0},{"not_picked":["Conserve Battery","Rebound+1","Go for the Eyes+1"],"picked":"SKIP","floor":29.0},{"not_picked":["Compile Driver+1","Melter+1","Redo"],"picked":"SKIP","floor":30.0}],"player_experience":537586,"relics_obtained":[{"floor":6.0,"key":"Omamori"},{"floor":8.0,"key":"Ancient Tea Set"},{"floor":9.0,"key":"Art of War"},{"floor":26.0,"key":"Molten Egg 2"},{"floor":27.0,"key":"Dodecahedron"}],"event_choices":[{"damage_healed":0.0,"max_hp_gain":0.0,"max_hp_loss":0.0,"gold_gain":175.0,"event_name":"Liars Game","player_choice":"AGREE","floor":11.0,"gold_loss":0.0,"damage_taken":0.0,"cards_obtained":["Doubt"]},{"cards_removed":["Strike_B"],"damage_healed":0.0,"max_hp_gain":0.0,"max_hp_loss":0.0,"gold_gain":0.0,"event_name":"Golden Wing","player_choice":"Card Removal","floor":12.0,"gold_loss":0.0,"damage_taken":7.0},{"damage_healed":0,"gold_gain":0,"player_choice":"Ignored","damage_taken":0,"max_hp_gain":0,"max_hp_loss":0,"event_name":"Cursed Tome","floor":31,"gold_loss":0}],"is_beta":false,"boss_relics":[{"not_picked":["Lizard Tail","Runic Pyramid"],"picked":"Velvet Choker"}],"items_purged_floors":[14,19],"is_endless":false,"potions_floor_spawned":[1,2,4,6,8,16,18,22,24,30],"killed_by":"Champ","ascension_level":11}