{"gold_per_floor":[117,130,130,148,160,176,176,176,225,238,203,203,303,317,317,420,420,440,450,43,43,43,43,59,59,59,71,83,107,139,165,177,189],"floor_reached":33,"playtime":2502,"items_purged":[],"score":337,"play_id":"3d8d8764-9e3b-4da4-bae8-e6cfed3e7978","local_time":"20190327003434","is_ascension_mode":true,"campfire_choices":[{"data":"Reinforced Body","floor":7.0,"key":"SMITH"},{"data":"Go for the Eyes","floor":12.0,"key":"SMITH"},{"data":"Leap","floor":15.0,"key":"SMITH"},{"floor":23.0,"key":"REST"},{"floor":25.0,"key":"REST"},{"data":"RitualDagger","floor":28.0,"key":"SMITH"},{"floor":32,"key":"REST"}],"neow_cost":"NONE","seed_source_timestamp":176868141497300,"circlet_count":0,"master_deck":["Strike_B","Strike_B","Strike_B","Strike_B","Defend_B","Defend_B","Defend_B+1","Defend_B","Zap+1","Dualcast","Go for the Eyes+1","Rip and Tear+1","Reinforced Body+1","Leap","Melter","Coolheaded","Leap+1","Rainbow","Ball Lightning","Glacier","RitualDagger+1","Steam","Sweeping Beam","Conserve Battery","Chill"],"special_seed":0,"relics":["FrozenCore","Boot","Centennial Puzzle","Darkstone Periapt","MawBank","Ancient Tea Set"],"potions_floor_usage":[29,33],"damage_taken":[{"damage":9.0,"enemies":"2 Louse","floor":1.0,"turns":3.0},{"damage":0.0,"enemies":"Small Slimes","floor":2.0,"turns":2.0},{"damage":0.0,"enemies":"Cultist","floor":4.0,"turns":3.0},{"damage":0.0,"enemies":"Large Slime","floor":5.0,"turns":5.0},{"damage":4.0,"enemies":"3 Louse","floor":6.0,"turns":4.0},{"damage":13.0,"enemies":"Blue Slaver","floor":10.0,"turns":3.0},{"damage":16.0,"enemies":"Exordium Thugs","floor":14.0,"turns":4.0},{"damage":11.0,"enemies":"Hexaghost","floor":16.0,"turns":11.0},{"damage":17.0,"enemies":"Chosen","floor":18.0,"turns":5.0},{"damage":12.0,"enemies":"3 Byrds","floor":19.0,"turns":5.0},{"damage":2.0,"enemies":"Centurion and Healer","floor":24.0,"turns":7.0},{"damage":19,"enemies":"Cultist and Chosen","floor":29,"turns":8},{"damage":4,"enemies":"Shelled Parasite and Fungi","floor":30,"turns":7},{"damage":16,"enemies":"3 Cultists","floor":31,"turns":6},{"damage":68,"enemies":"Collector","floor":33,"turns":9}],"seed_played":"7805678135778679802","potions_obtained":[{"floor":4.0,"key":"Swift Potion"},{"floor":6.0,"key":"FearPotion"},{"floor":14.0,"key":"EssenceOfSteel"},{"floor":19.0,"key":"Energy Potion"},{"floor":29,"key":"Regen Potion"}],"is_trial":false,"path_per_floor":["M","M","?","M","M","M","R","?","T","M","?","R","?","M","R","B",null,"M","M","$","?","?","R","M","R","T","T","R","M","M","M","R","B"],"character_chosen":"DEFECT","items_purchased":["Centennial Puzzle","Darkstone Periapt"],"campfire_rested":3,"item_purchase_floors":[20,20],"current_hp_per_floor":[59,59,44,44,44,40,40,40,40,27,45,45,45,29,29,18,61,44,32,32,26,26,48,46,68,68,68,68,49,45,29,51,0],"gold":189,"neow_bonus":"UPGRADE_CARD","is_prod":false,"is_daily":false,"chose_seed":false,"campfire_upgraded":4,"win_rate":0,"timestamp":1553643274,"path_taken":["M","M","?","M","M","M","R","?","T","M","?","R","?","?","R","BOSS","M","M","$","?","?","R","M","R","T","?","R","M","?","M","R","BOSS"],"build_version":"2019-01-23","purchased_purges":0,"victory":false,"max_hp_per_floor":[75,75,75,75,75,75,75,75,75,75,75,75,75,75,75,75,75,75,75,75,75,75,75,75,75,75,75,75,75,75,75,75,75],"card_choices":[{"not_picked":["Beam Cell","Rebound"],"picked":"Go for the Eyes","floor":1.0},{"not_picked":["Recycle","Doom and Gloom"],"picked":"Rip and Tear","floor":2.0},{"not_picked":["Stack","Rip and Tear"],"picked":"Reinforced Body","floor":4.0},{"not_picked":["Streamline","Barrage"],"picked":"Leap","floor":5.0},{"not_picked":["Sweeping Beam","Rip and Tear"],"picked":"Melter","floor":6.0},{"not_picked":["Go for the Eyes","Compile Driver"],"picked":"Coolheaded","floor":10.0},{"not_picked":["Recycle","Rebound"],"picked":"Leap","floor":14.0},{"not_picked":["Reboot","Amplify"],"picked":"Rainbow","floor":16.0},{"not_picked":["Storm","Turbo"],"picked":"Ball Lightning","floor":18.0},{"not_picked":["Steam Power","Force Field"],"picked":"Glacier","floor":19.0},{"not_picked":["Barrage","Hello World+1"],"picked":"Steam","floor":24.0},{"not_picked":["Hello World","Steam+1"],"picked":"Sweeping Beam","floor":29},{"not_picked":["Chaos","Gash"],"picked":"Conserve Battery","floor":30},{"not_picked":["Auto Shields","Recycle+1"],"picked":"Chill","floor":31}],"player_experience":600275,"relics_obtained":[{"floor":9.0,"key":"Boot"},{"floor":26.0,"key":"MawBank"},{"floor":27.0,"key":"Ancient Tea Set"}],"event_choices":[{"damage_healed":0.0,"max_hp_gain":0.0,"max_hp_loss":0.0,"gold_gain":0.0,"event_name":"Shining Light","player_choice":"Entered Light","floor":3.0,"gold_loss":0.0,"damage_taken":15.0,"cards_upgraded":["Defend_B","Rip and Tear"]},{"damage_healed":0.0,"max_hp_gain":0.0,"max_hp_loss":0.0,"gold_gain":0.0,"event_name":"Liars Game","player_choice":"Ignored","floor":8.0,"gold_loss":0.0,"damage_taken":0.0},{"damage_healed":18.0,"max_hp_gain":0.0,"max_hp_loss":0.0,"gold_gain":0.0,"event_name":"The Cleric","player_choice":"Healed","floor":11.0,"gold_loss":35.0,"damage_taken":0.0},{"damage_healed":0.0,"max_hp_gain":0.0,"max_hp_loss":0.0,"gold_gain":100.0,"event_name":"Golden Shrine","player_choice":"Pray","floor":13.0,"gold_loss":0.0,"damage_taken":0.0},{"damage_healed":0.0,"max_hp_gain":0.0,"max_hp_loss":0.0,"gold_gain":0.0,"event_name":"Nest","player_choice":"Joined the Cult","floor":21.0,"gold_loss":0.0,"damage_taken":6.0,"cards_obtained":["RitualDagger"]}],"is_beta":false,"boss_relics":[{"not_picked":["Lizard Tail","Snecko Eye"],"picked":"FrozenCore"}],"items_purged_floors":[],"is_endless":false,"potions_floor_spawned":[4,6,14,19,29],"killed_by":"Collector","ascension_level":8}