{"gold_per_floor":[118,43,43,54,54,54,71,71,71,89,107,125,155,255,255,255],"floor_reached":16,"playtime":4029,"items_purged":["Strike_R"],"score":102,"play_id":"25cc9130-b537-489b-a8dc-58f44bf54d7f","local_time":"20190313133409","is_ascension_mode":false,"campfire_choices":[{"data":"Body Slam","floor":6,"key":"SMITH"},{"data":"Armaments","floor":8,"key":"SMITH"},{"data":"Body Slam","floor":15,"key":"SMITH"}],"neow_cost":"NONE","seed_source_timestamp":2391779767331359,"circlet_count":0,"master_deck":["Strike_R","Strike_R","Strike_R","Strike_R","Defend_R","Defend_R","Defend_R","Bash","Wild Strike","Body Slam+1","Armaments+1","Body Slam+1","Disarm","Feel No Pain"],"relics":["White Beast Statue","Art of War"],"potions_floor_usage":[10,10,12,13,13,16,16],"damage_taken":[{"damage":6,"enemies":"2 Louse","floor":1,"turns":2},{"damage":0,"enemies":"Cultist","floor":4,"turns":2},{"damage":6,"enemies":"Jaw Worm","floor":7,"turns":3},{"damage":6,"enemies":"Lots of Slimes","floor":10,"turns":2},{"damage":6,"enemies":"3 Louse","floor":11,"turns":3},{"damage":4,"enemies":"Large Slime","floor":12,"turns":5},{"damage":8,"enemies":"3 Sentries","floor":13,"turns":8},{"damage":30,"enemies":"Slime Boss","floor":16,"turns":7}],"seed_played":"6866028931499157574","potions_obtained":[{"floor":1,"key":"GamblersBrew"},{"floor":4,"key":"Poison Potion"},{"floor":7,"key":"Energy Potion"},{"floor":10,"key":"Strength Potion"},{"floor":11,"key":"Block Potion"},{"floor":12,"key":"Explosive Potion"},{"floor":13,"key":"Swift Potion"}],"is_trial":false,"path_per_floor":["M","$","?","M","?","R","M","R","T","M","M","M","E","?","R","B"],"character_chosen":"IRONCLAD","items_purchased":[],"campfire_rested":0,"item_purchase_floors":[],"current_hp_per_floor":[74,74,67,67,67,67,61,61,61,55,49,45,37,37,37,7],"gold":255,"neow_bonus":"BOSS_RELIC","is_prod":false,"is_daily":false,"chose_seed":false,"campfire_upgraded":3,"win_rate":0,"timestamp":1552451649,"path_taken":["M","$","?","M","?","R","?","R","T","M","M","M","E","?","R","BOSS"],"build_version":"2019-01-23","purchased_purges":1,"victory":false,"max_hp_per_floor":[80,80,80,80,80,80,80,80,80,80,80,80,80,80,80,80],"card_choices":[{"not_picked":["Twin Strike","Thunderclap"],"picked":"Wild Strike","floor":1},{"not_picked":["Anger","Iron Wave"],"picked":"Body Slam","floor":4},{"not_picked":["Havoc","Clash"],"picked":"Armaments","floor":7},{"not_picked":["Pummel","Anger","Heavy Blade"],"picked":"SKIP","floor":10},{"not_picked":["Wild Strike","Clothesline"],"picked":"Body Slam","floor":11},{"not_picked":["Flex","Twin Strike"],"picked":"Disarm","floor":12},{"not_picked":["Perfected Strike","Sword Boomerang"],"picked":"Feel No Pain","floor":13}],"player_experience":348432,"relics_obtained":[{"floor":13,"key":"Art of War"}],"event_choices":[{"cards_removed":["Defend_R"],"damage_healed":0,"gold_gain":0,"player_choice":"Card Removal","damage_taken":7,"max_hp_gain":0,"max_hp_loss":0,"event_name":"Golden Wing","floor":3,"gold_loss":0},{"damage_healed":0,"gold_gain":0,"player_choice":"Ignored","damage_taken":0,"max_hp_gain":0,"max_hp_loss":0,"event_name":"WeMeetAgain","floor":5,"gold_loss":0},{"damage_healed":0,"gold_gain":100,"player_choice":"Pray","damage_taken":0,"max_hp_gain":0,"max_hp_loss":0,"event_name":"Golden Shrine","floor":14,"gold_loss":0}],"is_beta":false,"boss_relics":[],"items_purged_floors":[2],"is_endless":false,"potions_floor_spawned":[1,4,7,10,11,12,13],"killed_by":"Slime Boss","ascension_level":0}