{"gold_per_floor":[111,127,127,73,93,119,119,151,226,243,243,259,259,275,275,275],"floor_reached":16,"playtime":898,"items_purged":[],"score":112,"play_id":"bca96dcb-b093-4a75-ab56-0cd4bb44db8e","local_time":"20190307102514","is_ascension_mode":false,"campfire_choices":[{"floor":11,"key":"REST"},{"floor":15,"key":"REST"}],"neow_cost":"NONE","seed_source_timestamp":0,"circlet_count":0,"master_deck":["Strike_R","Strike_R","Strike_R","Strike_R","Strike_R","Defend_R","Defend_R","Defend_R","Armaments","Perfected Strike","Headbutt","Armaments","Twin Strike+1","Havoc"],"special_seed":0,"relics":["Burning Blood","Ice Cream","Vajra","Molten Egg 2"],"potions_floor_usage":[10,12,12,16],"damage_taken":[{"damage":12.0,"enemies":"2 Louse","floor":1.0,"turns":2.0},{"damage":7.0,"enemies":"Cultist","floor":2.0,"turns":6.0},{"damage":0,"enemies":"Small Slimes","floor":5,"turns":5},{"damage":38,"enemies":"3 Sentries","floor":6,"turns":10},{"damage":44,"enemies":"Lagavulin","floor":8,"turns":6},{"damage":13,"enemies":"2 Fungi Beasts","floor":10,"turns":3},{"damage":9,"enemies":"Gremlin Gang","floor":12,"turns":4},{"damage":8,"enemies":"Red Slaver","floor":14,"turns":3},{"damage":49,"enemies":"Hexaghost","floor":16,"turns":9}],"seed_played":"-7308524504898194757","potions_obtained":[{"floor":1.0,"key":"FearPotion"},{"floor":8,"key":"FearPotion"},{"floor":10,"key":"Energy Potion"},{"floor":14,"key":"GamblersBrew"}],"is_trial":false,"path_per_floor":["M","M","?","$","M","E","?","E","T","M","R","M","?","M","R","B"],"character_chosen":"IRONCLAD","items_purchased":["Armaments"],"campfire_rested":2,"item_purchase_floors":[4],"current_hp_per_floor":[82,81,81,81,87,55,55,17,17,10,36,33,33,31,57,8],"gold":275,"neow_bonus":"TEN_PERCENT_HP_BONUS","is_prod":false,"is_daily":false,"chose_seed":false,"campfire_upgraded":0,"win_rate":0,"timestamp":1551921914,"path_taken":["M","M","?","?","M","E","?","E","T","M","R","M","?","M","R","BOSS"],"build_version":"2019-01-23","purchased_purges":0,"victory":false,"max_hp_per_floor":[88,88,88,88,88,88,88,88,88,88,88,88,88,88,88,88],"card_choices":[{"not_picked":["Reckless Charge","Hemokinesis","Clothesline"],"picked":"SKIP","floor":1.0},{"not_picked":["Hemokinesis","Anger","Uppercut"],"picked":"SKIP","floor":2},{"not_picked":["Cleave","Sword Boomerang"],"picked":"Perfected Strike","floor":5},{"not_picked":["Limit Break","Heavy Blade"],"picked":"Headbutt","floor":6},{"not_picked":["Heavy Blade","Fire Breathing"],"picked":"Armaments","floor":8},{"not_picked":["Cleave+1","Iron Wave+1"],"picked":"Twin Strike+1","floor":10},{"not_picked":["Ghostly Armor","Limit Break","Headbutt+1"],"picked":"SKIP","floor":12},{"not_picked":["Entrench","Intimidate"],"picked":"Havoc","floor":14}],"player_experience":162395,"relics_obtained":[{"floor":6,"key":"Ice Cream"},{"floor":8,"key":"Vajra"},{"floor":9,"key":"Molten Egg 2"}],"event_choices":[{"cards_removed":["Bash"],"damage_healed":0,"gold_gain":0,"player_choice":"Purged","damage_taken":0,"max_hp_gain":0,"max_hp_loss":0,"event_name":"Purifier","floor":3,"gold_loss":0},{"cards_removed":["Defend_R"],"damage_healed":0,"gold_gain":0,"player_choice":"Forget","damage_taken":0,"max_hp_gain":0,"max_hp_loss":0,"event_name":"Living Wall","floor":7,"gold_loss":0},{"damage_healed":0,"gold_gain":0,"player_choice":"0 cards matched","damage_taken":0,"max_hp_gain":0,"max_hp_loss":0,"event_name":"Match and Keep!","floor":13,"gold_loss":0,"cards_obtained":[]},{"damage_healed":0,"gold_gain":0,"player_choice":"0 cards matched","damage_taken":0,"max_hp_gain":0,"max_hp_loss":0,"event_name":"Match and Keep!","floor":13,"gold_loss":0,"cards_obtained":[]}],"is_beta":false,"boss_relics":[],"items_purged_floors":[],"is_endless":false,"potions_floor_spawned":[1,8,10,14],"killed_by":"Hexaghost","ascension_level":0}