{"gold_per_floor":[109,120,135,135,151,151,186,17,17,38,138,138,176,192,192,320,320,344,357,357],"floor_reached":20,"playtime":1321,"items_purged":[],"score":186,"play_id":"b93cb4f1-56a4-4afe-8f4c-7a2374e079eb","local_time":"20190303092037","is_ascension_mode":false,"campfire_choices":[{"data":"Chaos","floor":6,"key":"SMITH"},{"floor":12,"key":"REST"},{"floor":15,"key":"REST"}],"neow_cost":"NONE","seed_source_timestamp":51752091376283,"circlet_count":0,"master_deck":["Strike_B","Strike_B","Strike_B","Strike_B","Defend_B","Defend_B","Defend_B","Defend_B","Zap","Dualcast","Cold Snap","Chaos+1","Defragment","Ball Lightning","Multi-Cast","Mayhem","Ball Lightning","Chaos","Redo","Coolheaded","Defragment","Reboot","Go for the Eyes","White Noise"],"relics":["Cracked Core","NeowsBlessing","Golden Idol","Pen Nib","Dream Catcher","Letter Opener","Inserter"],"potions_floor_usage":[13,13,16,18],"damage_taken":[{"damage":0,"enemies":"Small Slimes","floor":1,"turns":1},{"damage":0,"enemies":"Jaw Worm","floor":2,"turns":1},{"damage":0,"enemies":"Cultist","floor":3,"turns":1},{"damage":11,"enemies":"2 Fungi Beasts","floor":5,"turns":4},{"damage":21,"enemies":"Gremlin Nob","floor":7,"turns":5},{"damage":14,"enemies":"Exordium Thugs","floor":10,"turns":5},{"damage":7,"enemies":"Lagavulin","floor":13,"turns":4},{"damage":11,"enemies":"3 Louse","floor":14,"turns":2},{"damage":10,"enemies":"The Guardian","floor":16,"turns":9},{"damage":43,"enemies":"2 Thieves","floor":18,"turns":4},{"damage":18,"enemies":"Spheric Guardian","floor":19,"turns":4},{"damage":19,"enemies":"Snake Plant","floor":20,"turns":1}],"seed_played":"6275110554069510347","potions_obtained":[{"floor":2,"key":"SteroidPotion"},{"floor":3,"key":"PowerPotion"},{"floor":5,"key":"Block Potion"},{"floor":14,"key":"EssenceOfSteel"},{"floor":19,"key":"Explosive Potion"}],"is_trial":false,"path_per_floor":["M","M","M","?","M","R","E","$","T","M","?","R","E","M","R","B",null,"M","M","M"],"character_chosen":"DEFECT","items_purchased":["Mayhem"],"campfire_rested":2,"item_purchase_floors":[8],"current_hp_per_floor":[75,75,75,57,46,46,25,25,25,11,11,33,26,15,37,27,75,32,14,0],"gold":357,"neow_bonus":"THREE_ENEMY_KILL","is_prod":false,"is_daily":false,"chose_seed":false,"campfire_upgraded":1,"win_rate":0.0,"timestamp":1551572437,"path_taken":["M","M","M","?","M","R","E","$","T","M","?","R","E","M","R","BOSS","M","?","M"],"build_version":"2019-01-23","purchased_purges":0,"victory":false,"max_hp_per_floor":[75,75,75,75,75,75,75,75,75,75,75,75,75,75,75,75,75,75,75,75],"card_choices":[{"not_picked":["Compile Driver","Reprogram"],"picked":"Cold Snap","floor":1},{"not_picked":["Barrage","Redo"],"picked":"Chaos","floor":2},{"not_picked":["Hello World","Blizzard"],"picked":"Defragment","floor":3},{"not_picked":["Barrage","Beam Cell"],"picked":"Ball Lightning","floor":5},{"not_picked":["Thunder Strike","Reprogram"],"picked":"Multi-Cast","floor":7},{"not_picked":["Cold Snap","Force Field"],"picked":"Ball Lightning","floor":10},{"not_picked":["Reinforced Body","Leap"],"picked":"Chaos","floor":12},{"not_picked":["Steam Power","Rip and Tear"],"picked":"Redo","floor":13},{"not_picked":["White Noise","Beam Cell"],"picked":"Coolheaded","floor":14},{"not_picked":["Redo","Coolheaded"],"picked":"Defragment","floor":15},{"not_picked":["Thunder Strike","Fission"],"picked":"Reboot","floor":16},{"not_picked":["Steam","Steam Power"],"picked":"Go for the Eyes","floor":18},{"not_picked":["Reprogram","Streamline+1"],"picked":"White Noise","floor":19}],"player_experience":15317,"relics_obtained":[{"floor":7,"key":"Pen Nib"},{"floor":9,"key":"Dream Catcher"},{"floor":13,"key":"Letter Opener"}],"event_choices":[{"damage_healed":0,"gold_gain":0,"player_choice":"Take Damage","damage_taken":18,"relics_obtained":["Golden Idol"],"max_hp_gain":0,"max_hp_loss":0,"event_name":"Golden Idol","floor":4,"gold_loss":0},{"damage_healed":0,"gold_gain":100,"player_choice":"Pray","damage_taken":0,"max_hp_gain":0,"max_hp_loss":0,"event_name":"Golden Shrine","floor":11,"gold_loss":0}],"is_beta":false,"boss_relics":[{"not_picked":["Philosopher\u0027s Stone","Busted Crown"],"picked":"Inserter"}],"items_purged_floors":[],"is_endless":false,"potions_floor_spawned":[2,3,5,14,19],"killed_by":"Snake Plant","ascension_level":0}