{"gold_per_floor":[111,123,123,147,64,103,103,103],"floor_reached":8,"playtime":321,"items_purged":[],"score":109,"play_id":"194cd9d2-660c-4973-90ee-c7f908182e4d","local_time":"20190322121834","is_ascension_mode":true,"campfire_choices":[{"data":"Fiend Fire","floor":7.0,"key":"SMITH"}],"neow_cost":"CURSE","seed_source_timestamp":93339263869904,"circlet_count":0,"master_deck":["AscendersBane","Strike_R","Strike_R","Strike_R","Strike_R","Strike_R","Defend_R","Defend_R","Defend_R","Defend_R","Bash","Normality","Fiend Fire+1","Power Through","Whirlwind","Injury","Corruption","Evolve"],"special_seed":0,"relics":["Burning Blood","Golden Idol","Art of War"],"potions_floor_usage":[],"damage_taken":[{"damage":1.0,"enemies":"2 Louse","floor":1.0,"turns":3.0},{"damage":0.0,"enemies":"Jaw Worm","floor":2.0,"turns":3.0},{"damage":1.0,"enemies":"Cultist","floor":4.0,"turns":3.0},{"damage":44.0,"enemies":"Gremlin Nob","floor":6.0,"turns":6.0},{"damage":40,"enemies":"3 Sentries","floor":8,"turns":6}],"seed_played":"-6372643862302957396","potions_obtained":[{"floor":2.0,"key":"Block Potion"},{"floor":6.0,"key":"Dexterity Potion"}],"is_trial":false,"path_per_floor":["M","M","?","M","$","E","R","E"],"character_chosen":"IRONCLAD","items_purchased":["Evolve"],"campfire_rested":0,"item_purchase_floors":[5],"current_hp_per_floor":[73,75,75,75,75,37,37,0],"gold":103,"neow_bonus":"THREE_RARE_CARDS","is_prod":false,"is_daily":false,"chose_seed":false,"campfire_upgraded":1,"win_rate":0,"timestamp":1553224714,"path_taken":["M","M","?","M","$","E","R","E"],"build_version":"2019-01-23","purchased_purges":0,"victory":false,"max_hp_per_floor":[75,75,75,75,75,75,75,75],"card_choices":[{"not_picked":["Bludgeon","Exhume"],"picked":"Fiend Fire","floor":0.0},{"not_picked":["True Grit","Corruption"],"picked":"Power Through","floor":1.0},{"not_picked":["Heavy Blade","True Grit"],"picked":"Whirlwind","floor":2.0},{"not_picked":["Ghostly Armor","Power Through"],"picked":"Corruption","floor":4.0},{"not_picked":["Wild Strike","Rupture","Pommel Strike"],"picked":"SKIP","floor":6.0}],"player_experience":506223,"relics_obtained":[{"floor":6.0,"key":"Art of War"}],"event_choices":[{"damage_healed":0.0,"max_hp_gain":0.0,"max_hp_loss":0.0,"gold_gain":0.0,"event_name":"Golden Idol","player_choice":"Take Wound","floor":3.0,"gold_loss":0.0,"damage_taken":0.0,"relics_obtained":["Golden Idol"],"cards_obtained":["Injury"]}],"is_beta":false,"boss_relics":[],"items_purged_floors":[],"is_endless":false,"potions_floor_spawned":[2,6],"killed_by":"3 Sentries","ascension_level":19}