{"gold_per_floor":[111,125,138,138,149,179,199,199,252,252,282,282,302,363,363,459,459,478,478,478,324,340,340,340,340],"floor_reached":25,"playtime":1246,"items_purged":["Strike_B"],"score":241,"play_id":"da0cc381-0037-485a-a4a5-4f0875531bec","local_time":"20190320144110","is_ascension_mode":true,"campfire_choices":[{"data":"Redo","floor":8,"key":"SMITH"},{"data":"Chill","floor":10,"key":"SMITH"},{"data":"Redo","floor":12,"key":"SMITH"},{"data":"Fusion","floor":15,"key":"SMITH"},{"data":"Dualcast","floor":23,"key":"SMITH"}],"neow_cost":"NONE","seed_source_timestamp":443518499875908,"circlet_count":0,"master_deck":["Defend_B","Defend_B","Defend_B","Defend_B","Zap","Dualcast+1","Ball Lightning","Cold Snap","Chill+1","Redo+1","Electrodynamics+1","Ball Lightning","Redo+1","Fusion+1","Creative AI+1","Undo","Glacier","Capacitor+1","Conserve Battery","Rip and Tear","Redo"],"relics":["Eternal Feather","Frozen Egg 2","Oddly Smooth Stone","Odd Mushroom","Meat on the Bone","Nloth\u0027s Gift"],"potions_floor_usage":[14,16,25],"damage_taken":[{"damage":4,"enemies":"Jaw Worm","floor":1,"turns":5},{"damage":3,"enemies":"Small Slimes","floor":2,"turns":3},{"damage":9,"enemies":"2 Louse","floor":3,"turns":3},{"damage":12,"enemies":"Red Slaver","floor":5,"turns":3},{"damage":32,"enemies":"Lagavulin","floor":6,"turns":8},{"damage":0,"enemies":"Large Slime","floor":7,"turns":3},{"damage":0,"enemies":"The Mushroom Lair","floor":11,"turns":1},{"damage":0,"enemies":"3 Louse","floor":13,"turns":2},{"damage":13,"enemies":"Lagavulin Event","floor":14,"turns":5},{"damage":20,"enemies":"The Guardian","floor":16,"turns":9},{"damage":21,"enemies":"Spheric Guardian","floor":18,"turns":4},{"damage":10,"enemies":"Chosen","floor":22,"turns":7},{"damage":61,"enemies":"Gremlin Leader","floor":25,"turns":4}],"seed_played":"1942087459162591992","potions_obtained":[{"floor":2,"key":"Ancient Potion"},{"floor":3,"key":"FocusPotion"},{"floor":6,"key":"Explosive Potion"},{"floor":18,"key":"AttackPotion"},{"floor":22,"key":"Regen Potion"}],"is_trial":false,"path_per_floor":["M","M","M","?","M","E","M","R","T","R","?","R","M","?","R","B",null,"M","?","?","$","M","R","?","E"],"character_chosen":"DEFECT","items_purchased":["Capacitor+1"],"campfire_rested":0,"item_purchase_floors":[21],"current_hp_per_floor":[71,68,59,59,47,15,15,24,24,33,33,42,42,29,38,30,75,54,54,54,54,44,56,56,0],"gold":340,"neow_bonus":"BOSS_RELIC","is_prod":false,"is_daily":false,"chose_seed":false,"campfire_upgraded":5,"win_rate":0,"timestamp":1553060470,"path_taken":["M","M","M","?","M","E","M","R","T","R","?","R","M","?","R","BOSS","M","?","?","$","?","R","?","E"],"build_version":"2019-01-23","purchased_purges":1,"victory":false,"max_hp_per_floor":[75,75,75,75,75,75,75,75,75,75,75,75,75,75,75,75,75,75,75,75,75,75,75,75,75],"card_choices":[{"not_picked":["Rebound","Redo"],"picked":"Ball Lightning","floor":1},{"not_picked":["Aggregate","Reprogram"],"picked":"Cold Snap","floor":2},{"not_picked":["Sunder","Stack"],"picked":"Chill","floor":3},{"not_picked":["Lockon","Coolheaded"],"picked":"Redo","floor":5},{"not_picked":["Double Energy","Turbo"],"picked":"Electrodynamics","floor":6},{"not_picked":["Barrage","Double Energy"],"picked":"Ball Lightning","floor":7},{"not_picked":["FTL","Gash"],"picked":"Redo","floor":11},{"not_picked":["Meteor Strike","Steam"],"picked":"Fusion","floor":13},{"not_picked":["Fission","Amplify"],"picked":"Creative AI+1","floor":16},{"not_picked":[],"picked":"Undo","floor":18},{"not_picked":["Redo+1","Sweeping Beam"],"picked":"Conserve Battery","floor":22}],"player_experience":456413,"relics_obtained":[{"floor":6,"key":"Frozen Egg 2"},{"floor":9,"key":"Oddly Smooth Stone"},{"floor":11,"key":"Odd Mushroom"},{"floor":14,"key":"Meat on the Bone"}],"event_choices":[{"cards_removed":["Strike_B"],"damage_healed":0,"gold_gain":0,"player_choice":"Forget","damage_taken":0,"max_hp_gain":0,"max_hp_loss":0,"event_name":"Living Wall","floor":4,"gold_loss":0},{"damage_healed":0,"gold_gain":0,"player_choice":"Fought Mushrooms","damage_taken":0,"max_hp_gain":0,"max_hp_loss":0,"event_name":"Mushrooms","floor":11,"gold_loss":0},{"damage_healed":0,"gold_gain":30,"player_choice":"Searched \u00272\u0027 times","damage_taken":0,"max_hp_gain":0,"max_hp_loss":0,"event_name":"Dead Adventurer","floor":14,"gold_loss":0},{"damage_healed":0,"gold_gain":0,"player_choice":"Read","damage_taken":0,"max_hp_gain":0,"max_hp_loss":0,"event_name":"The Library","floor":19,"gold_loss":0,"cards_obtained":["Glacier"]},{"damage_healed":0,"gold_gain":0,"player_choice":"Traded Relic","damage_taken":0,"relics_obtained":["Nloth\u0027s Gift"],"max_hp_gain":0,"max_hp_loss":0,"event_name":"N\u0027loth","floor":20,"relics_lost":["Busted Crown"],"gold_loss":0},{"damage_healed":0,"gold_gain":0,"cards_transformed":["Strike_B","Strike_B"],"player_choice":"Became Test Subject","damage_taken":0,"max_hp_gain":0,"max_hp_loss":0,"event_name":"Drug Dealer","floor":24,"gold_loss":0,"cards_obtained":["Rip and Tear","Redo"]}],"is_beta":false,"boss_relics":[{"not_picked":["Calling Bell","Orrery"],"picked":"Busted Crown"}],"items_purged_floors":[21],"is_endless":false,"potions_floor_spawned":[2,3,6,7,13,18,22],"killed_by":"Gremlin Leader","ascension_level":4}