{"gold_per_floor":[113,127,146,1,1,1,27,27,103,135,135,119,119,148,148,247,247,260,31,42,61,71,71,83,83],"floor_reached":25,"playtime":1179,"items_purged":["Strike_B","Strike_B"],"score":346,"play_id":"c0dd04fb-e2d4-4542-ae85-904cbf920b24","local_time":"20190411122228","is_ascension_mode":true,"campfire_choices":[{"data":"Genetic Algorithm","floor":6.0,"key":"SMITH"},{"floor":8.0,"key":"REST"},{"data":"Coolheaded","floor":11.0,"key":"SMITH"},{"floor":13.0,"key":"REST"},{"data":"Defragment","floor":15.0,"key":"SMITH"},{"data":"Creative AI","floor":23.0,"key":"SMITH"}],"neow_cost":"NONE","seed_source_timestamp":8159828043789,"circlet_count":0,"master_deck":["AscendersBane","Strike_B","Strike_B","Defend_B+1","Defend_B","Defend_B","Defend_B","Zap+1","Dualcast","Ball Lightning","Doom and Gloom","Genetic Algorithm+1","Leap","Coolheaded+1","Loop","Defragment+1","Creative AI+1","Conserve Battery","Electrodynamics","Steam","Cold Snap","Stack+1"],"special_seed":0,"relics":["Cracked Core","Strawberry","Ancient Tea Set","The Courier","Smiling Mask","Dream Catcher","Inserter","War Paint"],"potions_floor_usage":[],"damage_taken":[{"damage":3.0,"enemies":"Small Slimes","floor":1.0,"turns":3.0},{"damage":1.0,"enemies":"Cultist","floor":2.0,"turns":3.0},{"damage":2.0,"enemies":"Jaw Worm","floor":3.0,"turns":3.0},{"damage":43.0,"enemies":"Gremlin Nob","floor":7.0,"turns":5.0},{"damage":16.0,"enemies":"3 Sentries","floor":10.0,"turns":5.0},{"damage":12.0,"enemies":"Exordium Thugs","floor":12.0,"turns":4.0},{"damage":29.0,"enemies":"Gremlin Nob","floor":14.0,"turns":5.0},{"damage":6.0,"enemies":"Hexaghost","floor":16.0,"turns":10.0},{"damage":21.0,"enemies":"3 Byrds","floor":18.0,"turns":3.0},{"damage":2.0,"enemies":"2 Thieves","floor":20.0,"turns":3.0},{"damage":10.0,"enemies":"3 Cultists","floor":21.0,"turns":3.0},{"damage":8.0,"enemies":"Centurion and Healer","floor":22.0,"turns":6.0},{"damage":18.0,"enemies":"Snecko","floor":24.0,"turns":6.0},{"damage":9,"enemies":"3 Cultists","floor":25,"turns":2}],"seed_played":"-8230277144540850933","potions_obtained":[{"floor":1.0,"key":"Ancient Potion"},{"floor":2.0,"key":"Regen Potion"},{"floor":10.0,"key":"LiquidBronze"},{"floor":14.0,"key":"PowerPotion"},{"floor":16.0,"key":"Block Potion"},{"floor":18.0,"key":"EntropicBrew"},{"floor":20.0,"key":"Block Potion"},{"floor":22.0,"key":"Poison Potion"}],"is_trial":false,"path_per_floor":["M","M","M","$","?","R","E","R","T","E","R","M","R","E","R","B",null,"M","$","M","M","M","R","M","M"],"character_chosen":"DEFECT","items_purchased":["Genetic Algorithm","War Paint","Electrodynamics"],"campfire_rested":2,"item_purchase_floors":[4,19,19],"current_hp_per_floor":[72,71,69,69,69,69,38,62,62,46,46,34,58,29,29,23,67,46,46,44,34,26,26,8,0],"gold":83,"neow_bonus":"RANDOM_COMMON_RELIC","is_prod":false,"is_daily":false,"chose_seed":false,"campfire_upgraded":4,"win_rate":0,"timestamp":1554952948,"path_taken":["M","M","M","$","?","R","E","R","T","E","R","M","R","E","R","BOSS","M","?","M","M","?","R","M","M"],"build_version":"2019-01-23","purchased_purges":2,"victory":false,"max_hp_per_floor":[82,82,82,82,82,82,82,82,82,82,82,82,82,82,82,82,82,82,82,82,82,82,82,82,82],"card_choices":[{"not_picked":["Fusion","Coolheaded"],"picked":"Ball Lightning","floor":1.0},{"not_picked":["Sunder","Steam"],"picked":"Doom and Gloom","floor":2.0},{"not_picked":["Ball Lightning","Scrape","Undo"],"picked":"SKIP","floor":3.0},{"not_picked":["Hologram","Double Energy"],"picked":"Leap","floor":7.0},{"not_picked":["Rebound","Turbo"],"picked":"Coolheaded","floor":10.0},{"not_picked":["Compile Driver","Chaos"],"picked":"Loop","floor":12.0},{"not_picked":["Tempest","Beam Cell"],"picked":"Defragment","floor":14.0},{"not_picked":["Electrodynamics","Multi-Cast"],"picked":"Creative AI","floor":16.0},{"not_picked":["Ball Lightning","Static Discharge"],"picked":"Conserve Battery","floor":18.0},{"not_picked":["Rebound","Streamline+1"],"picked":"Steam","floor":20.0},{"not_picked":["Storm","Scrape+1","Ball Lightning"],"picked":"SKIP","floor":21.0},{"not_picked":["Ball Lightning","Streamline"],"picked":"Cold Snap","floor":22.0},{"not_picked":["Fission","Turbo"],"picked":"Stack+1","floor":24.0}],"player_experience":539567,"relics_obtained":[{"floor":7.0,"key":"Ancient Tea Set"},{"floor":9.0,"key":"The Courier"},{"floor":10.0,"key":"Smiling Mask"},{"floor":14.0,"key":"Dream Catcher"}],"event_choices":[{"damage_healed":0.0,"max_hp_gain":0.0,"max_hp_loss":0.0,"gold_gain":0.0,"event_name":"Lab","player_choice":"Got Potions","floor":5.0,"gold_loss":0.0,"damage_taken":0.0}],"is_beta":false,"boss_relics":[{"not_picked":["Coffee Dripper","Fusion Hammer"],"picked":"Inserter"}],"items_purged_floors":[4,19],"is_endless":false,"potions_floor_spawned":[1,2,10,14,16,18,20,22],"killed_by":"3 Cultists","ascension_level":11}