{"gold_per_floor":[118,137,102,102,113,138,148,179,179,191,237,249,261,292,304,411,423,449,461,473,503,515,553,565,577,615,627,650,68,83,110,110,205,205,218,218,118,218,218,218,218,218,218,234,284,310,328,347,347,347],"floor_reached":51,"playtime":5397,"items_purged":["Strike_G","Defend_G"],"score":1146,"play_id":"8074bc5c-d744-4899-8204-13c6e8f753f5","local_time":"20190325192606","is_ascension_mode":true,"campfire_choices":[{"data":"Poisoned Stab","floor":10.0,"key":"SMITH"},{"data":"Neutralize","floor":12.0,"key":"SMITH"},{"data":"Backflip","floor":15.0,"key":"SMITH"},{"data":"Noxious Fumes","floor":25.0,"key":"SMITH"},{"data":"Caltrops","floor":32.0,"key":"SMITH"},{"data":"Grand Finale","floor":40.0,"key":"SMITH"},{"data":"Calculated Gamble","floor":42.0,"key":"SMITH"},{"data":"After Image","floor":49.0,"key":"SMITH"}],"neow_cost":"NONE","seed_source_timestamp":372927591907098,"circlet_count":0,"master_deck":["Defend_G","Defend_G","Defend_G","Survivor","Neutralize+1","Dagger Spray","Backflip+1","Crippling Poison","Poisoned Stab+1","Dagger Throw","Escape Plan","Bane","Prepared","Grand Finale+1","Calculated Gamble+1","Sucker Punch","Poisoned Stab","Noxious Fumes+1","Blur+1","Distraction+1","Caltrops+1","Backflip+1","Acrobatics+1","Prepared+1","Prepared","Predator+1","Masterful Stab","After Image+1","Expertise+1"],"special_seed":0,"relics":["Sozu","Thread and Needle","Potion Belt","MawBank","Dodecahedron","Lizard Tail","Matryoshka","Bronze Scales","Pen Nib","Juzu Bracelet","Lee\u0027s Waffle","Sundial","Art of War","Busted Crown","Mango","PreservedInsect","Strawberry","Turnip","Meat on the Bone"],"potions_floor_usage":[],"damage_taken":[{"damage":2.0,"enemies":"Small Slimes","floor":1.0,"turns":5.0},{"damage":1.0,"enemies":"2 Louse","floor":2.0,"turns":2.0},{"damage":0.0,"enemies":"Cultist","floor":5.0,"turns":4.0},{"damage":13.0,"enemies":"3 Sentries","floor":6.0,"turns":9.0},{"damage":8.0,"enemies":"Exordium Thugs","floor":7.0,"turns":4.0},{"damage":2.0,"enemies":"Lagavulin","floor":8.0,"turns":6.0},{"damage":0.0,"enemies":"3 Sentries","floor":11.0,"turns":7.0},{"damage":0.0,"enemies":"Large Slime","floor":14.0,"turns":4.0},{"damage":0.0,"enemies":"Hexaghost","floor":16.0,"turns":10.0},{"damage":0.0,"enemies":"3 Byrds","floor":18.0,"turns":4.0},{"damage":0.0,"enemies":"Chosen","floor":21.0,"turns":5.0},{"damage":7.0,"enemies":"Gremlin Leader","floor":23.0,"turns":8.0},{"damage":14.0,"enemies":"Colosseum Slavers","floor":24.0,"turns":5.0},{"damage":9.0,"enemies":"Snake Plant","floor":28.0,"turns":4.0},{"damage":14.0,"enemies":"Shelled Parasite and Fungi","floor":30.0,"turns":4.0},{"damage":11.0,"enemies":"Slavers","floor":31.0,"turns":6.0},{"damage":42.0,"enemies":"Collector","floor":33.0,"turns":9.0},{"damage":0.0,"enemies":"3 Darklings","floor":35.0,"turns":5.0},{"damage":7.0,"enemies":"Mind Bloom Boss Battle","floor":38.0,"turns":7.0},{"damage":0.0,"enemies":"Orb Walker","floor":44.0,"turns":3.0},{"damage":30.0,"enemies":"2 Orb Walkers","floor":45.0,"turns":5.0},{"damage":34.0,"enemies":"Reptomancer","floor":46.0,"turns":6.0},{"damage":0.0,"enemies":"Writhing Mass","floor":47.0,"turns":5.0},{"damage":0.0,"enemies":"Spire Growth","floor":48.0,"turns":4.0},{"damage":31,"enemies":"Time Eater","floor":50,"turns":13}],"seed_played":"6964952541435899805","potions_obtained":[],"is_trial":false,"path_per_floor":["M","M","$","?","M","E","M","E","T","R","E","R","?","M","R","B",null,"M","?","T","M","?","E","?","R","T","?","M","$","M","E","R","B",null,"M","?","$","?","?","R","?","R","T","M","?","E","M","M","R","B",null],"character_chosen":"THE_SILENT","items_purchased":["Crippling Poison","Caltrops","Lee\u0027s Waffle","Sundial"],"campfire_rested":0,"item_purchase_floors":[3,29,29,29],"current_hp_per_floor":[61,60,60,60,60,47,39,37,37,37,37,37,37,37,37,37,62,62,62,62,62,49,42,28,28,28,28,19,82,68,57,57,15,65,65,65,65,72,72,72,72,72,79,79,49,15,27,39,39,20],"gold":347,"neow_bonus":"BOSS_RELIC","is_prod":false,"is_daily":false,"chose_seed":false,"campfire_upgraded":8,"win_rate":0,"timestamp":1553509566,"path_taken":["M","M","$","?","M","E","M","E","T","R","E","R","?","M","R","BOSS","M","?","?","M","?","E","?","R","T","?","M","?","M","E","R","BOSS","M","?","$","?","?","R","?","R","T","M","?","E","M","M","R","BOSS"],"build_version":"2019-01-23","purchased_purges":2,"victory":true,"max_hp_per_floor":[70,70,70,70,70,70,70,70,70,70,70,70,70,70,70,70,70,70,70,70,70,75,75,75,75,75,75,75,82,82,82,82,82,82,82,82,82,96,96,96,96,96,103,103,103,103,103,103,103,103],"card_choices":[{"not_picked":["All Out Attack","Poisoned Stab"],"picked":"Dagger Spray","floor":1.0},{"not_picked":["Bane","Leg Sweep"],"picked":"Backflip","floor":2.0},{"not_picked":["Endless Agony","Bane"],"picked":"Poisoned Stab","floor":5.0},{"not_picked":["Flechettes","Underhanded Strike"],"picked":"Dagger Throw","floor":6.0},{"not_picked":["Deflect","Predator"],"picked":"Escape Plan","floor":7.0},{"not_picked":["Expertise","Sucker Punch"],"picked":"Bane","floor":8.0},{"not_picked":["Crippling Poison","Poisoned Stab","Dodge and Roll"],"picked":"SKIP","floor":11.0},{"not_picked":["Blade Dance","Underhanded Strike"],"picked":"Prepared","floor":14.0},{"not_picked":["Venomology","Phantasmal Killer"],"picked":"Grand Finale","floor":16.0},{"not_picked":["Quick Slash","Terror"],"picked":"Calculated Gamble","floor":18.0},{"not_picked":["Deflect+1","Finisher"],"picked":"Noxious Fumes","floor":21.0},{"not_picked":["Choke","Cloak And Dagger+1"],"picked":"Blur+1","floor":23.0},{"not_picked":["Poisoned Stab","Deflect"],"picked":"Distraction+1","floor":28.0},{"not_picked":["Calculated Gamble","Cloak And Dagger+1"],"picked":"Backflip+1","floor":30.0},{"not_picked":["Setup","Blade Dance+1"],"picked":"Acrobatics+1","floor":31.0},{"not_picked":[],"picked":"Prepared+1","floor":35.0},{"not_picked":[],"picked":"Predator+1","floor":38.0},{"not_picked":["Endless Agony+1"],"picked":"SKIP","floor":44.0},{"not_picked":[],"picked":"After Image","floor":46.0},{"not_picked":[],"picked":"Expertise+1","floor":47.0},{"not_picked":["Skewer+1"],"picked":"SKIP","floor":48.0}],"player_experience":587356,"relics_obtained":[{"floor":6.0,"key":"Thread and Needle"},{"floor":8.0,"key":"Potion Belt"},{"floor":9.0,"key":"MawBank"},{"floor":11.0,"key":"Dodecahedron"},{"floor":20.0,"key":"Matryoshka"},{"floor":23.0,"key":"Bronze Scales"},{"floor":26.0,"key":"Pen Nib"},{"floor":26.0,"key":"Juzu Bracelet"},{"floor":31.0,"key":"Art of War"},{"floor":38.0,"key":"Mango"},{"floor":43.0,"key":"PreservedInsect"},{"floor":43.0,"key":"Strawberry"},{"floor":45.0,"key":"Turnip"},{"floor":46.0,"key":"Meat on the Bone"}],"event_choices":[{"cards_removed":["Strike_G"],"damage_healed":0.0,"max_hp_gain":0.0,"max_hp_loss":0.0,"gold_gain":0.0,"event_name":"Living Wall","player_choice":"Forget","floor":4.0,"gold_loss":0.0,"damage_taken":0.0},{"cards_removed":["Strike_G"],"damage_healed":0.0,"max_hp_gain":0.0,"max_hp_loss":0.0,"gold_gain":0.0,"event_name":"Purifier","player_choice":"Purged","floor":13.0,"gold_loss":0.0,"damage_taken":0.0},{"damage_healed":0.0,"max_hp_gain":0.0,"max_hp_loss":0.0,"gold_gain":0.0,"cards_transformed":["Strike_G","Strike_G"],"event_name":"Drug Dealer","player_choice":"Became Test Subject","floor":19.0,"gold_loss":0.0,"damage_taken":0.0,"cards_obtained":["Sucker Punch","Poisoned Stab"]},{"damage_healed":0.0,"max_hp_gain":5.0,"max_hp_loss":0.0,"gold_gain":0.0,"event_name":"Forgotten Altar","player_choice":"Shed Blood","floor":22.0,"gold_loss":0.0,"damage_taken":18.0},{"damage_healed":0.0,"max_hp_gain":0.0,"max_hp_loss":0.0,"gold_gain":0.0,"event_name":"Colosseum","player_choice":"Fight","floor":24.0,"gold_loss":0.0,"damage_taken":0.0},{"damage_healed":0.0,"max_hp_gain":0.0,"max_hp_loss":0.0,"gold_gain":0.0,"event_name":"Colosseum","player_choice":"Fled From Nobs","floor":24.0,"gold_loss":0.0,"damage_taken":0.0},{"damage_healed":0.0,"max_hp_gain":0.0,"max_hp_loss":0.0,"gold_gain":0.0,"event_name":"Cursed Tome","player_choice":"Ignored","floor":27.0,"gold_loss":0.0,"damage_taken":0.0},{"damage_healed":0.0,"max_hp_gain":0.0,"max_hp_loss":0.0,"gold_gain":0.0,"cards_transformed":["Defend_G"],"event_name":"Transmorgrifier","player_choice":"Transformed","floor":36.0,"gold_loss":0.0,"damage_taken":0.0,"cards_obtained":["Prepared"]},{"damage_healed":0.0,"max_hp_gain":0.0,"max_hp_loss":0.0,"gold_gain":0.0,"event_name":"MindBloom","player_choice":"Fight","floor":38.0,"gold_loss":0.0,"damage_taken":0.0},{"damage_healed":0.0,"max_hp_gain":0.0,"max_hp_loss":0.0,"gold_gain":0.0,"event_name":"Match and Keep!","player_choice":"1 cards matched","floor":39.0,"gold_loss":0.0,"damage_taken":0.0,"cards_obtained":["Masterful Stab"]},{"damage_healed":0.0,"max_hp_gain":0.0,"max_hp_loss":0.0,"gold_gain":0.0,"event_name":"Tomb of Lord Red Mask","player_choice":"Ignored","floor":41.0,"gold_loss":0.0,"damage_taken":0.0},{"damage_healed":0.0,"max_hp_gain":0.0,"max_hp_loss":0.0,"gold_gain":0.0,"event_name":"Mysterious Sphere","player_choice":"Fight","floor":45.0,"gold_loss":0.0,"damage_taken":0.0}],"is_beta":false,"boss_relics":[{"not_picked":["Calling Bell","Runic Pyramid"],"picked":"Lizard Tail"},{"not_picked":["Snecko Eye","Tiny House"],"picked":"Busted Crown"}],"items_purged_floors":[29,37],"is_endless":false,"potions_floor_spawned":[1,5,6,16,21,28,33,35,47],"ascension_level":9}