{"gold_per_floor":[212,224,224,224,72,72,105,105,129,129,129],"floor_reached":11,"playtime":356,"items_purged":["Strike_R"],"score":117,"play_id":"d40c40ee-506e-443f-b749-39d1b413cbac","local_time":"20190319175813","is_ascension_mode":true,"campfire_choices":[{"data":"1","floor":6,"key":"LIFT"},{"data":"2","floor":10,"key":"LIFT"}],"neow_cost":"NONE","seed_source_timestamp":369826254657795,"circlet_count":0,"master_deck":["AscendersBane","Strike_R","Strike_R","Strike_R","Strike_R","Defend_R","Defend_R+1","Defend_R","Defend_R+1","Bash","Metallicize","Feel No Pain","Evolve"],"relics":["Burning Blood","Girya","Toxic Egg 2","Torii","War Paint"],"potions_floor_usage":[11],"damage_taken":[{"damage":7,"enemies":"Small Slimes","floor":1,"turns":4},{"damage":18,"enemies":"2 Louse","floor":2,"turns":3},{"damage":25,"enemies":"3 Sentries","floor":7,"turns":12},{"damage":34,"enemies":"Lagavulin","floor":11,"turns":6}],"seed_played":"-8024442582004796719","potions_obtained":[{"floor":1,"key":"SteroidPotion"},{"floor":7,"key":"Weak Potion"}],"is_trial":false,"path_per_floor":["M","M","$","?","$","R","E","?","T","R","E"],"character_chosen":"IRONCLAD","items_purchased":["Evolve"],"campfire_rested":0,"item_purchase_floors":[5],"current_hp_per_floor":[67,55,55,48,48,48,29,29,29,29,0],"gold":129,"neow_bonus":"HUNDRED_GOLD","is_prod":false,"is_daily":false,"chose_seed":false,"campfire_upgraded":0,"win_rate":0,"timestamp":1552985893,"path_taken":["M","M","$","?","$","R","E","?","T","R","E"],"build_version":"2019-01-23","purchased_purges":1,"victory":false,"max_hp_per_floor":[75,75,75,75,75,75,75,75,75,75,75],"card_choices":[{"not_picked":["Iron Wave","Havoc"],"picked":"Metallicize","floor":1},{"not_picked":["Warcry","Havoc"],"picked":"Feel No Pain","floor":2},{"not_picked":["Burning Pact","Thunderclap","Pommel Strike"],"picked":"SKIP","floor":7}],"player_experience":439060,"relics_obtained":[{"floor":7,"key":"Toxic Egg 2"},{"floor":9,"key":"War Paint"}],"event_choices":[{"damage_healed":0,"gold_gain":0,"player_choice":"Success","damage_taken":7,"relics_obtained":["Girya"],"max_hp_gain":0,"max_hp_loss":0,"event_name":"Scrap Ooze","floor":4,"gold_loss":0},{"damage_healed":0,"gold_gain":0,"player_choice":"Gave Potion","damage_taken":0,"relics_obtained":["Torii"],"max_hp_gain":0,"max_hp_loss":0,"event_name":"WeMeetAgain","floor":8,"gold_loss":0}],"is_beta":false,"boss_relics":[],"items_purged_floors":[5],"is_endless":false,"potions_floor_spawned":[1,7],"killed_by":"Lagavulin","ascension_level":14}