{"gold_per_floor":[111,128,145,145,157,157,192,208,235,300,69,19,29,61,61,134,134,153,153,153,171,189,220,220,253,253,264,54,54,4,4,4,76,76,94,111,111,0,0,0,19,19,19,19,54,71,82,114,114,114],"floor_reached":51,"playtime":3599,"items_purged":["Strike_B","Strike_B","Strike_B"],"score":1230,"play_id":"4088ff5b-52f2-4f57-8de3-e2c4d167caa2","local_time":"20190416004938","is_ascension_mode":true,"campfire_choices":[{"data":"Defragment","floor":6.0,"key":"SMITH"},{"floor":15.0,"key":"REST"},{"data":"Capacitor","floor":24.0,"key":"SMITH"},{"data":"Self Repair","floor":29.0,"key":"SMITH"},{"floor":32.0,"key":"REST"},{"data":"Buffer","floor":40,"key":"SMITH"},{"data":"Capacitor","floor":42,"key":"SMITH"},{"data":"Glacier","floor":44,"key":"SMITH"},{"data":"Zap","floor":49,"key":"SMITH"}],"neow_cost":"NONE","seed_source_timestamp":13019369200621,"circlet_count":0,"master_deck":["AscendersBane","Defend_B","Defend_B","Defend_B","Defend_B","Zap+1","Dualcast","Glacier+1","Cold Snap","Defragment+1","Cold Snap","Cold Snap","Conserve Battery+1","Conserve Battery+1","Capacitor+1","White Noise+1","Fission+1","Blizzard+1","Fission+1","Self Repair+1","Recycle+1","Capacitor+1","Shame","Buffer+1","Double Energy+1"],"special_seed":0,"relics":["Cracked Core","NeowsBlessing","Toxic Egg 2","Bag of Preparation","Boot","Blood Vial","Juzu Bracelet","Runic Pyramid","Mummified Hand","Lantern","Vajra","Smiling Mask","Turnip","Busted Crown","Red Mask","Darkstone Periapt","Happy Flower","Oddly Smooth Stone"],"potions_floor_usage":[50,50],"damage_taken":[{"damage":0.0,"enemies":"Cultist","floor":1.0,"turns":1.0},{"damage":0.0,"enemies":"Small Slimes","floor":2.0,"turns":1.0},{"damage":0.0,"enemies":"2 Louse","floor":3.0,"turns":1.0},{"damage":6.0,"enemies":"Red Slaver","floor":5.0,"turns":4.0},{"damage":16.0,"enemies":"3 Sentries","floor":7.0,"turns":10.0},{"damage":0.0,"enemies":"2 Fungi Beasts","floor":8.0,"turns":4.0},{"damage":4.0,"enemies":"Gremlin Nob","floor":10.0,"turns":4.0},{"damage":0.0,"enemies":"3 Louse","floor":13.0,"turns":3.0},{"damage":21.0,"enemies":"Gremlin Nob","floor":14.0,"turns":6.0},{"damage":4.0,"enemies":"The Guardian","floor":16.0,"turns":17.0},{"damage":11.0,"enemies":"Shell Parasite","floor":18.0,"turns":5.0},{"damage":16.0,"enemies":"2 Thieves","floor":21.0,"turns":5.0},{"damage":3.0,"enemies":"Centurion and Healer","floor":22.0,"turns":11.0},{"damage":8.0,"enemies":"Gremlin Leader","floor":23.0,"turns":7.0},{"damage":16.0,"enemies":"Slavers","floor":25.0,"turns":6.0},{"damage":13.0,"enemies":"Snake Plant","floor":27.0,"turns":3.0},{"damage":26.0,"enemies":"Automaton","floor":33.0,"turns":10.0},{"damage":10.0,"enemies":"3 Shapes","floor":35.0,"turns":3.0},{"damage":23.0,"enemies":"3 Darklings","floor":36.0,"turns":6.0},{"damage":18,"enemies":"4 Shapes","floor":41,"turns":8},{"damage":0,"enemies":"Reptomancer","floor":45,"turns":12},{"damage":0,"enemies":"Spire Growth","floor":46,"turns":7},{"damage":0,"enemies":"Writhing Mass","floor":47,"turns":10},{"damage":5,"enemies":"Giant Head","floor":48,"turns":10},{"damage":38,"enemies":"Donu and Deca","floor":50,"turns":17}],"seed_played":"3376915592953736231","potions_obtained":[{"floor":1.0,"key":"SpeedPotion"},{"floor":3.0,"key":"Block Potion"},{"floor":16.0,"key":"Dexterity Potion"},{"floor":18.0,"key":"Poison Potion"},{"floor":23.0,"key":"SteroidPotion"},{"floor":27.0,"key":"LiquidBronze"},{"floor":35.0,"key":"Explosive Potion"},{"floor":41,"key":"Ancient Potion"}],"is_trial":false,"path_per_floor":["M","M","M","?","M","R","E","M","T","?","$","?","M","E","R","B",null,"M","?","?","M","M","E","R","E","T","M","$","R","$","?","R","B",null,"M","M","?","?","?","R","M","R","T","R","E","M","M","E","R","B",null],"character_chosen":"DEFECT","items_purchased":["Capacitor","White Noise+1","Recycle+1","Capacitor"],"campfire_rested":2,"item_purchase_floors":[11,11,28,28],"current_hp_per_floor":[68,68,68,65,59,59,43,43,43,39,39,39,41,22,44,42,67,58,58,58,44,43,37,37,23,23,19,19,19,19,19,41,27,63,65,54,54,54,54,54,48,48,48,48,60,72,75,75,75,47],"gold":114,"neow_bonus":"THREE_ENEMY_KILL","is_prod":false,"is_daily":false,"chose_seed":false,"campfire_upgraded":7,"win_rate":0,"timestamp":1555343378,"path_taken":["M","M","?","?","M","R","E","M","T","?","$","?","M","E","R","BOSS","M","?","?","M","M","E","R","E","T","M","$","R","?","?","R","BOSS","M","M","?","?","?","R","M","R","T","R","E","M","M","E","R","BOSS"],"build_version":"2019-01-23","purchased_purges":3,"victory":true,"max_hp_per_floor":[75,75,75,75,75,75,75,75,75,75,75,75,75,75,75,75,75,75,75,75,75,75,75,75,75,75,75,75,75,75,75,75,75,75,75,75,75,75,75,75,75,75,75,75,75,75,75,75,75,75],"card_choices":[{"not_picked":["Rebound","Undo"],"picked":"Glacier","floor":1.0},{"not_picked":["Scrape","Reprogram"],"picked":"Cold Snap","floor":2.0},{"not_picked":["Doom and Gloom","Static Discharge"],"picked":"Defragment","floor":3.0},{"not_picked":["Gash","Hyperbeam"],"picked":"Cold Snap","floor":5.0},{"not_picked":["Gash","Lockon"],"picked":"Cold Snap","floor":7.0},{"not_picked":["Stack+1","Ball Lightning"],"picked":"Conserve Battery+1","floor":8.0},{"not_picked":["Genetic Algorithm+1","Beam Cell"],"picked":"Conserve Battery+1","floor":10.0},{"not_picked":["Sunder","Capacitor","Steam+1"],"picked":"SKIP","floor":13.0},{"not_picked":["Fusion+1","Steam Power+1","Aggregate+1"],"picked":"SKIP","floor":14.0},{"not_picked":["Biased Cognition","Buffer"],"picked":"Fission+1","floor":16.0},{"not_picked":["Streamline","Ball Lightning","Genetic Algorithm+1"],"picked":"SKIP","floor":18.0},{"not_picked":["Compile Driver","Steam+1","Genetic Algorithm+1"],"picked":"SKIP","floor":21.0},{"not_picked":["Compile Driver","Capacitor"],"picked":"Blizzard+1","floor":22.0},{"not_picked":["Barrage","Rebound"],"picked":"Fission+1","floor":23.0},{"not_picked":["Auto Shields+1","Thunder Strike"],"picked":"Self Repair","floor":25.0},{"not_picked":["Leap+1","Gash+1","Go for the Eyes"],"picked":"SKIP","floor":27.0},{"not_picked":["Amplify+1","Echo Form"],"picked":"Buffer","floor":33.0},{"not_picked":["Leap+1"],"picked":"SKIP","floor":35.0},{"not_picked":[],"picked":"Double Energy+1","floor":36.0},{"not_picked":["Sweeping Beam"],"picked":"SKIP","floor":41},{"not_picked":["Go for the Eyes"],"picked":"SKIP","floor":45},{"not_picked":["BootSequence+1"],"picked":"SKIP","floor":46},{"not_picked":["Turbo+1"],"picked":"SKIP","floor":47},{"not_picked":["Fusion+1"],"picked":"SKIP","floor":48}],"player_experience":760979,"relics_obtained":[{"floor":7.0,"key":"Bag of Preparation"},{"floor":9.0,"key":"Boot"},{"floor":10.0,"key":"Blood Vial"},{"floor":14.0,"key":"Juzu Bracelet"},{"floor":19.0,"key":"Mummified Hand"},{"floor":23.0,"key":"Lantern"},{"floor":25.0,"key":"Vajra"},{"floor":26.0,"key":"Smiling Mask"},{"floor":43,"key":"Darkstone Periapt"},{"floor":45,"key":"Happy Flower"},{"floor":48,"key":"Oddly Smooth Stone"}],"event_choices":[{"damage_healed":0.0,"max_hp_gain":0.0,"max_hp_loss":0.0,"gold_gain":0.0,"event_name":"Scrap Ooze","player_choice":"Success","floor":4.0,"gold_loss":0.0,"damage_taken":3.0,"relics_obtained":["Toxic Egg 2"]},{"damage_healed":0.0,"max_hp_gain":0.0,"max_hp_loss":0.0,"gold_gain":0.0,"event_name":"Dead Adventurer","player_choice":"Searched \u00271\u0027 times","floor":10.0,"gold_loss":0.0,"damage_taken":0.0},{"cards_removed":["Strike_B"],"damage_healed":0.0,"max_hp_gain":0.0,"max_hp_loss":0.0,"gold_gain":0.0,"event_name":"The Cleric","player_choice":"Card Removal","floor":12.0,"gold_loss":50.0,"damage_taken":0.0},{"damage_healed":0.0,"max_hp_gain":0.0,"max_hp_loss":0.0,"gold_gain":0.0,"event_name":"Wheel of Change","player_choice":"Relic","floor":19.0,"gold_loss":0.0,"damage_taken":0.0},{"damage_healed":0.0,"max_hp_gain":0.0,"max_hp_loss":0.0,"gold_gain":0.0,"event_name":"The Woman in Blue","player_choice":"Bought 0 Potions","floor":20.0,"gold_loss":0.0,"damage_taken":0.0},{"damage_healed":0.0,"max_hp_gain":0.0,"max_hp_loss":0.0,"gold_gain":0.0,"event_name":"Addict","player_choice":"Stole Relic","floor":31.0,"gold_loss":0.0,"damage_taken":0.0,"relics_obtained":["Turnip"],"cards_obtained":["Shame"]},{"damage_healed":0.0,"max_hp_gain":0.0,"max_hp_loss":0.0,"gold_gain":0.0,"event_name":"SecretPortal","player_choice":"Ignored","floor":37.0,"gold_loss":0.0,"damage_taken":0.0},{"damage_healed":0.0,"max_hp_gain":0.0,"max_hp_loss":0.0,"gold_gain":0.0,"event_name":"Tomb of Lord Red Mask","player_choice":"Paid","floor":38.0,"gold_loss":111.0,"damage_taken":0.0,"relics_obtained":["Red Mask"]},{"damage_healed":0,"gold_gain":0,"player_choice":"Ignored","damage_taken":0,"max_hp_gain":0,"max_hp_loss":0,"event_name":"Mysterious Sphere","floor":39,"gold_loss":0}],"is_beta":false,"boss_relics":[{"not_picked":["Tiny House","Velvet Choker"],"picked":"Runic Pyramid"},{"not_picked":["Cursed Key","Coffee Dripper"],"picked":"Busted Crown"}],"items_purged_floors":[11,28,30],"is_endless":false,"potions_floor_spawned":[1,3,5,10,13,16,18,23,27,35,36,41,45],"ascension_level":13}