{"gold_per_floor":[110,60,79,79,1,36,46,79,79,79,99,99,112,129,129,203,203,221,256,256,256],"floor_reached":21,"playtime":734,"items_purged":[],"score":449,"play_id":"58479496-feb7-44d8-ad05-3f5c7e27d289","local_time":"20190319175205","is_ascension_mode":true,"campfire_choices":[{"data":"Body Slam","floor":15.0,"key":"SMITH"}],"neow_cost":"NONE","seed_source_timestamp":368964530773517,"circlet_count":0,"master_deck":["AscendersBane","Strike_R","Strike_R","Strike_R","Strike_R+1","Defend_R","Defend_R","Defend_R+1","Defend_R+1","Bash+1","Headbutt","Feel No Pain","Fiend Fire","Flame Barrier","Shrug It Off","Regret","Warcry","Body Slam+1","Impervious","Metallicize"],"special_seed":0,"relics":["Burning Blood","NeowsBlessing","War Paint","Unceasing Top","Shuriken","Smiling Mask","The Courier","Snecko Eye","Red Mask"],"potions_floor_usage":[],"damage_taken":[{"damage":0.0,"enemies":"Small Slimes","floor":1.0,"turns":1.0},{"damage":0.0,"enemies":"2 Louse","floor":3.0,"turns":1.0},{"damage":0.0,"enemies":"Gremlin Nob","floor":6.0,"turns":1.0},{"damage":2.0,"enemies":"Jaw Worm","floor":7.0,"turns":3.0},{"damage":22.0,"enemies":"Lagavulin","floor":8.0,"turns":5.0},{"damage":12.0,"enemies":"Red Slaver","floor":11.0,"turns":4.0},{"damage":8.0,"enemies":"Large Slime","floor":13.0,"turns":6.0},{"damage":15.0,"enemies":"3 Louse","floor":14.0,"turns":5.0},{"damage":4.0,"enemies":"Slime Boss","floor":16.0,"turns":6.0},{"damage":38,"enemies":"Spheric Guardian","floor":18,"turns":6},{"damage":27,"enemies":"Masked Bandits","floor":19,"turns":6},{"damage":11,"enemies":"3 Byrds","floor":21,"turns":2}],"seed_played":"820277472867657501","potions_obtained":[{"floor":6.0,"key":"Ancient Potion"},{"floor":7.0,"key":"Fire Potion"},{"floor":13.0,"key":"Swift Potion"},{"floor":16.0,"key":"SpeedPotion"}],"is_trial":false,"path_per_floor":["M","?","M","?","$","E","M","E","T","?","M","?","M","M","R","B",null,"M","?","?","M"],"character_chosen":"IRONCLAD","items_purchased":["Feel No Pain"],"campfire_rested":0,"item_purchase_floors":[5],"current_hp_per_floor":[74,74,75,60,60,66,70,54,54,54,48,36,34,25,25,27,63,31,10,10,0],"gold":256,"neow_bonus":"THREE_ENEMY_KILL","is_prod":false,"is_daily":false,"chose_seed":false,"campfire_upgraded":1,"win_rate":0,"timestamp":1552985525,"path_taken":["M","?","M","?","?","E","?","E","T","?","M","?","M","M","R","BOSS","M","?","?","M"],"build_version":"2019-01-23","purchased_purges":0,"victory":false,"max_hp_per_floor":[75,75,75,75,75,75,75,75,75,75,75,75,75,75,75,75,75,75,75,75,75],"card_choices":[{"not_picked":["Anger","Clash"],"picked":"Headbutt","floor":1.0},{"not_picked":["Iron Wave","Havoc","Infernal Blade"],"picked":"SKIP","floor":3.0},{"not_picked":["Headbutt","Clothesline"],"picked":"Fiend Fire","floor":6.0},{"not_picked":["True Grit","Entrench"],"picked":"Flame Barrier","floor":7.0},{"not_picked":["Intimidate","Rage"],"picked":"Shrug It Off","floor":8.0},{"not_picked":["Anger","Flame Barrier"],"picked":"Warcry","floor":11.0},{"not_picked":["Feed","Anger"],"picked":"Body Slam","floor":13.0},{"not_picked":["Havoc","Clash","Pummel"],"picked":"SKIP","floor":14.0},{"not_picked":["Immolate","Demon Form"],"picked":"Impervious","floor":16.0},{"not_picked":["Thunderclap+1","Havoc","Twin Strike"],"picked":"SKIP","floor":18},{"not_picked":["Battle Trance","Warcry"],"picked":"Metallicize","floor":19}],"player_experience":438326,"relics_obtained":[{"floor":6.0,"key":"War Paint"},{"floor":8.0,"key":"Unceasing Top"},{"floor":9.0,"key":"Shuriken"},{"floor":19,"key":"Red Mask"}],"event_choices":[{"cards_removed":["Strike_R"],"damage_healed":0.0,"max_hp_gain":0.0,"max_hp_loss":0.0,"gold_gain":0.0,"event_name":"The Cleric","player_choice":"Card Removal","floor":2.0,"gold_loss":50.0,"damage_taken":0.0},{"damage_healed":0.0,"max_hp_gain":0.0,"max_hp_loss":0.0,"gold_gain":0.0,"event_name":"Shining Light","player_choice":"Entered Light","floor":4.0,"gold_loss":0.0,"damage_taken":15.0,"cards_upgraded":["Strike_R","Bash"]},{"damage_healed":0.0,"max_hp_gain":0.0,"max_hp_loss":0.0,"gold_gain":0.0,"event_name":"Big Fish","player_choice":"Box","floor":10.0,"gold_loss":0.0,"damage_taken":0.0,"relics_obtained":["Smiling Mask"],"cards_obtained":["Regret"]},{"damage_healed":0.0,"max_hp_gain":0.0,"max_hp_loss":0.0,"gold_gain":0.0,"event_name":"Scrap Ooze","player_choice":"Success","floor":12.0,"gold_loss":0.0,"damage_taken":12.0,"relics_obtained":["The Courier"]},{"damage_healed":0,"gold_gain":0,"player_choice":"Fought Bandits","damage_taken":0,"max_hp_gain":0,"max_hp_loss":0,"event_name":"Masked Bandits","floor":19,"gold_loss":0},{"damage_healed":0,"gold_gain":0,"player_choice":"Ignored","damage_taken":0,"max_hp_gain":0,"max_hp_loss":0,"event_name":"Vampires","floor":20,"gold_loss":0}],"is_beta":false,"boss_relics":[{"not_picked":["Runic Pyramid","Orrery"],"picked":"Snecko Eye"}],"items_purged_floors":[],"is_endless":false,"potions_floor_spawned":[6,7,13,16,19],"killed_by":"3 Byrds","ascension_level":14}