{"gold_per_floor":[112,112,112,135,151,190,203,203,203,9,22,22,22,22],"floor_reached":14,"playtime":563,"items_purged":[],"score":126,"play_id":"3f8048fc-96fd-49a0-97e3-e541d1c45672","local_time":"20190405031836","is_ascension_mode":true,"campfire_choices":[{"data":"Seek","floor":8.0,"key":"SMITH"},{"floor":13.0,"key":"REST"}],"neow_cost":"PERCENT_DAMAGE","seed_source_timestamp":13264563910113,"circlet_count":0,"master_deck":["Strike_B","Strike_B","Strike_B","Strike_B","Defend_B","Defend_B","Defend_B","Defend_B","Zap","Dualcast","Seek+1","Gash","Self Repair","Coolheaded","BootSequence","All For One","Apotheosis","Conserve Battery"],"special_seed":0,"relics":["Cracked Core","Golden Idol","NlothsMask","Dead Branch"],"potions_floor_usage":[14],"damage_taken":[{"damage":7.0,"enemies":"Small Slimes","floor":1.0,"turns":3.0},{"damage":1.0,"enemies":"Jaw Worm","floor":4.0,"turns":4.0},{"damage":1.0,"enemies":"Cultist","floor":5.0,"turns":4.0},{"damage":40.0,"enemies":"3 Sentries","floor":6.0,"turns":11.0},{"damage":5.0,"enemies":"Gremlin Gang","floor":7.0,"turns":5.0},{"damage":12.0,"enemies":"Red Slaver","floor":11.0,"turns":4.0},{"damage":35,"enemies":"Gremlin Nob","floor":14,"turns":4}],"seed_played":"7894191495140125491","potions_obtained":[{"floor":6.0,"key":"Fire Potion"},{"floor":11.0,"key":"Explosive Potion"}],"is_trial":false,"path_per_floor":["M","?","?","M","M","E","M","R","T","$","M","$","R","E"],"character_chosen":"DEFECT","items_purchased":["Apotheosis"],"campfire_rested":1,"item_purchase_floors":[10],"current_hp_per_floor":[43,43,43,42,48,15,17,17,17,17,15,15,35,0],"gold":22,"neow_bonus":"THREE_RARE_CARDS","is_prod":false,"is_daily":false,"chose_seed":false,"campfire_upgraded":1,"win_rate":0,"timestamp":1554401916,"path_taken":["M","?","?","M","?","E","M","R","T","$","?","?","R","E"],"build_version":"2019-01-23","purchased_purges":0,"victory":false,"max_hp_per_floor":[75,69,69,69,69,69,69,69,69,69,69,69,69,69],"card_choices":[{"not_picked":["Buffer","Machine Learning"],"picked":"Seek","floor":0.0},{"not_picked":["Rebound","Turbo"],"picked":"Gash","floor":1.0},{"not_picked":["Steam","Redo"],"picked":"Self Repair","floor":4.0},{"not_picked":["Barrage","Heatsinks"],"picked":"Coolheaded","floor":5.0},{"not_picked":["Hologram","Force Field"],"picked":"BootSequence","floor":6.0},{"not_picked":["Cold Snap","Aggregate"],"picked":"All For One","floor":7.0},{"not_picked":["Cold Snap","Leap"],"picked":"Conserve Battery","floor":11.0}],"player_experience":680611,"relics_obtained":[{"floor":6.0,"key":"Dead Branch"}],"event_choices":[{"damage_healed":0.0,"max_hp_gain":0.0,"max_hp_loss":6.0,"gold_gain":0.0,"event_name":"Golden Idol","player_choice":"Lose Max HP","floor":2.0,"gold_loss":0.0,"damage_taken":0.0,"relics_obtained":["Golden Idol"]},{"damage_healed":0.0,"max_hp_gain":0.0,"max_hp_loss":0.0,"gold_gain":0.0,"event_name":"FaceTrader","player_choice":"Trade","floor":3.0,"gold_loss":0.0,"damage_taken":0.0,"relics_obtained":["NlothsMask"]}],"is_beta":false,"boss_relics":[],"items_purged_floors":[],"is_endless":false,"potions_floor_spawned":[6,11],"killed_by":"Gremlin Nob","ascension_level":8}