{"gold_per_floor":[110,120,136,148,39,72,72,89,112,139,289,308,308],"floor_reached":13,"playtime":540,"items_purged":["Strike_B"],"score":170,"play_id":"e9689e2f-e15e-4fba-8237-031ecb295f7b","local_time":"20190415192856","is_ascension_mode":true,"campfire_choices":[{"floor":7,"key":"REST"}],"neow_cost":"NONE","seed_source_timestamp":34407847683303,"circlet_count":0,"master_deck":["AscendersBane","Strike_B","Strike_B","Strike_B","Defend_B","Defend_B","Defend_B","Defend_B","Zap","Dualcast","Consume","Leap","Static Discharge","Ball Lightning","Capacitor","Go for the Eyes","Conserve Battery","Electrodynamics","Doubt","Coolheaded"],"relics":["Cracked Core","NeowsBlessing","Bronze Scales","Oddly Smooth Stone","Vajra"],"potions_floor_usage":[6,8,13],"damage_taken":[{"damage":0,"enemies":"Small Slimes","floor":1,"turns":1},{"damage":0,"enemies":"2 Louse","floor":2,"turns":1},{"damage":0,"enemies":"Jaw Worm","floor":3,"turns":1},{"damage":23,"enemies":"Lots of Slimes","floor":4,"turns":4},{"damage":35,"enemies":"Gremlin Nob","floor":6,"turns":4},{"damage":10,"enemies":"3 Louse","floor":8,"turns":3},{"damage":16,"enemies":"3 Sentries","floor":10,"turns":6},{"damage":0,"enemies":"2 Fungi Beasts","floor":12,"turns":2},{"damage":0,"enemies":"Gremlin Gang","floor":13,"turns":2}],"seed_played":"5477606867887465884","potions_obtained":[{"floor":3,"key":"Fire Potion"},{"floor":4,"key":"AttackPotion"},{"floor":12,"key":"Fire Potion"}],"is_trial":false,"path_per_floor":["M","M","M","M","$","E","R","M","T","E","?","M","M"],"character_chosen":"DEFECT","items_purchased":["Capacitor"],"campfire_rested":1,"item_purchase_floors":[5],"current_hp_per_floor":[64,64,64,41,41,6,27,17,17,1,1,1,1],"gold":308,"neow_bonus":"THREE_ENEMY_KILL","is_prod":false,"is_daily":false,"chose_seed":false,"campfire_upgraded":0,"win_rate":0,"timestamp":1555324136,"path_taken":["M","M","M","M","$","E","R","M","T","E","?","M","M"],"build_version":"2019-01-23","purchased_purges":1,"victory":false,"max_hp_per_floor":[71,71,71,71,71,71,71,71,71,71,71,71,71],"card_choices":[{"not_picked":["Go for the Eyes","Redo"],"picked":"Consume","floor":1},{"not_picked":["Gash","Hello World"],"picked":"Leap","floor":2},{"not_picked":["Redo","Sweeping Beam"],"picked":"Static Discharge","floor":3},{"not_picked":["Storm","Beam Cell"],"picked":"Ball Lightning","floor":4},{"not_picked":["Redo","Reboot"],"picked":"Go for the Eyes","floor":6},{"not_picked":["Barrage","Compile Driver"],"picked":"Conserve Battery","floor":8},{"not_picked":["Barrage","Sunder"],"picked":"Electrodynamics","floor":10},{"not_picked":["Rebound","Heatsinks"],"picked":"Coolheaded","floor":12}],"player_experience":585446,"relics_obtained":[{"floor":6,"key":"Bronze Scales"},{"floor":9,"key":"Oddly Smooth Stone"},{"floor":10,"key":"Vajra"}],"event_choices":[{"damage_healed":0,"gold_gain":150,"player_choice":"AGREE","damage_taken":0,"max_hp_gain":0,"max_hp_loss":0,"event_name":"Liars Game","floor":11,"gold_loss":0,"cards_obtained":["Doubt"]}],"is_beta":false,"boss_relics":[],"items_purged_floors":[5],"is_endless":false,"potions_floor_spawned":[3,4,12],"killed_by":"Gremlin Gang","ascension_level":15}