{"gold_per_floor":[114,114,125,125,41,41,51,85,85,97,113,140,215,235,235,331,331,346,346,346,346],"floor_reached":21,"playtime":1199,"items_purged":[],"score":255,"play_id":"87c478c6-6822-446e-8681-8f0668b4b187","local_time":"20190330040655","is_ascension_mode":true,"campfire_choices":[{"data":"Zap","floor":6.0,"key":"SMITH"},{"floor":15.0,"key":"REST"}],"neow_cost":"NONE","seed_source_timestamp":56838117947974,"circlet_count":0,"master_deck":["Strike_B","Strike_B+1","Defend_B+1","Defend_B","Defend_B","Defend_B","Zap+1","Dualcast","Sweeping Beam","BootSequence","Cold Snap","Skim","Defragment","Chill","Conserve Battery","Fusion","Compile Driver","Rip and Tear","Biased Cognition","Coolheaded","Reinforced Body","Fission","Melter","Redo+1"],"special_seed":0,"relics":["White Beast Statue","Prayer Wheel","Gambling Chip","Ice Cream","Calling Bell","Strawberry","Matryoshka","Pocketwatch"],"potions_floor_usage":[21,21],"damage_taken":[{"damage":0.0,"enemies":"Small Slimes","floor":1.0,"turns":3.0},{"damage":12.0,"enemies":"Jaw Worm","floor":3.0,"turns":3.0},{"damage":0.0,"enemies":"Cultist","floor":7.0,"turns":4.0},{"damage":15.0,"enemies":"Gremlin Nob","floor":8.0,"turns":5.0},{"damage":2.0,"enemies":"Blue Slaver","floor":10.0,"turns":4.0},{"damage":9.0,"enemies":"Large Slime","floor":11.0,"turns":7.0},{"damage":1.0,"enemies":"Lagavulin","floor":12.0,"turns":6.0},{"damage":0.0,"enemies":"2 Fungi Beasts","floor":14.0,"turns":3.0},{"damage":18.0,"enemies":"Slime Boss","floor":16.0,"turns":13.0},{"damage":11.0,"enemies":"3 Byrds","floor":18.0,"turns":6.0},{"damage":33,"enemies":"Colosseum Slavers","floor":21,"turns":6},{"damage":7,"enemies":"Colosseum Nobs","floor":21,"turns":2}],"seed_played":"3856616166963059286","potions_obtained":[{"floor":1.0,"key":"AttackPotion"},{"floor":3.0,"key":"GamblersBrew"},{"floor":7.0,"key":"Weak Potion"},{"floor":8.0,"key":"Energy Potion"},{"floor":10.0,"key":"SteroidPotion"},{"floor":12.0,"key":"SpeedPotion"},{"floor":14.0,"key":"PowerPotion"},{"floor":16.0,"key":"Poison Potion"},{"floor":18.0,"key":"Weak Potion"}],"is_trial":false,"path_per_floor":["M","?","M","?","$","R","M","E","T","M","M","E","?","M","R","B",null,"M","?","?","?"],"character_chosen":"DEFECT","items_purchased":["Cold Snap","Skim"],"campfire_rested":1,"item_purchase_floors":[5,5],"current_hp_per_floor":[68,53,41,41,41,41,41,26,26,24,15,14,3,3,25,7,65,54,54,54,14],"gold":346,"neow_bonus":"BOSS_RELIC","is_prod":false,"is_daily":false,"chose_seed":false,"campfire_upgraded":1,"win_rate":0,"timestamp":1553886415,"path_taken":["M","?","M","?","$","R","?","E","T","M","M","E","?","M","R","BOSS","M","?","?","?"],"build_version":"2019-01-23","purchased_purges":0,"victory":false,"max_hp_per_floor":[75,75,75,75,75,75,75,75,75,75,75,75,75,75,75,75,82,82,82,82,82],"card_choices":[{"not_picked":["Hologram","Barrage"],"picked":"Sweeping Beam","floor":1.0},{"not_picked":["Coolheaded","Go for the Eyes"],"picked":"BootSequence","floor":3.0},{"not_picked":["Beam Cell","Storm"],"picked":"Defragment","floor":7.0},{"not_picked":["Hologram","Thunder Strike"],"picked":"Chill","floor":8.0},{"not_picked":["Rebound","Stack"],"picked":"Conserve Battery","floor":10.0},{"not_picked":["Chaos","Streamline"],"picked":"Fusion","floor":10.0},{"not_picked":["Streamline","Barrage"],"picked":"Compile Driver","floor":11.0},{"not_picked":["Go for the Eyes","Compile Driver"],"picked":"Rip and Tear","floor":11.0},{"not_picked":["Ball Lightning","Sunder"],"picked":"Biased Cognition","floor":12.0},{"not_picked":["Stack","Sweeping Beam"],"picked":"Coolheaded","floor":14.0},{"not_picked":["Leap","Steam"],"picked":"Reinforced Body","floor":14.0},{"not_picked":["Seek","Buffer"],"picked":"Fission","floor":16.0},{"not_picked":["Compile Driver","Sweeping Beam"],"picked":"Melter","floor":18.0},{"not_picked":["Leap","Compile Driver+1"],"picked":"Redo+1","floor":18.0}],"player_experience":637514,"relics_obtained":[{"floor":8.0,"key":"Prayer Wheel"},{"floor":9.0,"key":"Gambling Chip"},{"floor":12.0,"key":"Ice Cream"},{"floor":17.0,"key":"Strawberry"},{"floor":17.0,"key":"Matryoshka"},{"floor":17.0,"key":"Pocketwatch"}],"event_choices":[{"damage_healed":0.0,"max_hp_gain":0.0,"max_hp_loss":0.0,"gold_gain":0.0,"event_name":"Shining Light","player_choice":"Entered Light","floor":2.0,"gold_loss":0.0,"damage_taken":15.0,"cards_upgraded":["Strike_B","Defend_B"]},{"cards_removed":["Strike_B"],"damage_healed":0.0,"max_hp_gain":0.0,"max_hp_loss":0.0,"gold_gain":0.0,"event_name":"Bonfire Elementals","player_choice":"Offered Basic","floor":4.0,"gold_loss":0.0,"damage_taken":0.0},{"damage_healed":0.0,"max_hp_gain":0.0,"max_hp_loss":0.0,"gold_gain":75.0,"event_name":"World of Goop","player_choice":"Gather Gold","floor":13.0,"gold_loss":0.0,"damage_taken":11.0},{"cards_removed":["Strike_B"],"damage_healed":0,"gold_gain":0,"player_choice":"Elegance","damage_taken":0,"max_hp_gain":0,"max_hp_loss":0,"event_name":"Back to Basics","floor":19,"gold_loss":0},{"damage_healed":0,"gold_gain":0,"player_choice":"Ignored","damage_taken":0,"max_hp_gain":0,"max_hp_loss":0,"event_name":"Vampires","floor":20,"gold_loss":0},{"damage_healed":0,"gold_gain":0,"player_choice":"Fight","damage_taken":0,"max_hp_gain":0,"max_hp_loss":0,"event_name":"Colosseum","floor":21,"gold_loss":0},{"damage_healed":0,"gold_gain":0,"player_choice":"Fought Nobs","damage_taken":0,"max_hp_gain":0,"max_hp_loss":0,"event_name":"Colosseum","floor":21,"gold_loss":0}],"is_beta":false,"boss_relics":[{"not_picked":["Busted Crown","Fusion Hammer"],"picked":"Calling Bell"}],"items_purged_floors":[],"is_endless":false,"potions_floor_spawned":[1,3,7,8,10,11,12,14,16,18,21],"killed_by":"Colosseum Nobs","ascension_level":7}