{"gold_per_floor":[112,112,287,305,322,322,356,366,366,380,42,58,27,45,45,45],"floor_reached":16,"playtime":760,"items_purged":[],"score":172,"play_id":"717709e8-e228-477c-9e62-d59bc0c45734","local_time":"20190413140835","is_ascension_mode":true,"campfire_choices":[{"data":"Defragment","floor":6,"key":"SMITH"},{"data":"Reinforced Body","floor":15,"key":"SMITH"}],"neow_cost":"NONE","seed_source_timestamp":7323467368765,"circlet_count":0,"master_deck":["AscendersBane","Strike_B","Strike_B","Strike_B","Defend_B","Defend_B","Defend_B","Defend_B","Zap","Dualcast","Coolheaded","Doubt","Electrodynamics","Defragment+1","Chill","Core Surge","Reinforced Body+1","Seek"],"relics":["Philosopher\u0027s Stone","Nunchaku","Matryoshka","Medical Kit"],"potions_floor_usage":[7,7,7,16,16],"damage_taken":[{"damage":1,"enemies":"2 Louse","floor":1,"turns":2},{"damage":0,"enemies":"Jaw Worm","floor":4,"turns":5},{"damage":0,"enemies":"Cultist","floor":5,"turns":4},{"damage":26,"enemies":"Gremlin Nob","floor":7,"turns":4},{"damage":0,"enemies":"3 Louse","floor":8,"turns":1},{"damage":9,"enemies":"Looter","floor":10,"turns":3},{"damage":25,"enemies":"Gremlin Gang","floor":12,"turns":4},{"damage":0,"enemies":"Large Slime","floor":14,"turns":4},{"damage":9,"enemies":"Hexaghost","floor":16,"turns":9}],"seed_played":"8372399235292867342","potions_obtained":[{"floor":4,"key":"Fire Potion"},{"floor":5,"key":"EntropicBrew"},{"floor":8,"key":"Ancient Potion"}],"is_trial":false,"path_per_floor":["M","?","?","M","M","R","E","M","T","M","$","M","?","M","R","B"],"character_chosen":"DEFECT","items_purchased":["Core Surge","Medical Kit"],"campfire_rested":0,"item_purchase_floors":[11,11],"current_hp_per_floor":[67,67,67,67,67,67,41,41,41,32,32,7,7,7,7,0],"gold":45,"neow_bonus":"BOSS_RELIC","is_prod":false,"is_daily":false,"chose_seed":false,"campfire_upgraded":2,"win_rate":0,"timestamp":1555132115,"path_taken":["M","?","?","M","M","R","E","M","T","M","?","?","?","M","R","BOSS"],"build_version":"2019-01-23","purchased_purges":0,"victory":false,"max_hp_per_floor":[75,75,75,75,75,75,75,75,75,75,75,75,75,75,75,75],"card_choices":[{"not_picked":["Turbo","Coolheaded","Blizzard"],"picked":"SKIP","floor":1},{"not_picked":["Turbo","Blizzard"],"picked":"Coolheaded","floor":1},{"not_picked":["Redo","Stack"],"picked":"Electrodynamics","floor":4},{"not_picked":["Cold Snap","Scrape"],"picked":"Defragment","floor":5},{"not_picked":["Rebound","Barrage","Reprogram"],"picked":"SKIP","floor":7},{"not_picked":["Tempest","Force Field"],"picked":"Chill","floor":8},{"not_picked":["Barrage","Compile Driver","Go for the Eyes"],"picked":"SKIP","floor":10},{"not_picked":["Skim","Turbo"],"picked":"Reinforced Body","floor":12},{"not_picked":["Barrage","Sunder"],"picked":"Seek","floor":14}],"player_experience":740329,"relics_obtained":[{"floor":7,"key":"Nunchaku"},{"floor":9,"key":"Matryoshka"}],"event_choices":[{"cards_removed":["Strike_B"],"damage_healed":0,"gold_gain":0,"player_choice":"Forget","damage_taken":0,"max_hp_gain":0,"max_hp_loss":0,"event_name":"Living Wall","floor":2,"gold_loss":0},{"damage_healed":0,"gold_gain":175,"player_choice":"AGREE","damage_taken":0,"max_hp_gain":0,"max_hp_loss":0,"event_name":"Liars Game","floor":3,"gold_loss":0,"cards_obtained":["Doubt"]},{"damage_healed":0,"gold_gain":0,"player_choice":"Left Gold","damage_taken":0,"max_hp_gain":0,"max_hp_loss":0,"event_name":"World of Goop","floor":13,"gold_loss":31}],"is_beta":false,"boss_relics":[],"items_purged_floors":[],"is_endless":false,"potions_floor_spawned":[4,5,8,14],"killed_by":"Hexaghost","ascension_level":13}