{"gold_per_floor":[109,139,139,103,118,147,164,164,164,193,193,204,204,219,219,324,324,343,33,50,50],"floor_reached":21,"playtime":1002,"items_purged":["Strike_B"],"score":310,"play_id":"ab59cd32-119e-4a92-8c09-e476d85784b8","local_time":"20190405203159","is_ascension_mode":true,"campfire_choices":[{"data":"Loop","floor":8,"key":"SMITH"},{"data":"Chaos","floor":11,"key":"SMITH"},{"floor":13,"key":"REST"},{"data":"Hologram","floor":15,"key":"SMITH"}],"neow_cost":"NONE","seed_source_timestamp":28728741820728,"circlet_count":0,"master_deck":["Strike_B","Strike_B","Strike_B","Defend_B","Defend_B","Defend_B","Defend_B","Zap","Dualcast","Coolheaded","FTL","Sweeping Beam","Loop+1","Rebound","Chaos+1","Conserve Battery","Hologram+1","Creative AI","Chill","Loop","Leap"],"relics":["Cracked Core","NeowsBlessing","Tiny Chest","PreservedInsect","Ice Cream","Gremlin Horn","Bottled Lightning","Inserter","Oddly Smooth Stone"],"potions_floor_usage":[18,20],"damage_taken":[{"damage":0,"enemies":"Cultist","floor":1,"turns":1},{"damage":0,"enemies":"Jaw Worm","floor":5,"turns":1},{"damage":0,"enemies":"Gremlin Nob","floor":6,"turns":1},{"damage":0,"enemies":"Small Slimes","floor":7,"turns":3},{"damage":13,"enemies":"3 Sentries","floor":10,"turns":5},{"damage":18,"enemies":"Exordium Wildlife","floor":12,"turns":5},{"damage":9,"enemies":"Looter","floor":14,"turns":3},{"damage":12,"enemies":"Hexaghost","floor":16,"turns":7},{"damage":59,"enemies":"2 Thieves","floor":18,"turns":4},{"damage":0,"enemies":"Spheric Guardian","floor":20,"turns":3},{"damage":14,"enemies":"3 Cultists","floor":21,"turns":2}],"seed_played":"-7733276986224655079","potions_obtained":[{"floor":7,"key":"Fire Potion"},{"floor":10,"key":"SpeedPotion"},{"floor":12,"key":"Regen Potion"},{"floor":20,"key":"SmokeBomb"}],"is_trial":false,"path_per_floor":["M","?","T","$","M","E","M","R","T","E","R","M","R","M","R","B",null,"M","$","M","M"],"character_chosen":"DEFECT","items_purchased":["FTL","Oddly Smooth Stone","Loop"],"campfire_rested":1,"item_purchase_floors":[4,19,19],"current_hp_per_floor":[68,56,56,56,56,56,56,56,56,43,43,25,47,38,38,26,63,13,13,13,0],"gold":50,"neow_bonus":"THREE_ENEMY_KILL","is_prod":false,"is_daily":false,"chose_seed":false,"campfire_upgraded":3,"win_rate":0,"timestamp":1554489119,"path_taken":["M","?","?","$","?","E","M","R","T","E","R","M","R","M","R","BOSS","M","?","?","M"],"build_version":"2019-01-23","purchased_purges":1,"victory":false,"max_hp_per_floor":[75,75,75,75,75,75,75,75,75,75,75,75,75,75,75,75,75,75,75,75,75],"card_choices":[{"not_picked":["Turbo","Hologram"],"picked":"Coolheaded","floor":1},{"not_picked":["Compile Driver","Cold Snap"],"picked":"Sweeping Beam","floor":5},{"not_picked":["Blizzard","Thunder Strike"],"picked":"Loop","floor":6},{"not_picked":["Aggregate","Conserve Battery"],"picked":"Rebound","floor":7},{"not_picked":["Compile Driver","Hello World"],"picked":"Chaos","floor":10},{"not_picked":["Genetic Algorithm","Leap"],"picked":"Conserve Battery","floor":12},{"not_picked":["All For One","Redo"],"picked":"Hologram","floor":14},{"not_picked":["All For One","Hyperbeam"],"picked":"Creative AI","floor":16},{"not_picked":["Go for the Eyes","Barrage"],"picked":"Chill","floor":18},{"not_picked":["Hologram","Genetic Algorithm+1"],"picked":"Leap","floor":20}],"player_experience":228947,"relics_obtained":[{"floor":3,"key":"PreservedInsect"},{"floor":6,"key":"Ice Cream"},{"floor":9,"key":"Gremlin Horn"},{"floor":10,"key":"Bottled Lightning"}],"event_choices":[{"damage_healed":0,"gold_gain":0,"player_choice":"Success","damage_taken":12,"relics_obtained":["Tiny Chest"],"max_hp_gain":0,"max_hp_loss":0,"event_name":"Scrap Ooze","floor":2,"gold_loss":0}],"is_beta":false,"boss_relics":[{"not_picked":["Fusion Hammer","Cursed Key"],"picked":"Inserter"}],"items_purged_floors":[19],"is_endless":false,"potions_floor_spawned":[7,10,12,14,20],"killed_by":"3 Cultists","ascension_level":9}