{"gold_per_floor":[119,194,194,194,194,227,227,227,227,265,12,56,56,6,6,132,132,156,81,81,81,105,105,141,96,120,154,154,175,216,235,235,366,366,384,384,397,522,542,583,436,450,497,84,153,166,9,33,33,33],"floor_reached":51,"playtime":2624,"items_purged":["Strike_R","Strike_R","Defend_R","Defend_R"],"score":1350,"play_id":"5d112f50-05f6-4ce1-b69b-01128a773c57","local_time":"20190318161056","is_ascension_mode":true,"campfire_choices":[{"data":"Demon Form","floor":8.0,"key":"SMITH"},{"data":"Apotheosis","floor":13.0,"key":"SMITH"},{"floor":15.0,"key":"REST"},{"floor":23.0,"key":"REST"},{"floor":28.0,"key":"REST"},{"floor":32.0,"key":"REST"},{"floor":49,"key":"REST"}],"neow_cost":"NONE","seed_source_timestamp":274637110401876,"circlet_count":0,"master_deck":["AscendersBane","Defend_R","Defend_R","Bash","Pommel Strike","Demon Form+1","Heavy Blade","Evolve","Apotheosis+1","Shockwave","Offering","Metallicize","Disarm","Shrug It Off","Immolate","Seeing Red+1","Feel No Pain","Reaper","Finesse","Shrug It Off","Second Wind+1","Body Slam","Headbutt+1","Offering","Uppercut","Feel No Pain","Inflame","Dropkick"],"special_seed":0,"relics":["Burning Blood","NeowsBlessing","Question Card","Anchor","Golden Idol","Juzu Bracelet","Gremlin Horn","Blood Vial","Bottled Lightning","Fusion Hammer","PreservedInsect","Omamori","Ancient Tea Set","Red Skull","Busted Crown","Prayer Wheel","Strawberry","Smiling Mask","Lantern","Happy Flower","StoneCalendar"],"potions_floor_usage":[40,42,50,50],"damage_taken":[{"damage":0.0,"enemies":"Small Slimes","floor":1.0,"turns":2.0},{"damage":0.0,"enemies":"Gremlin Nob","floor":6.0,"turns":1.0},{"damage":0.0,"enemies":"3 Sentries","floor":10.0,"turns":1.0},{"damage":12.0,"enemies":"Lagavulin","floor":12.0,"turns":7.0},{"damage":24.0,"enemies":"Hexaghost","floor":16.0,"turns":7.0},{"damage":25.0,"enemies":"Spheric Guardian","floor":18.0,"turns":4.0},{"damage":8.0,"enemies":"Chosen","floor":22.0,"turns":4.0},{"damage":23.0,"enemies":"Gremlin Leader","floor":24.0,"turns":5.0},{"damage":15.0,"enemies":"Book of Stabbing","floor":27.0,"turns":4.0},{"damage":14.0,"enemies":"Snake Plant","floor":29.0,"turns":4.0},{"damage":6.0,"enemies":"Gremlin Leader","floor":30.0,"turns":4.0},{"damage":6.0,"enemies":"Centurion and Healer","floor":31.0,"turns":3.0},{"damage":37.0,"enemies":"Collector","floor":33.0,"turns":5.0},{"damage":6,"enemies":"3 Shapes","floor":35,"turns":3},{"damage":34,"enemies":"3 Darklings","floor":37,"turns":4},{"damage":6,"enemies":"Mind Bloom Boss Battle","floor":38,"turns":5},{"damage":12,"enemies":"Writhing Mass","floor":39,"turns":5},{"damage":16,"enemies":"Nemesis","floor":40,"turns":5},{"damage":11,"enemies":"Transient","floor":42,"turns":5},{"damage":22,"enemies":"2 Orb Walkers","floor":45,"turns":4},{"damage":6,"enemies":"4 Shapes","floor":46,"turns":1},{"damage":0,"enemies":"Sphere and 2 Shapes","floor":48,"turns":3},{"damage":36,"enemies":"Time Eater","floor":50,"turns":5}],"seed_played":"-4924416470303533237","potions_obtained":[{"floor":1.0,"key":"Ancient Potion"},{"floor":6.0,"key":"Explosive Potion"},{"floor":12.0,"key":"Energy Potion"},{"floor":18.0,"key":"SpeedPotion"},{"floor":20.0,"key":"AttackPotion"},{"floor":35,"key":"GamblersBrew"},{"floor":38,"key":"AttackPotion"},{"floor":42,"key":"Strength Potion"},{"floor":45,"key":"FearPotion"},{"floor":46,"key":"Regen Potion"}],"is_trial":false,"path_per_floor":["M","?","T","?","?","E","?","R","T","E","$","E","R","?","R","B",null,"M","$","?","?","M","R","E","$","T","E","R","M","E","M","R","B",null,"M","?","M","?","M","E","$","M","T","$","?","M","$","M","R","B",null],"character_chosen":"IRONCLAD","items_purchased":["Evolve","Apotheosis","Shrug It Off","Body Slam","Lantern","Happy Flower","Offering","Inflame","Dropkick"],"campfire_rested":5,"item_purchase_floors":[11,11,25,41,44,44,44,47,47],"current_hp_per_floor":[78,67,67,64,44,50,43,43,43,49,49,45,45,45,69,53,73,56,56,56,56,56,80,63,63,63,56,80,72,74,76,80,49,72,74,74,72,80,74,73,73,86,86,86,71,73,73,87,87,66],"gold":33,"neow_bonus":"THREE_ENEMY_KILL","is_prod":false,"is_daily":false,"chose_seed":false,"campfire_upgraded":2,"win_rate":0,"timestamp":1552893056,"path_taken":["M","?","?","?","?","E","?","R","T","E","$","E","R","?","R","BOSS","M","$","?","?","M","R","E","$","T","E","R","M","E","M","R","BOSS","BOSS","M","?","M","?","M","E","$","M","T","$","?","M","?","M","R","BOSS"],"build_version":"2019-01-23","purchased_purges":4,"victory":true,"max_hp_per_floor":[80,80,80,80,80,80,80,80,80,80,80,80,80,80,80,80,80,80,80,80,80,80,80,80,80,80,80,80,80,80,80,80,80,80,80,80,80,80,80,87,87,87,87,87,87,87,87,87,87,87],"card_choices":[{"not_picked":["Pummel","Cleave"],"picked":"Pommel Strike","floor":1.0},{"not_picked":["Bloodletting","Double Tap","Intimidate"],"picked":"Demon Form","floor":6.0},{"not_picked":["Cleave","Wild Strike","Inflame"],"picked":"Heavy Blade","floor":10.0},{"not_picked":["Sever Soul","Entrench","Sword Boomerang"],"picked":"Shockwave","floor":12.0},{"not_picked":["Demon Form","Double Tap","Fiend Fire"],"picked":"Offering","floor":16.0},{"not_picked":["Combust","Twin Strike+1","Dropkick"],"picked":"Metallicize","floor":18.0},{"not_picked":["Flex","Iron Wave","True Grit","Pommel Strike"],"picked":"SKIP","floor":22.0},{"not_picked":["Bloodletting","Iron Wave","True Grit"],"picked":"Disarm","floor":24.0},{"not_picked":["Flex","Twin Strike","Havoc"],"picked":"Immolate","floor":27.0},{"not_picked":["Twin Strike","Clothesline","Infernal Blade"],"picked":"Seeing Red+1","floor":29.0},{"not_picked":["Flex","Armaments","Twin Strike"],"picked":"Feel No Pain","floor":30.0},{"not_picked":["Iron Wave","True Grit","Spot Weakness","Seeing Red"],"picked":"SKIP","floor":31.0},{"not_picked":["Brutality","Impervious","Demon Form"],"picked":"Reaper","floor":33},{"not_picked":["Armaments","True Grit+1"],"picked":"SKIP","floor":35},{"not_picked":["Dramatic Entrance"],"picked":"Finesse","floor":36},{"not_picked":["Clothesline"],"picked":"Shrug It Off","floor":37},{"not_picked":["Spot Weakness+1","Twin Strike+1"],"picked":"SKIP","floor":39},{"not_picked":["Cleave","Havoc"],"picked":"SKIP","floor":39},{"not_picked":["Seeing Red"],"picked":"Second Wind+1","floor":40},{"not_picked":["Second Wind"],"picked":"Headbutt+1","floor":42},{"not_picked":["Shrug It Off+1","Cleave+1"],"picked":"SKIP","floor":42},{"not_picked":["Fire Breathing"],"picked":"Uppercut","floor":45},{"not_picked":["Pommel Strike"],"picked":"Feel No Pain","floor":46},{"not_picked":["Pommel Strike","Burning Pact"],"picked":"SKIP","floor":46},{"not_picked":["Heavy Blade+1","Warcry"],"picked":"SKIP","floor":48},{"not_picked":["Cleave","Sever Soul+1"],"picked":"SKIP","floor":48}],"player_experience":415110,"relics_obtained":[{"floor":3.0,"key":"Question Card"},{"floor":6.0,"key":"Juzu Bracelet"},{"floor":9.0,"key":"Gremlin Horn"},{"floor":10.0,"key":"Blood Vial"},{"floor":12.0,"key":"Bottled Lightning"},{"floor":24.0,"key":"PreservedInsect"},{"floor":26.0,"key":"Omamori"},{"floor":27.0,"key":"Ancient Tea Set"},{"floor":30.0,"key":"Red Skull"},{"floor":38,"key":"Prayer Wheel"},{"floor":40,"key":"Strawberry"},{"floor":43,"key":"Smiling Mask"},{"floor":45,"key":"StoneCalendar"}],"event_choices":[{"damage_healed":0.0,"max_hp_gain":0.0,"max_hp_loss":0.0,"gold_gain":75.0,"event_name":"World of Goop","player_choice":"Gather Gold","floor":2.0,"gold_loss":0.0,"damage_taken":11.0},{"damage_healed":0.0,"max_hp_gain":0.0,"max_hp_loss":0.0,"gold_gain":0.0,"event_name":"Scrap Ooze","player_choice":"Success","floor":4.0,"gold_loss":0.0,"damage_taken":3.0,"relics_obtained":["Anchor"]},{"damage_healed":0.0,"max_hp_gain":0.0,"max_hp_loss":0.0,"gold_gain":0.0,"event_name":"Golden Idol","player_choice":"Take Damage","floor":5.0,"gold_loss":0.0,"damage_taken":20.0,"relics_obtained":["Golden Idol"]},{"cards_removed":["Strike_R"],"damage_healed":0.0,"max_hp_gain":0.0,"max_hp_loss":0.0,"gold_gain":0.0,"event_name":"Golden Wing","player_choice":"Card Removal","floor":7.0,"gold_loss":0.0,"damage_taken":7.0},{"cards_removed":["Strike_R"],"damage_healed":0.0,"max_hp_gain":0.0,"max_hp_loss":0.0,"gold_gain":0.0,"event_name":"The Cleric","player_choice":"Card Removal","floor":14.0,"gold_loss":50.0,"damage_taken":0.0},{"damage_healed":0.0,"max_hp_gain":0.0,"max_hp_loss":0.0,"gold_gain":0.0,"event_name":"Lab","player_choice":"Got Potions","floor":20.0,"gold_loss":0.0,"damage_taken":0.0},{"cards_removed":["Strike_R"],"damage_healed":0.0,"max_hp_gain":0.0,"max_hp_loss":0.0,"gold_gain":0.0,"event_name":"Back to Basics","player_choice":"Elegance","floor":21.0,"gold_loss":0.0,"damage_taken":0.0},{"damage_healed":0,"gold_gain":0,"player_choice":"Memory 1","damage_taken":0,"max_hp_gain":0,"max_hp_loss":0,"event_name":"SensoryStone","floor":36,"gold_loss":0},{"damage_healed":0,"gold_gain":0,"player_choice":"Fight","damage_taken":0,"max_hp_gain":0,"max_hp_loss":0,"event_name":"MindBloom","floor":38,"gold_loss":0},{"damage_healed":0,"gold_gain":0,"player_choice":"Fight","damage_taken":0,"max_hp_gain":0,"max_hp_loss":0,"event_name":"Mysterious Sphere","floor":45,"gold_loss":0}],"is_beta":false,"boss_relics":[{"not_picked":["White Beast Statue","Ectoplasm"],"picked":"Fusion Hammer"},{"not_picked":["Velvet Choker","Runic Pyramid"],"picked":"Busted Crown"}],"items_purged_floors":[19,41,44,47],"is_endless":false,"potions_floor_spawned":[1,6,12,18,22,35,38,42,45,46],"ascension_level":12}