{"gold_per_floor":[115,115,265,68,87,87,119,133,158,168,201,217,231,263,263,263],"floor_reached":16,"playtime":1872,"items_purged":["Doubt"],"score":279,"play_id":"02b39e76-e8a5-4c86-ab32-ddadc6bbb67a","local_time":"20190321190205","is_ascension_mode":true,"campfire_choices":[{"data":"True Grit","floor":6.0,"key":"SMITH"},{"floor":15,"key":"REST"}],"neow_cost":"NONE","seed_source_timestamp":29244411289432,"circlet_count":0,"master_deck":["AscendersBane","Strike_R","Strike_R","Strike_R","Strike_R","Strike_R","Defend_R","Defend_R","Defend_R","Defend_R","Bash","Dropkick","Evolve","Power Through","True Grit+1","Entrench","Metallicize","Flex","Feel No Pain","Wild Strike"],"special_seed":0,"relics":["Burning Blood","Red Skull","Juzu Bracelet","Self Forming Clay","Regal Pillow","Paper Frog","Lantern"],"potions_floor_usage":[],"damage_taken":[{"damage":14.0,"enemies":"Jaw Worm","floor":1.0,"turns":5.0},{"damage":8.0,"enemies":"2 Louse","floor":5.0,"turns":4.0},{"damage":17.0,"enemies":"3 Sentries","floor":7.0,"turns":11.0},{"damage":1.0,"enemies":"Small Slimes","floor":8.0,"turns":4.0},{"damage":23.0,"enemies":"Gremlin Gang","floor":10.0,"turns":6.0},{"damage":0.0,"enemies":"Gremlin Nob","floor":11.0,"turns":3.0},{"damage":3.0,"enemies":"Looter","floor":12.0,"turns":2.0},{"damage":2.0,"enemies":"Exordium Wildlife","floor":13.0,"turns":5.0},{"damage":31,"enemies":"Lagavulin","floor":14,"turns":6},{"damage":58,"enemies":"Hexaghost","floor":16,"turns":12}],"seed_played":"8368833315116047488","potions_obtained":[{"floor":1.0,"key":"Fire Potion"},{"floor":8.0,"key":"SteroidPotion"},{"floor":11.0,"key":"Fire Potion"},{"floor":12.0,"key":"Block Potion"}],"is_trial":false,"path_per_floor":["M","?","?","$","M","R","E","M","T","M","E","M","M","E","R","B"],"character_chosen":"IRONCLAD","items_purchased":["Evolve","Power Through"],"campfire_rested":1,"item_purchase_floors":[4,4],"current_hp_per_floor":[60,55,55,55,53,53,42,47,47,30,36,39,43,18,55,0],"gold":263,"neow_bonus":"RANDOM_COMMON_RELIC","is_prod":false,"is_daily":false,"chose_seed":false,"campfire_upgraded":1,"win_rate":0,"timestamp":1553162525,"path_taken":["M","?","?","$","M","R","E","M","T","M","E","M","M","E","R","BOSS"],"build_version":"2019-01-23","purchased_purges":1,"victory":false,"max_hp_per_floor":[75,75,75,75,75,75,75,75,75,75,75,75,75,75,75,75],"card_choices":[{"not_picked":["Heavy Blade","Fire Breathing"],"picked":"Dropkick","floor":1.0},{"not_picked":["Carnage","Combust"],"picked":"True Grit","floor":5.0},{"not_picked":["Sword Boomerang","Reckless Charge","Perfected Strike"],"picked":"SKIP","floor":7.0},{"not_picked":["Havoc","Thunderclap"],"picked":"Entrench","floor":8.0},{"not_picked":["Anger","Bloodletting"],"picked":"Metallicize","floor":10.0},{"not_picked":["Anger","Cleave","Brutality"],"picked":"SKIP","floor":11.0},{"not_picked":["Headbutt","Rage"],"picked":"Flex","floor":12.0},{"not_picked":["Havoc","True Grit"],"picked":"Feel No Pain","floor":13.0},{"not_picked":["Twin Strike","Clash"],"picked":"Wild Strike","floor":14}],"player_experience":493768,"relics_obtained":[{"floor":7.0,"key":"Self Forming Clay"},{"floor":9.0,"key":"Regal Pillow"},{"floor":11.0,"key":"Paper Frog"},{"floor":14,"key":"Lantern"}],"event_choices":[{"damage_healed":0.0,"max_hp_gain":0.0,"max_hp_loss":0.0,"gold_gain":0.0,"event_name":"Scrap Ooze","player_choice":"Success","floor":2.0,"gold_loss":0.0,"damage_taken":5.0,"relics_obtained":["Juzu Bracelet"]},{"damage_healed":0.0,"max_hp_gain":0.0,"max_hp_loss":0.0,"gold_gain":150.0,"event_name":"Liars Game","player_choice":"AGREE","floor":3.0,"gold_loss":0.0,"damage_taken":0.0,"cards_obtained":["Doubt"]}],"is_beta":false,"boss_relics":[],"items_purged_floors":[4],"is_endless":false,"potions_floor_spawned":[1,8,11,12],"killed_by":"Hexaghost","ascension_level":18}