{"gold_per_floor":[110,185,41,55,66,66,95,95,142,158,175,175,200,216,216,314,314,331,342,342,54,54,54,54,82,82,113,125,125],"floor_reached":29,"playtime":6104,"items_purged":[],"score":368,"play_id":"675abe62-c641-41d9-9bf1-020c6cbad511","local_time":"20190401174727","is_ascension_mode":true,"campfire_choices":[{"data":"Hyperbeam","floor":6.0,"key":"SMITH"},{"data":"Recycle","floor":8.0,"key":"SMITH"},{"data":"Sunder","floor":12.0,"key":"SMITH"},{"data":"Turbo","floor":15.0,"key":"SMITH"},{"data":"Meteor Strike","floor":23.0,"key":"SMITH"}],"neow_cost":"TEN_PERCENT_HP_LOSS","seed_source_timestamp":330470854586863,"circlet_count":0,"master_deck":["Defend_B","Defend_B","Defend_B","Defend_B","Zap","Dualcast","Cold Snap","Barrage","Glacier","Hyperbeam+1","Sunder+1","Recycle+1","Turbo+1","Go for the Eyes","Meteor Strike+1","Steam","Amplify","Hologram+1","Meteor Strike","Ball Lightning","Reinforced Body","Sweeping Beam+1"],"special_seed":0,"relics":["Cracked Core","Bag of Marbles","Anchor","Odd Mushroom","Nuclear Battery","Lantern","Darkstone Periapt","Singing Bowl","DataDisk"],"potions_floor_usage":[],"damage_taken":[{"damage":2.0,"enemies":"Jaw Worm","floor":1.0,"turns":3.0},{"damage":0.0,"enemies":"2 Louse","floor":4.0,"turns":1.0},{"damage":0.0,"enemies":"Cultist","floor":5.0,"turns":3.0},{"damage":15.0,"enemies":"3 Sentries","floor":7.0,"turns":3.0},{"damage":0.0,"enemies":"Large Slime","floor":10.0,"turns":4.0},{"damage":0.0,"enemies":"Red Slaver","floor":11.0,"turns":2.0},{"damage":0.0,"enemies":"The Mushroom Lair","floor":13.0,"turns":1.0},{"damage":0.0,"enemies":"Exordium Wildlife","floor":14.0,"turns":3.0},{"damage":5.0,"enemies":"The Guardian","floor":16.0,"turns":10.0},{"damage":4.0,"enemies":"Shell Parasite","floor":18.0,"turns":3.0},{"damage":6.0,"enemies":"3 Byrds","floor":19.0,"turns":4.0},{"damage":15.0,"enemies":"Slavers","floor":25.0,"turns":5.0},{"damage":40.0,"enemies":"Gremlin Leader","floor":27.0,"turns":9.0},{"damage":0.0,"enemies":"Centurion and Healer","floor":28.0,"turns":3.0},{"damage":12,"enemies":"Book of Stabbing","floor":29,"turns":7}],"seed_played":"-843437429229248351","potions_obtained":[{"floor":1.0,"key":"FearPotion"},{"floor":7.0,"key":"FocusPotion"},{"floor":10.0,"key":"Block Potion"},{"floor":16.0,"key":"Swift Potion"},{"floor":18.0,"key":"FairyPotion"},{"floor":19.0,"key":"AttackPotion"},{"floor":27.0,"key":"Explosive Potion"}],"is_trial":false,"path_per_floor":["M","?","$","M","M","R","E","R","T","M","M","R","?","M","R","B",null,"M","M","?","$","?","R","?","E","T","E","M","E"],"character_chosen":"DEFECT","items_purchased":["Hyperbeam","Sunder","Meteor Strike","Lantern"],"campfire_rested":0,"item_purchase_floors":[3,3,21,21],"current_hp_per_floor":[66,55,55,55,55,55,40,40,40,40,40,40,40,40,40,35,60,56,50,50,50,50,50,50,35,35,8,8,0],"gold":125,"neow_bonus":"TRANSFORM_TWO_CARDS","is_prod":false,"is_daily":false,"chose_seed":false,"campfire_upgraded":5,"win_rate":0,"timestamp":1554108447,"path_taken":["M","?","$","M","M","R","E","R","T","M","M","R","?","M","R","BOSS","M","M","?","$","?","R","?","E","T","E","M","E"],"build_version":"2019-01-23","purchased_purges":0,"victory":false,"max_hp_per_floor":[68,68,68,68,68,68,68,68,68,68,68,68,68,68,68,68,68,68,68,68,68,68,68,68,68,68,70,70,70],"card_choices":[{"not_picked":["Sweeping Beam","Hologram"],"picked":"Glacier","floor":1.0},{"not_picked":["Beam Cell","Defragment","Glacier"],"picked":"SKIP","floor":4.0},{"not_picked":["Go for the Eyes","Leap"],"picked":"Recycle","floor":5.0},{"not_picked":["Doom and Gloom","Streamline"],"picked":"Turbo","floor":7.0},{"not_picked":["Barrage","Gash"],"picked":"Go for the Eyes","floor":10.0},{"not_picked":["Coolheaded","Beam Cell"],"picked":"Meteor Strike","floor":11.0},{"not_picked":["Darkness","Blizzard"],"picked":"Steam","floor":14.0},{"not_picked":["All For One","Multi-Cast"],"picked":"Amplify","floor":16.0},{"not_picked":["Turbo","Beam Cell","Redo+1"],"picked":"SKIP","floor":18.0},{"not_picked":["Auto Shields","Coolheaded+1"],"picked":"Hologram+1","floor":19.0},{"not_picked":["Auto Shields","Glacier+1","Storm"],"picked":"SKIP","floor":25.0},{"not_picked":["Coolheaded","Steam+1","Darkness"],"picked":"Singing Bowl","floor":27.0},{"not_picked":["Defragment","Cold Snap"],"picked":"Sweeping Beam+1","floor":28.0}],"player_experience":655358,"relics_obtained":[{"floor":7.0,"key":"Bag of Marbles"},{"floor":9.0,"key":"Anchor"},{"floor":13.0,"key":"Odd Mushroom"},{"floor":25.0,"key":"Darkstone Periapt"},{"floor":26.0,"key":"Singing Bowl"},{"floor":27.0,"key":"DataDisk"}],"event_choices":[{"damage_healed":0.0,"max_hp_gain":0.0,"max_hp_loss":0.0,"gold_gain":75.0,"event_name":"World of Goop","player_choice":"Gather Gold","floor":2.0,"gold_loss":0.0,"damage_taken":11.0},{"damage_healed":0.0,"max_hp_gain":0.0,"max_hp_loss":0.0,"gold_gain":0.0,"event_name":"Mushrooms","player_choice":"Fought Mushrooms","floor":13.0,"gold_loss":0.0,"damage_taken":0.0},{"damage_healed":0.0,"max_hp_gain":0.0,"max_hp_loss":0.0,"gold_gain":0.0,"event_name":"Vampires","player_choice":"Ignored","floor":20.0,"gold_loss":0.0,"damage_taken":0.0},{"damage_healed":0.0,"max_hp_gain":0.0,"max_hp_loss":0.0,"gold_gain":0.0,"event_name":"Ghosts","player_choice":"Ignored","floor":22.0,"gold_loss":0.0,"damage_taken":0.0},{"damage_healed":0.0,"max_hp_gain":0.0,"max_hp_loss":0.0,"gold_gain":0.0,"cards_transformed":["Strike_B","Strike_B"],"event_name":"Drug Dealer","player_choice":"Became Test Subject","floor":24.0,"gold_loss":0.0,"damage_taken":0.0,"cards_obtained":["Ball Lightning","Reinforced Body"]}],"is_beta":false,"boss_relics":[{"not_picked":["Runic Pyramid","Cursed Key"],"picked":"Nuclear Battery"}],"items_purged_floors":[],"is_endless":false,"potions_floor_spawned":[1,7,10,16,18,19,27],"killed_by":"Book of Stabbing","ascension_level":8}