{"gold_per_floor":[113,113,128,128,128,128,158,177,200,200,214,214,9,25,25,125,125,138,84,20,34,34,34,52,64,64,64],"floor_reached":27,"playtime":1576,"items_purged":[],"score":330,"play_id":"0d552fbb-59c5-4ee6-8c11-39a66515459d","local_time":"20190412143914","is_ascension_mode":true,"campfire_choices":[{"data":"Streamline","floor":6,"key":"SMITH"},{"floor":10,"key":"REST"},{"data":"Apotheosis","floor":15,"key":"SMITH"},{"data":"Seek","floor":23,"key":"SMITH"}],"neow_cost":"NONE","seed_source_timestamp":5917032017433,"circlet_count":0,"master_deck":["AscendersBane","Strike_B","Strike_B","Strike_B","Strike_B","Defend_B","Defend_B","Defend_B","Defend_B","Zap+1","Dualcast","Streamline+1","Barrage","Genetic Algorithm","Hologram","Loop","Heatsinks","Apotheosis+1","Ball Lightning","Storm","Seek+1","Heatsinks","Storm","Leap","Recycle+1"],"relics":["Cracked Core","Bag of Preparation","Bird Faced Urn","Anchor","The Courier","Eternal Feather"],"potions_floor_usage":[7,14,27],"damage_taken":[{"damage":1,"enemies":"Cultist","floor":1,"turns":3},{"damage":6,"enemies":"Small Slimes","floor":3,"turns":3},{"damage":25,"enemies":"Lagavulin","floor":7,"turns":6},{"damage":2,"enemies":"2 Louse","floor":8,"turns":2},{"damage":3,"enemies":"Looter","floor":11,"turns":3},{"damage":2,"enemies":"Lots of Slimes","floor":14,"turns":2},{"damage":17,"enemies":"The Guardian","floor":16,"turns":9},{"damage":23,"enemies":"2 Thieves","floor":18,"turns":5},{"damage":22,"enemies":"Shell Parasite","floor":21,"turns":7},{"damage":17,"enemies":"Snake Plant","floor":24,"turns":4},{"damage":9,"enemies":"Snecko","floor":25,"turns":6},{"damage":69,"enemies":"Slavers","floor":27,"turns":4}],"seed_played":"-8444969779057486832","potions_obtained":[{"floor":3,"key":"Explosive Potion"},{"floor":7,"key":"Fruit Juice"},{"floor":18,"key":"SpeedPotion"},{"floor":24,"key":"Fire Potion"}],"is_trial":false,"path_per_floor":["M","?","M","?","?","R","E","M","T","R","M","T","$","M","R","B",null,"M","$","$","M","?","R","M","M","T","E"],"character_chosen":"DEFECT","items_purchased":["Heatsinks","Apotheosis","Ball Lightning","Heatsinks","Storm"],"campfire_rested":1,"item_purchase_floors":[13,13,13,19,20],"current_hp_per_floor":[67,49,43,48,48,48,28,26,26,51,48,48,48,48,48,37,73,54,54,54,42,42,54,47,48,48,0],"gold":64,"neow_bonus":"UPGRADE_CARD","is_prod":false,"is_daily":false,"chose_seed":false,"campfire_upgraded":3,"win_rate":0,"timestamp":1555072754,"path_taken":["M","?","M","?","?","R","E","M","T","R","M","?","?","M","R","BOSS","M","?","$","?","?","R","M","M","T","E"],"build_version":"2019-01-23","purchased_purges":0,"victory":false,"max_hp_per_floor":[75,75,75,80,80,80,85,85,85,85,85,85,85,85,85,85,85,85,85,85,85,85,85,85,85,85,85],"card_choices":[{"not_picked":["Compile Driver","Loop"],"picked":"Streamline","floor":1},{"not_picked":["Aggregate","Go for the Eyes"],"picked":"Barrage","floor":3},{"not_picked":["Doom and Gloom","Go for the Eyes"],"picked":"Genetic Algorithm","floor":7},{"not_picked":["Auto Shields","Tempest"],"picked":"Hologram","floor":8},{"not_picked":["Aggregate","Compile Driver"],"picked":"Loop","floor":11},{"not_picked":["Reprogram","Stack"],"picked":"Storm","floor":14},{"not_picked":["Machine Learning","Reboot"],"picked":"Seek","floor":16},{"not_picked":["Turbo","Compile Driver","Aggregate"],"picked":"SKIP","floor":18},{"not_picked":["Fusion","Reinforced Body+1"],"picked":"Leap","floor":21},{"not_picked":["Cold Snap","Turbo+1","Sweeping Beam"],"picked":"SKIP","floor":24},{"not_picked":["Auto Shields+1","Double Energy"],"picked":"Recycle+1","floor":25}],"player_experience":246802,"relics_obtained":[{"floor":7,"key":"Bird Faced Urn"},{"floor":9,"key":"Anchor"},{"floor":12,"key":"The Courier"}],"event_choices":[{"damage_healed":0,"gold_gain":0,"player_choice":"Success","damage_taken":18,"relics_obtained":["Bag of Preparation"],"max_hp_gain":0,"max_hp_loss":0,"event_name":"Scrap Ooze","floor":2,"gold_loss":0},{"damage_healed":0,"gold_gain":0,"player_choice":"Donut","damage_taken":0,"max_hp_gain":5,"max_hp_loss":0,"event_name":"Big Fish","floor":4,"gold_loss":0},{"damage_healed":0,"gold_gain":0,"player_choice":"Ignored","damage_taken":0,"max_hp_gain":0,"max_hp_loss":0,"event_name":"Shining Light","floor":5,"gold_loss":0},{"damage_healed":0,"gold_gain":0,"player_choice":"Ignored","damage_taken":0,"max_hp_gain":0,"max_hp_loss":0,"event_name":"Vampires","floor":22,"gold_loss":0}],"is_beta":false,"boss_relics":[{"not_picked":["Snecko Eye","Calling Bell"],"picked":"Eternal Feather"}],"items_purged_floors":[],"is_endless":false,"potions_floor_spawned":[3,7,18,24],"killed_by":"Slavers","ascension_level":11}