{"gold_per_floor":[115,115,190,170,180,212,212,244,244,261,274,309,309,319,319,396,426,441,441,452,452,463,463,495,495,495,545,572,583,598,624,624,624],"floor_reached":33,"playtime":1757,"items_purged":[],"score":648,"play_id":"8cc16f62-4b55-4c6d-9410-91a8a4d1a230","local_time":"20190403230627","is_ascension_mode":true,"campfire_choices":[{"data":"Cloak And Dagger","floor":7.0,"key":"SMITH"},{"floor":13.0,"key":"REST"},{"data":"Neutralize","floor":15.0,"key":"SMITH"},{"data":"A Thousand Cuts","floor":23.0,"key":"SMITH"},{"floor":25.0,"key":"REST"},{"data":"Accuracy","floor":32.0,"key":"SMITH"}],"neow_cost":"NONE","seed_source_timestamp":10709355120309,"circlet_count":0,"master_deck":["AscendersBane","Defend_G","Defend_G","Defend_G","Defend_G","Defend_G","Strike_G","Strike_G","Strike_G","Strike_G","Strike_G","Survivor","Neutralize+1","Cloak And Dagger+1","Blade Dance+1","Calculated Gamble+1","Bullet Time+1","Unload","Backflip+1","A Thousand Cuts+1","Endless Agony+1","Caltrops","Cloak And Dagger+1","Venomology+1","Acrobatics+1","Accuracy+1","Malaise+1"],"special_seed":0,"relics":["Ring of the Snake","Toxic Egg 2","Anchor","Ornamental Fan","Gambling Chip","Mercury Hourglass","Calling Bell","Tiny Chest","Molten Egg 2","StoneCalendar","Nloth\u0027s Gift","Blue Candle","Smiling Mask","Matryoshka","Happy Flower","Strawberry"],"potions_floor_usage":[33,33,33],"damage_taken":[{"damage":0.0,"enemies":"Small Slimes","floor":1.0,"turns":1.0},{"damage":0.0,"enemies":"2 Louse","floor":5.0,"turns":1.0},{"damage":0.0,"enemies":"Lagavulin","floor":6.0,"turns":1.0},{"damage":6.0,"enemies":"Gremlin Nob","floor":8.0,"turns":3.0},{"damage":1.0,"enemies":"Cultist","floor":10.0,"turns":3.0},{"damage":5.0,"enemies":"3 Louse","floor":11.0,"turns":3.0},{"damage":25.0,"enemies":"Lagavulin","floor":12.0,"turns":7.0},{"damage":0.0,"enemies":"Red Slaver","floor":14.0,"turns":3.0},{"damage":7.0,"enemies":"Hexaghost","floor":16.0,"turns":9.0},{"damage":20.0,"enemies":"2 Thieves","floor":18.0,"turns":4.0},{"damage":0.0,"enemies":"Chosen","floor":20.0,"turns":3.0},{"damage":17.0,"enemies":"Snecko","floor":22.0,"turns":6.0},{"damage":10.0,"enemies":"Gremlin Leader","floor":24.0,"turns":7.0},{"damage":2.0,"enemies":"Slavers","floor":28.0,"turns":3.0},{"damage":9.0,"enemies":"Cultist and Chosen","floor":29.0,"turns":7.0},{"damage":0.0,"enemies":"Centurion and Healer","floor":30.0,"turns":2.0},{"damage":2.0,"enemies":"Book of Stabbing","floor":31.0,"turns":4.0},{"damage":73,"enemies":"Automaton","floor":33,"turns":6}],"seed_played":"5996210909309911440","potions_obtained":[{"floor":4.0,"key":"FairyPotion"},{"floor":5.0,"key":"Strength Potion"},{"floor":8.0,"key":"Energy Potion"},{"floor":12.0,"key":"AttackPotion"},{"floor":16.0,"key":"Fire Potion"},{"floor":22.0,"key":"GhostInAJar"},{"floor":24.0,"key":"Regen Potion"},{"floor":29.0,"key":"Block Potion"},{"floor":31.0,"key":"Weak Potion"}],"is_trial":false,"path_per_floor":["M","?","?","?","M","E","R","E","T","M","M","E","R","M","R","B",null,"M","?","M","?","M","R","E","R","T","?","E","M","M","E","R","B"],"character_chosen":"THE_SILENT","items_purchased":[],"campfire_rested":2,"item_purchase_floors":[],"current_hp_per_floor":[59,48,37,37,37,37,37,31,31,30,25,6,25,25,25,18,54,34,34,34,34,17,17,7,26,26,26,24,30,30,35,35,0],"gold":624,"neow_bonus":"THREE_ENEMY_KILL","is_prod":false,"is_daily":false,"chose_seed":false,"campfire_upgraded":4,"win_rate":0,"timestamp":1554300387,"path_taken":["M","?","?","?","M","E","R","E","T","M","M","E","R","?","R","BOSS","M","?","?","?","?","R","E","R","T","?","E","M","M","E","R","BOSS"],"build_version":"2019-01-23","purchased_purges":0,"victory":false,"max_hp_per_floor":[66,66,66,66,66,66,66,66,66,66,66,66,66,66,66,66,66,66,66,66,66,66,66,66,66,66,66,66,66,66,73,73,73],"card_choices":[{"not_picked":["Footwork","PiercingWail"],"picked":"Cloak And Dagger","floor":1.0},{"not_picked":["Flying Knee","Sucker Punch"],"picked":"Blade Dance+1","floor":5.0},{"not_picked":["Leg Sweep+1","Riddle With Holes"],"picked":"Calculated Gamble+1","floor":6.0},{"not_picked":["Flying Knee","Outmaneuver+1","Poisoned Stab"],"picked":"SKIP","floor":8.0},{"not_picked":["Deflect+1","Dagger Throw"],"picked":"Deadly Poison+1","floor":10.0},{"not_picked":["Dodge and Roll+1","Endless Agony"],"picked":"Bullet Time+1","floor":11.0},{"not_picked":["Blade Dance+1","Predator"],"picked":"Unload","floor":12.0},{"not_picked":["Dodge and Roll+1","Acrobatics+1"],"picked":"Backflip+1","floor":14.0},{"not_picked":["Unload","Bullet Time+1"],"picked":"A Thousand Cuts","floor":16.0},{"not_picked":["Outmaneuver+1","Deadly Poison+1"],"picked":"Endless Agony+1","floor":18.0},{"not_picked":["Prepared+1","Outmaneuver+1"],"picked":"Caltrops","floor":20.0},{"not_picked":["Concentrate+1","Poisoned Stab+1"],"picked":"Cloak And Dagger+1","floor":22.0},{"not_picked":["Skewer+1","Riddle With Holes+1","Dagger Spray+1"],"picked":"SKIP","floor":24.0},{"not_picked":["Bane+1","Prepared+1"],"picked":"Venomology+1","floor":28.0},{"not_picked":["Skewer+1","Quick Slash+1"],"picked":"Acrobatics+1","floor":29.0},{"not_picked":["Flechettes+1","Dodge and Roll+1"],"picked":"Accuracy","floor":30.0},{"not_picked":["Dagger Throw+1","Dagger Spray+1"],"picked":"Malaise+1","floor":31.0}],"player_experience":672232,"relics_obtained":[{"floor":6.0,"key":"Anchor"},{"floor":8.0,"key":"Ornamental Fan"},{"floor":9.0,"key":"Gambling Chip"},{"floor":12.0,"key":"Mercury Hourglass"},{"floor":17.0,"key":"Tiny Chest"},{"floor":17.0,"key":"Molten Egg 2"},{"floor":17.0,"key":"StoneCalendar"},{"floor":24.0,"key":"Smiling Mask"},{"floor":26.0,"key":"Matryoshka"},{"floor":28.0,"key":"Happy Flower"},{"floor":31.0,"key":"Strawberry"}],"event_choices":[{"damage_healed":0.0,"max_hp_gain":0.0,"max_hp_loss":0.0,"gold_gain":0.0,"event_name":"Scrap Ooze","player_choice":"Success","floor":2.0,"gold_loss":0.0,"damage_taken":11.0,"relics_obtained":["Toxic Egg 2"]},{"damage_healed":0.0,"max_hp_gain":0.0,"max_hp_loss":0.0,"gold_gain":75.0,"event_name":"World of Goop","player_choice":"Gather Gold","floor":3.0,"gold_loss":0.0,"damage_taken":11.0},{"damage_healed":0.0,"max_hp_gain":0.0,"max_hp_loss":0.0,"gold_gain":0.0,"event_name":"The Woman in Blue","player_choice":"Bought 1 Potion","floor":4.0,"gold_loss":0.0,"damage_taken":0.0},{"damage_healed":0.0,"max_hp_gain":0.0,"max_hp_loss":0.0,"gold_gain":0.0,"event_name":"N\u0027loth","player_choice":"Traded Relic","floor":19.0,"relics_lost":["NeowsBlessing"],"gold_loss":0.0,"damage_taken":0.0,"relics_obtained":["Nloth\u0027s Gift"]},{"cards_removed":["Deadly Poison"],"damage_healed":0.0,"max_hp_gain":0.0,"max_hp_loss":0.0,"gold_gain":0.0,"event_name":"WeMeetAgain","player_choice":"Gave Card","floor":21.0,"gold_loss":0.0,"damage_taken":0.0,"relics_obtained":["Blue Candle"]},{"damage_healed":0.0,"max_hp_gain":0.0,"max_hp_loss":0.0,"gold_gain":50.0,"event_name":"Nest","player_choice":"Stole From Cult","floor":27.0,"gold_loss":0.0,"damage_taken":0.0}],"is_beta":false,"boss_relics":[{"not_picked":["Fusion Hammer","Busted Crown"],"picked":"Calling Bell"}],"items_purged_floors":[],"is_endless":false,"potions_floor_spawned":[5,8,12,14,16,22,24,29,31],"killed_by":"Automaton","ascension_level":17}