{"gold_per_floor":[118,27,43,61,73,102,102,127,127,143,162,6,24,40,40,135,135,150,166,166,186,199,230,145,145,172,192,202,231,248,280,280,384,384,394,394,394,268,268,288,323,343,343,343,411,443,43,59,59,59],"floor_reached":51,"playtime":4329,"items_purged":["Strike_R"],"score":808,"play_id":"ecc3b6a8-84ac-45ec-9aa3-d6b82bd01649","local_time":"20190415160024","is_ascension_mode":false,"campfire_choices":[{"data":"Perfected Strike","floor":7,"key":"SMITH"},{"data":"Bash","floor":15,"key":"SMITH"},{"data":"Armaments","floor":25,"key":"SMITH"},{"floor":32,"key":"REST"},{"data":"Demon Form","floor":44,"key":"SMITH"},{"data":"Shockwave","floor":49,"key":"SMITH"}],"neow_cost":"NONE","seed_source_timestamp":274440418909700,"circlet_count":0,"master_deck":["Strike_R","Strike_R","Strike_R","Strike_R","Defend_R","Defend_R","Defend_R","Defend_R","Bash+1","Twin Strike","Armaments","Shrug It Off","Perfected Strike+1","Headbutt","Spot Weakness","Anger","Cleave","Demon Form+1","Armaments+1","Perfected Strike","Impervious","Disarm","Spot Weakness","Inflame+1","Ghostly Armor","Disarm","Armaments+1","Cleave+1","Shrug It Off","Metallicize","Feed","Flame Barrier+1","Iron Wave+1","Thunderclap+1","Inflame+1","Fiend Fire","Shockwave+1","Heavy Blade+1"],"relics":["Burning Blood","Omamori","Red Skull","Anchor","Art of War","Mark of Pain","Pear","Bottled Tornado","Vajra","Blood Vial","Juzu Bracelet","Peace Pipe","Runic Dome","Mango","Letter Opener","Sundial","Boot","Lee\u0027s Waffle"],"potions_floor_usage":[6,16,16,23,29,29,31,33,33,46,46,50,50,50],"damage_taken":[{"damage":5,"enemies":"Cultist","floor":1,"turns":4},{"damage":2,"enemies":"2 Louse","floor":3,"turns":3},{"damage":0,"enemies":"Small Slimes","floor":4,"turns":3},{"damage":11,"enemies":"3 Louse","floor":5,"turns":4},{"damage":19,"enemies":"3 Sentries","floor":6,"turns":8},{"damage":32,"enemies":"Gremlin Nob","floor":8,"turns":4},{"damage":0,"enemies":"Lots of Slimes","floor":10,"turns":4},{"damage":5,"enemies":"Exordium Thugs","floor":11,"turns":4},{"damage":2,"enemies":"3 Louse","floor":13,"turns":3},{"damage":0,"enemies":"2 Fungi Beasts","floor":14,"turns":2},{"damage":14,"enemies":"Hexaghost","floor":16,"turns":6},{"damage":5,"enemies":"Spheric Guardian","floor":18,"turns":3},{"damage":15,"enemies":"2 Thieves","floor":19,"turns":3},{"damage":0,"enemies":"Chosen and Byrds","floor":21,"turns":5},{"damage":2,"enemies":"3 Cultists","floor":22,"turns":4},{"damage":40,"enemies":"Book of Stabbing","floor":23,"turns":5},{"damage":27,"enemies":"Sentry and Sphere","floor":27,"turns":4},{"damage":21,"enemies":"Cultist and Chosen","floor":28,"turns":6},{"damage":8,"enemies":"Slavers","floor":29,"turns":4},{"damage":5,"enemies":"Snake Plant","floor":30,"turns":3},{"damage":10,"enemies":"Gremlin Leader","floor":31,"turns":6},{"damage":50,"enemies":"Collector","floor":33,"turns":11},{"damage":3,"enemies":"Orb Walker","floor":35,"turns":4},{"damage":7,"enemies":"3 Shapes","floor":40,"turns":4},{"damage":14,"enemies":"Reptomancer","floor":41,"turns":7},{"damage":36,"enemies":"Maw","floor":42,"turns":8},{"damage":46,"enemies":"Giant Head","floor":46,"turns":8},{"damage":8,"enemies":"Jaw Worm Horde","floor":48,"turns":4},{"damage":49,"enemies":"Donu and Deca","floor":50,"turns":7}],"seed_played":"-5822128039610640763","potions_obtained":[{"floor":0,"key":"GamblersBrew"},{"floor":0,"key":"Dexterity Potion"},{"floor":0,"key":"Energy Potion"},{"floor":4,"key":"Weak Potion"},{"floor":10,"key":"Poison Potion"},{"floor":16,"key":"Regen Potion"},{"floor":18,"key":"BloodPotion"},{"floor":23,"key":"FairyPotion"},{"floor":28,"key":"Energy Potion"},{"floor":29,"key":"Block Potion"},{"floor":31,"key":"Fire Potion"},{"floor":33,"key":"SmokeBomb"},{"floor":41,"key":"Block Potion"},{"floor":48,"key":"GamblersBrew"}],"is_trial":false,"path_per_floor":["M","$","M","M","M","E","R","E","T","M","M","$","M","M","R","B",null,"M","M","T","M","M","E","?","R","T","M","M","E","M","E","R","B",null,"M","?","?","$","?","M","E","M","T","R","T","E","$","M","R","B",null],"character_chosen":"IRONCLAD","items_purchased":["Armaments","Shrug It Off","Art of War","SteroidPotion","Lee\u0027s Waffle","Shockwave","SkillPotion","Regen Potion"],"campfire_rested":1,"item_purchase_floors":[2,2,12,38,47,47,47,47],"current_hp_per_floor":[80,80,80,80,75,62,62,36,36,42,43,43,47,53,53,45,80,80,71,81,87,90,65,65,65,65,46,33,45,48,46,73,31,90,90,90,90,90,90,89,96,71,71,71,71,33,114,115,115,88],"gold":59,"neow_bonus":"THREE_SMALL_POTIONS","is_prod":false,"is_daily":false,"chose_seed":false,"campfire_upgraded":5,"win_rate":1,"timestamp":1555369224,"path_taken":["M","$","M","?","M","E","R","E","T","M","M","?","M","M","R","BOSS","M","?","?","M","M","E","?","R","T","M","M","E","M","E","R","BOSS","M","?","?","$","?","M","E","M","T","R","?","E","$","M","R","BOSS"],"build_version":"2019-01-23","purchased_purges":1,"victory":true,"max_hp_per_floor":[80,80,80,80,80,80,80,80,80,80,80,80,80,80,80,80,80,80,80,90,90,90,90,90,90,90,90,90,90,90,90,90,90,90,90,90,90,90,90,90,104,107,107,107,107,107,114,117,117,117],"card_choices":[{"not_picked":["Heavy Blade","Hemokinesis"],"picked":"Twin Strike","floor":1},{"not_picked":["Body Slam","Burning Pact"],"picked":"Pummel","floor":3},{"not_picked":["Twin Strike","Body Slam"],"picked":"Perfected Strike","floor":4},{"not_picked":["Hemokinesis","Shrug It Off"],"picked":"Headbutt","floor":5},{"not_picked":["Fiend Fire","Dual Wield"],"picked":"Spot Weakness","floor":6},{"not_picked":["Thunderclap","Flex"],"picked":"Anger","floor":8},{"not_picked":["Entrench","Second Wind"],"picked":"Cleave","floor":10},{"not_picked":["Iron Wave","Clothesline"],"picked":"Demon Form","floor":11},{"not_picked":["Anger","Body Slam"],"picked":"Armaments","floor":13},{"not_picked":["Brutality","Armaments"],"picked":"Perfected Strike","floor":14},{"not_picked":["Juggernaut","Brutality"],"picked":"Impervious","floor":16},{"not_picked":["Combust","Blood for Blood+1"],"picked":"Disarm","floor":18},{"not_picked":["Shrug It Off","Pommel Strike"],"picked":"Spot Weakness","floor":19},{"not_picked":["Warcry","Searing Blow"],"picked":"Inflame+1","floor":21},{"not_picked":["Twin Strike","Evolve"],"picked":"Ghostly Armor","floor":22},{"not_picked":["Exhume","Seeing Red"],"picked":"Disarm","floor":23},{"not_picked":["Sever Soul","Clash","Wild Strike"],"picked":"SKIP","floor":27},{"not_picked":["Flex+1","Cleave+1"],"picked":"Armaments+1","floor":28},{"not_picked":["Anger","Clash"],"picked":"Cleave+1","floor":29},{"not_picked":["True Grit","Entrench"],"picked":"Shrug It Off","floor":30},{"not_picked":["Second Wind","Inflame"],"picked":"Metallicize","floor":31},{"not_picked":["Reaper","Impervious"],"picked":"Feed","floor":33},{"not_picked":["Second Wind","Perfected Strike"],"picked":"Flame Barrier+1","floor":35},{"not_picked":["Sentinel","Seeing Red+1"],"picked":"Iron Wave+1","floor":40},{"not_picked":["Infernal Blade","Rupture+1"],"picked":"Thunderclap+1","floor":41},{"not_picked":["Twin Strike","Armaments+1"],"picked":"Inflame+1","floor":42},{"not_picked":["Wild Strike+1","Clash+1"],"picked":"Fiend Fire","floor":46},{"not_picked":["Clash","Dropkick"],"picked":"Heavy Blade+1","floor":48}],"player_experience":364633,"relics_obtained":[{"floor":6,"key":"Omamori"},{"floor":8,"key":"Red Skull"},{"floor":9,"key":"Anchor"},{"floor":20,"key":"Pear"},{"floor":23,"key":"Bottled Tornado"},{"floor":26,"key":"Blood Vial"},{"floor":29,"key":"Juzu Bracelet"},{"floor":31,"key":"Peace Pipe"},{"floor":41,"key":"Mango"},{"floor":43,"key":"Letter Opener"},{"floor":45,"key":"Sundial"},{"floor":46,"key":"Boot"}],"event_choices":[{"damage_healed":0,"gold_gain":0,"player_choice":"Obtained Relic","damage_taken":0,"relics_obtained":["Vajra"],"max_hp_gain":0,"max_hp_loss":0,"event_name":"Addict","floor":24,"gold_loss":85},{"damage_healed":0,"gold_gain":0,"player_choice":"Ignored","damage_taken":0,"max_hp_gain":0,"max_hp_loss":0,"event_name":"Tomb of Lord Red Mask","floor":36,"gold_loss":0},{"damage_healed":0,"gold_gain":0,"player_choice":"Cursed","damage_taken":0,"max_hp_gain":0,"max_hp_loss":0,"event_name":"Wheel of Change","floor":37,"gold_loss":0,"cards_obtained":["Decay"]},{"cards_removed":["Pummel"],"damage_healed":0,"gold_gain":0,"player_choice":"Removed Attack","damage_taken":0,"max_hp_gain":0,"max_hp_loss":0,"event_name":"Falling","floor":39,"gold_loss":0}],"is_beta":false,"boss_relics":[{"not_picked":["Orrery","Busted Crown"],"picked":"Mark of Pain"},{"not_picked":["Black Blood","Tiny House"],"picked":"Runic Dome"}],"items_purged_floors":[38],"is_endless":false,"potions_floor_spawned":[1,4,10,16,18,23,28,29,31,33,41,48],"ascension_level":0}