{"gold_per_floor":[113,128,128,141,141,160,85,85,85,114,128,128,143,143,143,244,244,256,256,272,286,300,300],"floor_reached":23,"playtime":2096,"items_purged":["Regret"],"score":195,"play_id":"dc7d5b89-894c-4857-a751-1b81bb3986ce","local_time":"20190308144947","is_ascension_mode":false,"campfire_choices":[{"floor":12,"key":"REST"},{"floor":15,"key":"REST"}],"neow_cost":"NONE","seed_source_timestamp":1966230720220155,"circlet_count":0,"master_deck":["Strike_R","Strike_R","Strike_R","Strike_R","Strike_R","Defend_R","Defend_R","Defend_R","Defend_R","Bash","Normality","Clumsy","Decay","Disarm","Power Through","Body Slam+1","Shrug It Off","Parasite","Offering","Disarm","Fiend Fire","Entrench+1","True Grit+1","Warcry+1"],"relics":["Calling Bell","Vajra","Kunai","Torii","Mummified Hand","Red Skull","Toxic Egg 2","Mark of Pain"],"potions_floor_usage":[16,16,18],"damage_taken":[{"damage":10,"enemies":"2 Louse","floor":1,"turns":3},{"damage":10,"enemies":"Small Slimes","floor":2,"turns":4},{"damage":4,"enemies":"Cultist","floor":4,"turns":4},{"damage":8,"enemies":"Gremlin Gang","floor":6,"turns":6},{"damage":16,"enemies":"Gremlin Nob","floor":10,"turns":5},{"damage":18,"enemies":"Looter","floor":11,"turns":2},{"damage":15,"enemies":"3 Louse","floor":13,"turns":5},{"damage":62,"enemies":"Slime Boss","floor":16,"turns":17},{"damage":25,"enemies":"3 Byrds","floor":18,"turns":10},{"damage":17,"enemies":"Shell Parasite","floor":20,"turns":9},{"damage":33,"enemies":"Centurion and Healer","floor":21,"turns":8},{"damage":21,"enemies":"Snake Plant","floor":22,"turns":3},{"damage":28,"enemies":"Book of Stabbing","floor":23,"turns":2}],"seed_played":"2772591709401344066","potions_obtained":[{"floor":4,"key":"Ancient Potion"},{"floor":10,"key":"FearPotion"},{"floor":13,"key":"AttackPotion"},{"floor":16,"key":"Swift Potion"}],"is_trial":false,"path_per_floor":["M","M","?","M","?","M","$","?","T","E","M","R","M","T","R","B",null,"M","?","M","M","M","E"],"character_chosen":"IRONCLAD","items_purchased":[],"campfire_rested":2,"item_purchase_floors":[],"current_hp_per_floor":[70,60,60,56,56,48,48,68,68,52,34,58,43,43,67,5,80,55,80,63,30,9,0],"gold":300,"neow_bonus":"BOSS_RELIC","is_prod":false,"is_daily":false,"chose_seed":false,"campfire_upgraded":0,"win_rate":0,"timestamp":1552024187,"path_taken":["M","M","?","M","?","M","$","?","T","E","M","R","M","?","R","BOSS","M","?","?","M","?","E"],"build_version":"2019-01-23","purchased_purges":1,"victory":false,"max_hp_per_floor":[80,80,80,80,80,80,80,80,80,80,80,80,80,80,80,80,80,80,80,80,80,80,80],"card_choices":[{"not_picked":["Twin Strike","Cleave"],"picked":"Disarm","floor":1},{"not_picked":["Cleave","Clash"],"picked":"Power Through","floor":2},{"not_picked":["Fire Breathing","Twin Strike"],"picked":"Body Slam","floor":4},{"not_picked":["Twin Strike","Double Tap"],"picked":"Shrug It Off","floor":6},{"not_picked":["Intimidate","Searing Blow"],"picked":"Offering","floor":10},{"not_picked":["Flex","Clothesline"],"picked":"Disarm","floor":11},{"not_picked":["Havoc","Intimidate","Cleave"],"picked":"SKIP","floor":13},{"not_picked":["Brutality","Double Tap+1"],"picked":"Fiend Fire","floor":16},{"not_picked":["Pummel","Corruption"],"picked":"Entrench+1","floor":18},{"not_picked":["Clash+1","Clothesline"],"picked":"True Grit+1","floor":20},{"not_picked":["Twin Strike","Carnage+1","Reckless Charge"],"picked":"SKIP","floor":21},{"not_picked":["Heavy Blade","Sword Boomerang"],"picked":"Warcry+1","floor":22}],"player_experience":220356,"relics_obtained":[{"floor":0,"key":"Vajra"},{"floor":0,"key":"Kunai"},{"floor":0,"key":"Torii"},{"floor":10,"key":"Red Skull"},{"floor":14,"key":"Toxic Egg 2"}],"event_choices":[{"damage_healed":0,"gold_gain":0,"player_choice":"Box","damage_taken":0,"relics_obtained":["Mummified Hand"],"max_hp_gain":0,"max_hp_loss":0,"event_name":"Big Fish","floor":3,"gold_loss":0,"cards_obtained":["Regret"]},{"damage_healed":0,"gold_gain":0,"player_choice":"Grow","damage_taken":0,"max_hp_gain":0,"max_hp_loss":0,"event_name":"Living Wall","floor":5,"gold_loss":0,"cards_upgraded":["Body Slam"]},{"damage_healed":20,"gold_gain":0,"player_choice":"Healed and dodged fight","damage_taken":0,"max_hp_gain":0,"max_hp_loss":0,"event_name":"Mushrooms","floor":8,"gold_loss":0,"cards_obtained":["Parasite"]},{"damage_healed":25,"gold_gain":0,"player_choice":"Full Heal","damage_taken":0,"max_hp_gain":0,"max_hp_loss":0,"event_name":"Wheel of Change","floor":19,"gold_loss":0}],"is_beta":false,"boss_relics":[{"not_picked":["Tiny House","Orrery"],"picked":"Mark of Pain"}],"items_purged_floors":[7],"is_endless":false,"potions_floor_spawned":[4,10,13,16],"killed_by":"Book of Stabbing","ascension_level":0}