{"gold_per_floor":[121,144,156,168,105,105,180,180,180,196,240,240,415,36,36,36],"floor_reached":16,"playtime":339,"items_purged":["Strike_B"],"score":158,"play_id":"3a6f90d0-a7e1-4c80-a7bf-153b20a236f2","local_time":"20190411215233","is_ascension_mode":true,"campfire_choices":[{"data":"Blizzard","floor":6,"key":"SMITH"},{"floor":8,"key":"REST"},{"floor":12,"key":"DIG"},{"floor":15,"key":"DIG"}],"neow_cost":"NONE","seed_source_timestamp":7254167585536,"circlet_count":0,"master_deck":["AscendersBane","Strike_B","Strike_B","Strike_B","Defend_B","Defend_B","Defend_B","Defend_B","Dualcast","Cold Snap","Blizzard+1","Seek","Doubt","Cold Snap"],"relics":["Cracked Core","MawBank","Golden Idol","Emotion Chip","Shovel","Ornamental Fan","PrismaticShard","Orichalcum","Molten Egg 2"],"potions_floor_usage":[16,16],"damage_taken":[{"damage":0,"enemies":"Cultist","floor":1,"turns":4},{"damage":5,"enemies":"Small Slimes","floor":2,"turns":4},{"damage":9,"enemies":"2 Louse","floor":10,"turns":2},{"damage":16,"enemies":"Gremlin Nob","floor":11,"turns":5},{"damage":41,"enemies":"Slime Boss","floor":16,"turns":6}],"seed_played":"-8445491960007601111","potions_obtained":[{"floor":2,"key":"FocusPotion"},{"floor":11,"key":"Swift Potion"}],"is_trial":false,"path_per_floor":["M","M","?","?","$","R","?","R","T","M","E","R","?","$","R","B"],"character_chosen":"DEFECT","items_purchased":["PrismaticShard","Orichalcum","Cold Snap"],"campfire_rested":1,"item_purchase_floors":[14,14,14],"current_hp_per_floor":[68,63,45,38,38,38,27,49,49,40,24,24,24,24,24,0],"gold":36,"neow_bonus":"RANDOM_COMMON_RELIC","is_prod":false,"is_daily":false,"chose_seed":false,"campfire_upgraded":1,"win_rate":0,"timestamp":1554987153,"path_taken":["M","?","?","?","?","R","?","R","T","?","E","R","?","$","R","BOSS"],"build_version":"2019-01-23","purchased_purges":1,"victory":false,"max_hp_per_floor":[75,75,75,75,75,75,75,75,75,75,75,75,75,75,75,75],"card_choices":[{"not_picked":["Stack","Streamline"],"picked":"Cold Snap","floor":1},{"not_picked":["Hologram","Redo"],"picked":"Blizzard","floor":2},{"not_picked":["Gash","Reprogram","Streamline"],"picked":"SKIP","floor":10},{"not_picked":["Reinforced Body","Loop"],"picked":"Seek","floor":11}],"player_experience":734929,"relics_obtained":[{"floor":9,"key":"Emotion Chip"},{"floor":11,"key":"Shovel"},{"floor":12,"key":"Ornamental Fan"},{"floor":15,"key":"Molten Egg 2"}],"event_choices":[{"damage_healed":0,"gold_gain":0,"player_choice":"Take Damage","damage_taken":18,"relics_obtained":["Golden Idol"],"max_hp_gain":0,"max_hp_loss":0,"event_name":"Golden Idol","floor":3,"gold_loss":0},{"cards_removed":["Zap"],"damage_healed":0,"gold_gain":0,"player_choice":"Card Removal","damage_taken":7,"max_hp_gain":0,"max_hp_loss":0,"event_name":"Golden Wing","floor":4,"gold_loss":0},{"damage_healed":0,"gold_gain":75,"player_choice":"Gather Gold","damage_taken":11,"max_hp_gain":0,"max_hp_loss":0,"event_name":"World of Goop","floor":7,"gold_loss":0},{"damage_healed":0,"gold_gain":175,"player_choice":"AGREE","damage_taken":0,"max_hp_gain":0,"max_hp_loss":0,"event_name":"Liars Game","floor":13,"gold_loss":0,"cards_obtained":["Doubt"]}],"is_beta":false,"boss_relics":[],"items_purged_floors":[5],"is_endless":false,"potions_floor_spawned":[2,11],"killed_by":"Slime Boss","ascension_level":13}