{"gold_per_floor":[111,111,111,74,92,133,148,183,183,61,100,116,190,209,209,209],"floor_reached":16,"playtime":511,"items_purged":["Injury"],"score":230,"play_id":"f9f5e5f5-0228-4576-8f82-63628900db26","local_time":"20190416010320","is_ascension_mode":true,"campfire_choices":[{"data":"Hello World","floor":15,"key":"SMITH"}],"neow_cost":"NONE","seed_source_timestamp":17377663559510,"circlet_count":0,"master_deck":["AscendersBane","Strike_B","Strike_B","Strike_B","Strike_B","Defend_B","Defend_B","Defend_B","Defend_B","Zap","Dualcast","Go for the Eyes","Sunder","Tempest","Barrage","FTL","Ball Lightning","Ball Lightning","Thunder Strike","Ball Lightning","Hello World+1"],"relics":["Cracked Core","NeowsBlessing","Gremlin Horn","Golden Idol","Oddly Smooth Stone","Odd Mushroom","Dodecahedron","Mango","Blue Candle"],"potions_floor_usage":[],"damage_taken":[{"damage":0,"enemies":"Jaw Worm","floor":1,"turns":1},{"damage":0,"enemies":"Cultist","floor":5,"turns":1},{"damage":0,"enemies":"Lagavulin","floor":6,"turns":1},{"damage":7,"enemies":"Small Slimes","floor":7,"turns":2},{"damage":9,"enemies":"The Mushroom Lair","floor":8,"turns":3},{"damage":18,"enemies":"3 Sentries","floor":11,"turns":6},{"damage":0,"enemies":"2 Fungi Beasts","floor":12,"turns":2},{"damage":30,"enemies":"Lagavulin Event","floor":13,"turns":4},{"damage":1,"enemies":"Exordium Wildlife","floor":14,"turns":2},{"damage":10,"enemies":"Hexaghost","floor":16,"turns":4}],"seed_played":"-190013260603245821","potions_obtained":[{"floor":7,"key":"SpeedPotion"},{"floor":13,"key":"FearPotion"}],"is_trial":false,"path_per_floor":["M","?","?","$","M","E","M","?","T","$","E","M","?","M","R","B"],"character_chosen":"DEFECT","items_purchased":["Sunder","Ball Lightning"],"campfire_rested":0,"item_purchase_floors":[4,10],"current_hp_per_floor":[64,57,57,57,57,57,50,41,41,41,37,37,7,6,6,0],"gold":209,"neow_bonus":"THREE_ENEMY_KILL","is_prod":false,"is_daily":false,"chose_seed":false,"campfire_upgraded":1,"win_rate":0,"timestamp":1555344200,"path_taken":["M","?","?","?","?","E","M","?","T","$","E","M","?","M","R","BOSS"],"build_version":"2019-01-23","purchased_purges":1,"victory":false,"max_hp_per_floor":[71,71,71,71,71,71,71,71,71,71,85,85,85,85,85,85],"card_choices":[{"not_picked":["Sweeping Beam","Steam"],"picked":"Go for the Eyes","floor":1},{"not_picked":["Compile Driver","Go for the Eyes"],"picked":"Tempest","floor":5},{"not_picked":["Auto Shields","Leap"],"picked":"Barrage","floor":6},{"not_picked":["Hello World","Auto Shields"],"picked":"FTL","floor":7},{"not_picked":["Rebound","Conserve Battery"],"picked":"Ball Lightning","floor":11},{"not_picked":["Beam Cell","Darkness"],"picked":"Thunder Strike","floor":12},{"not_picked":["Steam","Coolheaded"],"picked":"Ball Lightning","floor":13},{"not_picked":["Barrage","Streamline"],"picked":"Hello World","floor":14}],"player_experience":764859,"relics_obtained":[{"floor":6,"key":"Oddly Smooth Stone"},{"floor":8,"key":"Odd Mushroom"},{"floor":9,"key":"Dodecahedron"},{"floor":11,"key":"Mango"},{"floor":13,"key":"Blue Candle"}],"event_choices":[{"damage_healed":0,"gold_gain":0,"player_choice":"Success","damage_taken":7,"relics_obtained":["Gremlin Horn"],"max_hp_gain":0,"max_hp_loss":0,"event_name":"Scrap Ooze","floor":2,"gold_loss":0},{"damage_healed":0,"gold_gain":0,"player_choice":"Take Wound","damage_taken":0,"relics_obtained":["Golden Idol"],"max_hp_gain":0,"max_hp_loss":0,"event_name":"Golden Idol","floor":3,"gold_loss":0,"cards_obtained":["Injury"]},{"damage_healed":0,"gold_gain":0,"player_choice":"Fought Mushrooms","damage_taken":0,"max_hp_gain":0,"max_hp_loss":0,"event_name":"Mushrooms","floor":8,"gold_loss":0},{"damage_healed":0,"gold_gain":30,"player_choice":"Searched \u00272\u0027 times","damage_taken":0,"max_hp_gain":0,"max_hp_loss":0,"event_name":"Dead Adventurer","floor":13,"gold_loss":0}],"is_beta":false,"boss_relics":[],"items_purged_floors":[10],"is_endless":false,"potions_floor_spawned":[7,13],"killed_by":"Hexaghost","ascension_level":14}