{"gold_per_floor":[116,116,131,144,66,66,96,96,96,123,133,58,58,58],"floor_reached":14,"playtime":430,"items_purged":["Strike_G"],"score":152,"play_id":"4968b5a0-d045-4e3c-8070-205c5196d517","local_time":"20190326134724","is_ascension_mode":true,"campfire_choices":[{"data":"Cloak And Dagger","floor":6,"key":"SMITH"}],"neow_cost":"NONE","seed_source_timestamp":444271097099205,"circlet_count":0,"master_deck":["AscendersBane","Defend_G","Defend_G","Defend_G","Defend_G","Defend_G","Strike_G","Strike_G","Strike_G","Survivor","Neutralize","Quick Slash","Noxious Fumes","Cloak And Dagger+1","Well Laid Plans","Cloak And Dagger","Prepared","Caltrops"],"relics":["Ring of the Snake","NeowsBlessing","PreservedInsect","Bottled Flame","Pear","Golden Idol"],"potions_floor_usage":[7,7],"damage_taken":[{"damage":0,"enemies":"Small Slimes","floor":1,"turns":1},{"damage":0,"enemies":"Cultist","floor":3,"turns":1},{"damage":0,"enemies":"Jaw Worm","floor":4,"turns":1},{"damage":35,"enemies":"Lagavulin","floor":7,"turns":7},{"damage":19,"enemies":"3 Sentries","floor":10,"turns":7},{"damage":11,"enemies":"Exordium Wildlife","floor":11,"turns":6},{"damage":15,"enemies":"Large Slime","floor":14,"turns":2}],"seed_played":"-5721546104500556884","potions_obtained":[{"floor":1,"key":"Fire Potion"},{"floor":7,"key":"Fruit Juice"}],"is_trial":false,"path_per_floor":["M","?","M","M","$","R","E","?","T","E","M","$","?","M"],"character_chosen":"THE_SILENT","items_purchased":["Well Laid Plans"],"campfire_rested":0,"item_purchase_floors":[5],"current_hp_per_floor":[63,63,63,63,63,63,33,33,33,24,13,13,13,0],"gold":58,"neow_bonus":"THREE_ENEMY_KILL","is_prod":false,"is_daily":false,"chose_seed":false,"campfire_upgraded":1,"win_rate":0,"timestamp":1553575644,"path_taken":["M","?","?","M","$","R","E","?","T","E","M","$","?","M"],"build_version":"2019-01-23","purchased_purges":1,"victory":false,"max_hp_per_floor":[70,70,70,70,70,70,75,75,75,85,85,85,79,79],"card_choices":[{"not_picked":["Terror","Masterful Stab"],"picked":"Quick Slash","floor":1},{"not_picked":["Deflect","Eviscerate"],"picked":"Noxious Fumes","floor":3},{"not_picked":["Sucker Punch","Blur"],"picked":"Cloak And Dagger","floor":4},{"not_picked":["Eviscerate","Sucker Punch"],"picked":"Cloak And Dagger","floor":7},{"not_picked":["Flying Knee","Dash"],"picked":"Prepared","floor":10},{"not_picked":["Outmaneuver","Bane"],"picked":"Caltrops","floor":11}],"player_experience":604931,"relics_obtained":[{"floor":7,"key":"PreservedInsect"},{"floor":9,"key":"Bottled Flame"},{"floor":10,"key":"Pear"}],"event_choices":[{"cards_removed":["Strike_G"],"damage_healed":0,"gold_gain":0,"player_choice":"Purged","damage_taken":0,"max_hp_gain":0,"max_hp_loss":0,"event_name":"Purifier","floor":2,"gold_loss":0},{"damage_healed":0,"gold_gain":0,"player_choice":"Ignored","damage_taken":0,"max_hp_gain":0,"max_hp_loss":0,"event_name":"Liars Game","floor":8,"gold_loss":0},{"damage_healed":0,"gold_gain":0,"player_choice":"Lose Max HP","damage_taken":0,"relics_obtained":["Golden Idol"],"max_hp_gain":0,"max_hp_loss":6,"event_name":"Golden Idol","floor":13,"gold_loss":0}],"is_beta":false,"boss_relics":[],"items_purged_floors":[12],"is_endless":false,"potions_floor_spawned":[1,7],"killed_by":"Large Slime","ascension_level":11}