{"gold_per_floor":[113,128,142,142,32,32,47,47,47,61,61,84,84,37,37,37],"floor_reached":16,"playtime":531,"items_purged":["Strike_R"],"score":168,"play_id":"7b277901-4006-455b-8498-6343a457b415","local_time":"20190318171646","is_ascension_mode":true,"campfire_choices":[{"data":"Evolve","floor":6,"key":"SMITH"},{"data":"Dark Embrace","floor":13,"key":"SMITH"},{"data":"Armaments","floor":15,"key":"SMITH"}],"neow_cost":"NONE","seed_source_timestamp":280757438125162,"circlet_count":0,"master_deck":["AscendersBane","Strike_R","Strike_R","Strike_R","Defend_R","Defend_R","Defend_R","Defend_R","Bash","Uppercut","Feel No Pain","Battle Trance","Evolve+1","Shrug It Off","Iron Wave","Flex","Dark Embrace+1","Armaments+1"],"relics":["Burning Blood","NeowsBlessing","Golden Idol","Kunai"],"potions_floor_usage":[10,11,16],"damage_taken":[{"damage":0,"enemies":"2 Louse","floor":1,"turns":1},{"damage":0,"enemies":"Cultist","floor":2,"turns":1},{"damage":0,"enemies":"Small Slimes","floor":3,"turns":1},{"damage":29,"enemies":"Exordium Wildlife","floor":7,"turns":6},{"damage":7,"enemies":"Blue Slaver","floor":10,"turns":5},{"damage":0,"enemies":"3 Sentries","floor":11,"turns":1},{"damage":12,"enemies":"3 Louse","floor":12,"turns":5},{"damage":37,"enemies":"Hexaghost","floor":16,"turns":11}],"seed_played":"73951635992538440","potions_obtained":[{"floor":1,"key":"SpeedPotion"},{"floor":2,"key":"SmokeBomb"},{"floor":7,"key":"SkillPotion"},{"floor":10,"key":"GamblersBrew"}],"is_trial":false,"path_per_floor":["M","M","M","?","$","R","M","?","T","M","E","M","R","$","R","B"],"character_chosen":"IRONCLAD","items_purchased":["Evolve","Armaments"],"campfire_rested":0,"item_purchase_floors":[5,14],"current_hp_per_floor":[78,80,80,60,60,60,37,37,37,36,42,36,36,36,36,0],"gold":37,"neow_bonus":"THREE_ENEMY_KILL","is_prod":false,"is_daily":false,"chose_seed":false,"campfire_upgraded":3,"win_rate":0,"timestamp":1552897006,"path_taken":["M","M","M","?","$","R","M","?","T","M","E","?","R","$","R","BOSS"],"build_version":"2019-01-23","purchased_purges":1,"victory":false,"max_hp_per_floor":[80,80,80,80,80,80,80,80,80,80,80,80,80,80,80,80],"card_choices":[{"not_picked":["Cleave","Hemokinesis"],"picked":"Uppercut","floor":1},{"not_picked":["Heavy Blade","Headbutt"],"picked":"Feel No Pain","floor":2},{"not_picked":["Cleave","Bloodletting"],"picked":"Battle Trance","floor":3},{"not_picked":["Combust","Anger"],"picked":"Shrug It Off","floor":7},{"not_picked":["Twin Strike","Warcry"],"picked":"Flex","floor":10},{"not_picked":["Seeing Red","Whirlwind"],"picked":"Dark Embrace","floor":12}],"player_experience":418545,"relics_obtained":[{"floor":9,"key":"Kunai"}],"event_choices":[{"damage_healed":0,"gold_gain":0,"player_choice":"Take Damage","damage_taken":20,"relics_obtained":["Golden Idol"],"max_hp_gain":0,"max_hp_loss":0,"event_name":"Golden Idol","floor":4,"gold_loss":0},{"damage_healed":0,"gold_gain":0,"cards_transformed":["Strike_R"],"player_choice":"Transformed","damage_taken":0,"max_hp_gain":0,"max_hp_loss":0,"event_name":"Transmorgrifier","floor":8,"gold_loss":0,"cards_obtained":["Iron Wave"]}],"is_beta":false,"boss_relics":[],"items_purged_floors":[5],"is_endless":false,"potions_floor_spawned":[1,2,7,10],"killed_by":"Hexaghost","ascension_level":13}