{"gold_per_floor":[113,113,125,141,141,141,316,316,316,316,344,134,146,146,146,241,241,257,219,236,34,47,47,47,47,47,47,66,66],"floor_reached":29,"playtime":1161,"items_purged":["Pain"],"score":221,"play_id":"2205efca-6efc-41fe-b58e-6267c688f81b","local_time":"20190410201802","is_ascension_mode":false,"campfire_choices":[{"data":"Zap","floor":6,"key":"SMITH"},{"data":"Redo","floor":8,"key":"SMITH"},{"data":"Dualcast","floor":10,"key":"SMITH"},{"floor":15,"key":"REST"},{"floor":23,"key":"REST"},{"floor":27,"key":"REST"}],"neow_cost":"NONE","seed_source_timestamp":920155765100,"circlet_count":0,"master_deck":["Strike_B","Strike_B","Strike_B","Strike_B","Defend_B","Defend_B","Defend_B","Defend_B","Zap+1","Dualcast+1","Redo+1","Ball Lightning","Consume","Thunder Strike","Defragment","Conserve Battery","Echo Form","Ball Lightning","Storm","Redo"],"relics":["Cracked Core","NeowsBlessing","WarpedTongs","Vajra","Matryoshka","Shovel","Inserter","Membership Card","Oddly Smooth Stone","Blue Candle"],"potions_floor_usage":[16,16,20],"damage_taken":[{"damage":0,"enemies":"Small Slimes","floor":1,"turns":1},{"damage":2,"enemies":"Cultist","floor":3,"turns":1},{"damage":0,"enemies":"Jaw Worm","floor":4,"turns":1},{"damage":38,"enemies":"Lagavulin","floor":11,"turns":5},{"damage":5,"enemies":"3 Louse","floor":13,"turns":3},{"damage":28,"enemies":"The Guardian","floor":16,"turns":6},{"damage":5,"enemies":"Chosen","floor":18,"turns":4},{"damage":28,"enemies":"2 Thieves","floor":20,"turns":4},{"damage":31,"enemies":"Centurion and Healer","floor":22,"turns":4},{"damage":27,"enemies":"3 Cultists","floor":28,"turns":4},{"damage":19,"enemies":"Shelled Parasite and Fungi","floor":29,"turns":2}],"seed_played":"-194402427273557301","potions_obtained":[{"floor":1,"key":"Strength Potion"},{"floor":11,"key":"LiquidBronze"},{"floor":13,"key":"FearPotion"},{"floor":18,"key":"Block Potion"},{"floor":22,"key":"FocusPotion"}],"is_trial":false,"path_per_floor":["M","?","M","M","?","R","?","R","T","R","E","$","M","?","R","B",null,"M","$","M","$","M","R","?","?","T","R","M","M"],"character_chosen":"DEFECT","items_purchased":["Defragment","Conserve Battery","Storm","Membership Card"],"campfire_rested":3,"item_purchase_floors":[12,12,19,21],"current_hp_per_floor":[75,75,73,73,61,61,61,61,61,61,23,23,18,18,40,12,75,70,70,42,42,11,33,33,19,19,43,16,0],"gold":66,"neow_bonus":"THREE_ENEMY_KILL","is_prod":false,"is_daily":false,"chose_seed":false,"campfire_upgraded":3,"win_rate":0.0,"timestamp":1554952682,"path_taken":["M","?","?","M","?","R","?","R","T","R","E","$","M","?","R","BOSS","M","$","M","$","M","R","?","?","T","R","M","M"],"build_version":"2019-01-23","purchased_purges":1,"victory":false,"max_hp_per_floor":[75,75,75,75,75,75,75,75,75,75,75,75,75,75,75,75,75,75,75,75,75,75,75,75,80,80,80,80,80],"card_choices":[{"not_picked":["Doom and Gloom","Streamline"],"picked":"Redo","floor":1},{"not_picked":["Turbo","Beam Cell"],"picked":"Ball Lightning","floor":3},{"not_picked":["Coolheaded","Heatsinks"],"picked":"Consume","floor":4},{"not_picked":["Melter","Heatsinks"],"picked":"Thunder Strike","floor":11},{"not_picked":["Sweeping Beam","Stack","Aggregate"],"picked":"SKIP","floor":13},{"not_picked":["Rainbow","Amplify"],"picked":"Echo Form","floor":16},{"not_picked":["Leap","Capacitor"],"picked":"Ball Lightning","floor":18},{"not_picked":["Go for the Eyes","Skim"],"picked":"Redo","floor":20},{"not_picked":["Undo","Barrage+1","Compile Driver"],"picked":"SKIP","floor":22},{"not_picked":["Leap","Gash","Sweeping Beam"],"picked":"SKIP","floor":28}],"player_experience":149296,"relics_obtained":[{"floor":9,"key":"Matryoshka"},{"floor":11,"key":"Shovel"},{"floor":26,"key":"Oddly Smooth Stone"},{"floor":26,"key":"Blue Candle"}],"event_choices":[{"damage_healed":0,"gold_gain":0,"player_choice":"Rummage","damage_taken":0,"relics_obtained":["WarpedTongs"],"max_hp_gain":0,"max_hp_loss":0,"event_name":"Accursed Blacksmith","floor":2,"gold_loss":0,"cards_obtained":["Pain"]},{"damage_healed":0,"gold_gain":0,"player_choice":"Success","damage_taken":12,"relics_obtained":["Vajra"],"max_hp_gain":0,"max_hp_loss":0,"event_name":"Scrap Ooze","floor":5,"gold_loss":0},{"damage_healed":0,"gold_gain":175,"player_choice":"AGREE","damage_taken":0,"max_hp_gain":0,"max_hp_loss":0,"event_name":"Liars Game","floor":7,"gold_loss":0,"cards_obtained":["Doubt"]},{"cards_removed":["Doubt"],"damage_healed":0,"gold_gain":0,"player_choice":"Forget","damage_taken":0,"max_hp_gain":0,"max_hp_loss":0,"event_name":"Living Wall","floor":14,"gold_loss":0},{"damage_healed":0,"gold_gain":0,"player_choice":"Ignored","damage_taken":0,"max_hp_gain":0,"max_hp_loss":0,"event_name":"Beggar","floor":24,"gold_loss":0},{"damage_healed":0,"gold_gain":0,"player_choice":"Shed Blood","damage_taken":19,"max_hp_gain":5,"max_hp_loss":0,"event_name":"Forgotten Altar","floor":25,"gold_loss":0}],"is_beta":false,"boss_relics":[{"not_picked":["Tiny House","Runic Pyramid"],"picked":"Inserter"}],"items_purged_floors":[12],"is_endless":false,"potions_floor_spawned":[1,11,13,18,22],"killed_by":"Shelled Parasite and Fungi","ascension_level":0}