{"gold_per_floor":[115,115,115,40,40,40,40,74,147,147,180,190,201,126,126,199,199,218,218,234,109,0,0,25,25],"floor_reached":25,"playtime":841,"items_purged":["Regret","Strike_R"],"score":618,"play_id":"bb66e41d-e8de-4e71-b0ad-4edfb99c4063","local_time":"20190321120252","is_ascension_mode":true,"campfire_choices":[{"data":"Bash","floor":6.0,"key":"SMITH"},{"data":"Evolve","floor":10.0,"key":"SMITH"},{"data":"Rampage","floor":15.0,"key":"SMITH"},{"data":"Double Tap","floor":23.0,"key":"SMITH"}],"neow_cost":"NONE","seed_source_timestamp":5248997902568,"circlet_count":0,"master_deck":["AscendersBane","Strike_R+1","Strike_R+1","Defend_R","Defend_R","Defend_R","Defend_R","Bash+1","Headbutt","Evolve+1","Rampage+1","Headbutt","Flame Barrier","Demon Form","Wild Strike","Double Tap+1","Shrug It Off","Armaments"],"special_seed":0,"relics":["Burning Blood","NeowsBlessing","Bronze Scales","Sundial","Shuriken","Question Card","Bag of Marbles","Snecko Eye","Darkstone Periapt"],"potions_floor_usage":[25],"damage_taken":[{"damage":0.0,"enemies":"2 Louse","floor":1.0,"turns":1.0},{"damage":0.0,"enemies":"Lagavulin","floor":8.0,"turns":1.0},{"damage":0.0,"enemies":"Gremlin Nob","floor":11.0,"turns":1.0},{"damage":3.0,"enemies":"Small Slimes","floor":12.0,"turns":3.0},{"damage":2.0,"enemies":"Jaw Worm","floor":13.0,"turns":3.0},{"damage":0.0,"enemies":"Slime Boss","floor":16.0,"turns":7.0},{"damage":16.0,"enemies":"Chosen","floor":18.0,"turns":4.0},{"damage":6.0,"enemies":"Spheric Guardian","floor":20.0,"turns":4.0},{"damage":34.0,"enemies":"Slavers","floor":24.0,"turns":6.0},{"damage":9,"enemies":"Shelled Parasite and Fungi","floor":25,"turns":1}],"seed_played":"-4881278251639011027","potions_obtained":[{"floor":8.0,"key":"Strength Potion"},{"floor":11.0,"key":"SkillPotion"},{"floor":20.0,"key":"LiquidBronze"},{"floor":24.0,"key":"Explosive Potion"}],"is_trial":false,"path_per_floor":["M","?","?","$","?","R","?","E","T","R","E","M","M","?","R","B",null,"M","?","M","$","?","R","E","M"],"character_chosen":"IRONCLAD","items_purchased":["Shrug It Off"],"campfire_rested":0,"item_purchase_floors":[21],"current_hp_per_floor":[74,74,51,51,51,51,16,22,22,22,28,31,35,35,35,41,67,57,36,36,36,36,36,8,0],"gold":25,"neow_bonus":"THREE_ENEMY_KILL","is_prod":false,"is_daily":false,"chose_seed":false,"campfire_upgraded":4,"win_rate":0,"timestamp":1553137372,"path_taken":["M","?","?","$","?","R","?","E","T","R","E","M","?","?","R","BOSS","M","?","M","$","?","R","E","M"],"build_version":"2019-01-23","purchased_purges":2,"victory":false,"max_hp_per_floor":[75,75,75,75,75,75,75,75,75,75,75,75,75,75,75,75,75,75,80,80,80,80,80,80,80],"card_choices":[{"not_picked":["Warcry","Flex"],"picked":"Headbutt","floor":1.0},{"not_picked":["Headbutt","Armaments"],"picked":"Evolve","floor":8.0},{"not_picked":["Sever Soul","Heavy Blade","Clash"],"picked":"Rampage","floor":11.0},{"not_picked":["Clash","Burning Pact","Pommel Strike"],"picked":"Headbutt","floor":12.0},{"not_picked":["Impervious","True Grit","Warcry"],"picked":"Flame Barrier","floor":13.0},{"not_picked":["Offering","Fiend Fire","Dark Embrace"],"picked":"Demon Form","floor":16.0},{"not_picked":["Pummel","Anger","Cleave"],"picked":"Wild Strike","floor":18.0},{"not_picked":["Spot Weakness","True Grit","Warcry"],"picked":"Double Tap","floor":20.0},{"not_picked":["Dropkick","Feel No Pain","Cleave"],"picked":"Armaments","floor":24.0}],"player_experience":482747,"relics_obtained":[{"floor":8.0,"key":"Shuriken"},{"floor":9.0,"key":"Question Card"},{"floor":11.0,"key":"Bag of Marbles"},{"floor":24.0,"key":"Darkstone Periapt"}],"event_choices":[{"damage_healed":0.0,"max_hp_gain":0.0,"max_hp_loss":0.0,"gold_gain":0.0,"event_name":"Big Fish","player_choice":"Box","floor":2.0,"gold_loss":0.0,"damage_taken":0.0,"relics_obtained":["Bronze Scales"],"cards_obtained":["Regret"]},{"damage_healed":0.0,"max_hp_gain":0.0,"max_hp_loss":0.0,"gold_gain":0.0,"event_name":"Shining Light","player_choice":"Entered Light","floor":3.0,"gold_loss":0.0,"damage_taken":23.0,"cards_upgraded":["Strike_R","Strike_R"]},{"cards_removed":["Strike_R"],"damage_healed":0.0,"max_hp_gain":0.0,"max_hp_loss":0.0,"gold_gain":0.0,"event_name":"Living Wall","player_choice":"Forget","floor":5.0,"gold_loss":0.0,"damage_taken":0.0},{"damage_healed":0.0,"max_hp_gain":0.0,"max_hp_loss":0.0,"gold_gain":0.0,"event_name":"Scrap Ooze","player_choice":"Success","floor":7.0,"gold_loss":0.0,"damage_taken":35.0,"relics_obtained":["Sundial"]},{"cards_removed":["Strike_R"],"damage_healed":0.0,"max_hp_gain":0.0,"max_hp_loss":0.0,"gold_gain":0.0,"event_name":"The Cleric","player_choice":"Card Removal","floor":14.0,"gold_loss":75.0,"damage_taken":0.0},{"damage_healed":0.0,"max_hp_gain":5.0,"max_hp_loss":0.0,"gold_gain":0.0,"event_name":"Forgotten Altar","player_choice":"Shed Blood","floor":19.0,"gold_loss":0.0,"damage_taken":26.0},{"damage_healed":0.0,"max_hp_gain":0.0,"max_hp_loss":0.0,"gold_gain":0.0,"event_name":"Masked Bandits","player_choice":"Paid Fearfully","floor":22.0,"gold_loss":109.0,"damage_taken":0.0}],"is_beta":false,"boss_relics":[{"not_picked":["Philosopher\u0027s Stone","Mark of Pain"],"picked":"Snecko Eye"}],"items_purged_floors":[4,21],"is_endless":false,"potions_floor_spawned":[8,11,20,24],"killed_by":"Shelled Parasite and Fungi","ascension_level":18}