{"gold_per_floor":[112,126,143,143,143,168,168,187,187,147],"floor_reached":10,"playtime":169,"items_purged":[],"score":126,"play_id":"e4697ea6-ec65-43c2-83a8-e81f30a34ad6","local_time":"20190403181130","is_ascension_mode":true,"campfire_choices":[{"data":"Die Die Die","floor":7,"key":"SMITH"}],"neow_cost":"NONE","seed_source_timestamp":524298496151281,"circlet_count":0,"master_deck":["AscendersBane","Defend_G","Defend_G","Defend_G","Defend_G","Defend_G","Strike_G","Strike_G","Strike_G","Strike_G","Strike_G","Survivor","Neutralize","Crippling Poison","Crippling Poison","Parasite","Die Die Die+1","Backflip"],"relics":["Ring of the Snake","NeowsBlessing","Smiling Mask","Matryoshka","PreservedInsect","Art of War"],"potions_floor_usage":[],"damage_taken":[{"damage":0,"enemies":"Cultist","floor":1,"turns":1},{"damage":0,"enemies":"Jaw Worm","floor":2,"turns":1},{"damage":0,"enemies":"Small Slimes","floor":3,"turns":1},{"damage":49,"enemies":"Gremlin Nob","floor":6,"turns":6},{"damage":4,"enemies":"Exordium Thugs","floor":8,"turns":4},{"damage":3,"enemies":"Looter","floor":10,"turns":2}],"seed_played":"492276595410497980","potions_obtained":[{"floor":3,"key":"SkillPotion"}],"is_trial":false,"path_per_floor":["M","M","M","?","?","E","R","M","T","M"],"character_chosen":"THE_SILENT","items_purchased":[],"campfire_rested":0,"item_purchase_floors":[],"current_hp_per_floor":[59,59,59,54,54,5,5,1,1,0],"gold":147,"neow_bonus":"THREE_ENEMY_KILL","is_prod":false,"is_daily":false,"chose_seed":false,"campfire_upgraded":1,"win_rate":0,"timestamp":1554282690,"path_taken":["M","M","?","?","?","E","R","?","T","M"],"build_version":"2019-01-23","purchased_purges":0,"victory":false,"max_hp_per_floor":[66,66,66,66,66,66,66,66,66,66],"card_choices":[{"not_picked":["Sucker Punch","Outmaneuver","All Out Attack"],"picked":"SKIP","floor":1},{"not_picked":["Blade Dance","Prepared"],"picked":"Crippling Poison","floor":2},{"not_picked":["Sucker Punch","Deflect"],"picked":"Crippling Poison","floor":3},{"not_picked":["Distraction","Outmaneuver"],"picked":"Backflip","floor":6},{"not_picked":["Flying Knee","Crippling Poison","PiercingWail"],"picked":"SKIP","floor":8}],"player_experience":672026,"relics_obtained":[{"floor":6,"key":"Matryoshka"},{"floor":9,"key":"PreservedInsect"},{"floor":9,"key":"Art of War"}],"event_choices":[{"damage_healed":0,"gold_gain":0,"player_choice":"Success","damage_taken":5,"relics_obtained":["Smiling Mask"],"max_hp_gain":0,"max_hp_loss":0,"event_name":"Scrap Ooze","floor":4,"gold_loss":0},{"damage_healed":0,"gold_gain":0,"player_choice":"2 cards matched","damage_taken":0,"max_hp_gain":0,"max_hp_loss":0,"event_name":"Match and Keep!","floor":5,"gold_loss":0,"cards_obtained":["Parasite","Die Die Die"]}],"is_beta":false,"boss_relics":[],"items_purged_floors":[],"is_endless":false,"potions_floor_spawned":[3],"killed_by":"Looter","ascension_level":17}