{"gold_per_floor":[112,187,58,58,58,58,91,105,105,105,138,138,138,157,157,286,286,307,325,325,245,344,377,377,377,425,425,425,468,492,511,511,630,693,714,739,763,778,586,624,655,132,158,177,177,177,0,23,23,23],"floor_reached":51,"playtime":2209,"items_purged":["Defend_B","Strike_B","Dualcast","Defend_B"],"score":1197,"play_id":"ca4469dd-c1f5-4505-ab8d-9bdc1c47e45f","local_time":"20190415093432","is_ascension_mode":true,"campfire_choices":[{"floor":6,"key":"REST"},{"data":"Gash","floor":10,"key":"SMITH"},{"data":"Zap","floor":13,"key":"SMITH"},{"data":"Gash","floor":15,"key":"SMITH"},{"floor":24,"key":"REST"},{"floor":27,"key":"REST"},{"floor":32,"key":"REST"},{"floor":45,"key":"REST"},{"floor":49,"key":"REST"}],"neow_cost":"NONE","seed_source_timestamp":481389094514211,"circlet_count":0,"master_deck":["AscendersBane","Strike_B+1","Strike_B+1","Defend_B+1","Defend_B+1","Zap+1","Chill","Conserve Battery","Coolheaded+1","Gash+1","Gash+1","Machine Learning","FTL+1","Hologram+1","Gash","Coolheaded+1","Scrape+1","Gash","Hologram+1","Coolheaded+1","Gash+1","Coolheaded+1","Leap+1","Coolheaded+1","Coolheaded+1","Auto Shields+1"],"relics":["Cracked Core","NeowsBlessing","Golden Idol","Toxic Egg 2","The Courier","Mango","CultistMask","Fusion Hammer","Regal Pillow","Whetstone","MutagenicStrength","Bottled Lightning","Tiny House","MawBank","Mercury Hourglass","Pear","Pen Nib","Red Mask"],"potions_floor_usage":[11,23,33,33,44,50,50],"damage_taken":[{"damage":0,"enemies":"Jaw Worm","floor":1,"turns":1},{"damage":0,"enemies":"Lagavulin","floor":7,"turns":1},{"damage":0,"enemies":"Small Slimes","floor":8,"turns":1},{"damage":24,"enemies":"Gremlin Nob","floor":11,"turns":5},{"damage":0,"enemies":"Cultist","floor":14,"turns":4},{"damage":25,"enemies":"Hexaghost","floor":16,"turns":12},{"damage":26,"enemies":"3 Byrds","floor":18,"turns":6},{"damage":13,"enemies":"Spheric Guardian","floor":19,"turns":4},{"damage":23,"enemies":"Gremlin Leader","floor":23,"turns":7},{"damage":7,"enemies":"Book of Stabbing","floor":29,"turns":5},{"damage":2,"enemies":"Snecko","floor":30,"turns":4},{"damage":20,"enemies":"Shelled Parasite and Fungi","floor":31,"turns":3},{"damage":21,"enemies":"Collector","floor":33,"turns":5},{"damage":0,"enemies":"Orb Walker","floor":35,"turns":3},{"damage":17,"enemies":"3 Darklings","floor":36,"turns":4},{"damage":16,"enemies":"Maw","floor":37,"turns":5},{"damage":0,"enemies":"Transient","floor":38,"turns":5},{"damage":45,"enemies":"Nemesis","floor":40,"turns":5},{"damage":8,"enemies":"4 Shapes","floor":41,"turns":4},{"damage":3,"enemies":"3 Darklings","floor":44,"turns":3},{"damage":0,"enemies":"Jaw Worm Horde","floor":48,"turns":3},{"damage":26,"enemies":"Donu and Deca","floor":50,"turns":8}],"seed_played":"7207589302235458419","potions_obtained":[{"floor":8,"key":"Block Potion"},{"floor":11,"key":"PowerPotion"},{"floor":14,"key":"FocusPotion"},{"floor":23,"key":"PowerPotion"},{"floor":29,"key":"SteroidPotion"},{"floor":33,"key":"Strength Potion"},{"floor":36,"key":"GamblersBrew"},{"floor":44,"key":"Fire Potion"}],"is_trial":false,"path_per_floor":["M","?","$","?","?","R","E","M","T","R","E","?","R","M","R","B",null,"M","M","?","$","?","E","R","?","T","R","?","E","M","M","R","B",null,"M","M","M","M","$","E","M","$","T","M","R","?","?","M","R","B",null],"character_chosen":"DEFECT","items_purchased":["Conserve Battery","Coolheaded+1","Leap+1","Coolheaded+1","Mercury Hourglass","Pear"],"campfire_rested":6,"item_purchase_floors":[3,39,39,39,42,42],"current_hp_per_floor":[68,57,57,39,24,46,46,46,46,46,36,36,36,36,36,11,70,44,31,31,31,31,8,49,49,49,89,89,82,80,60,89,68,89,89,72,56,56,56,11,3,13,13,10,56,56,56,56,99,73],"gold":23,"neow_bonus":"THREE_ENEMY_KILL","is_prod":false,"is_daily":false,"chose_seed":false,"campfire_upgraded":3,"win_rate":0,"timestamp":1555331672,"path_taken":["M","?","$","?","?","R","E","M","T","R","E","?","R","?","R","BOSS","M","M","?","$","?","E","R","?","T","R","?","E","M","?","R","BOSS","M","M","M","M","$","E","M","$","T","M","R","?","?","?","R","BOSS"],"build_version":"2019-01-23","purchased_purges":4,"victory":true,"max_hp_per_floor":[75,75,75,75,75,75,75,75,75,75,89,89,89,89,89,89,89,89,89,89,89,89,89,89,89,89,89,89,89,89,89,89,89,94,94,94,94,94,94,94,94,104,104,104,104,99,99,99,99,99],"card_choices":[{"not_picked":["Rebound","Streamline"],"picked":"Chill","floor":1},{"not_picked":["Force Field","Undo"],"picked":"Coolheaded","floor":7},{"not_picked":["Melter","Conserve Battery+1"],"picked":"Gash","floor":8},{"not_picked":["Fusion+1","Stack+1","Aggregate+1"],"picked":"SKIP","floor":11},{"not_picked":["FTL","Compile Driver"],"picked":"Gash","floor":14},{"not_picked":["Creative AI","Seek+1"],"picked":"Machine Learning","floor":16},{"not_picked":["Consume+1","Go for the Eyes"],"picked":"FTL","floor":18},{"not_picked":["Steam+1","Steam Power+1"],"picked":"Hologram+1","floor":19},{"not_picked":["Compile Driver","Lockon+1"],"picked":"Coolheaded+1","floor":23},{"not_picked":["Fusion+1","Rainbow+1"],"picked":"Scrape+1","floor":29},{"not_picked":["Compile Driver","Sweeping Beam+1"],"picked":"Gash","floor":30},{"not_picked":["Steam+1","Loop"],"picked":"Hologram+1","floor":31},{"not_picked":["Force Field+1","Beam Cell"],"picked":"Coolheaded+1","floor":34},{"not_picked":["Sweeping Beam+1","Redo+1","Storm"],"picked":"SKIP","floor":35},{"not_picked":["Sunder","Coolheaded+1"],"picked":"Gash+1","floor":36},{"not_picked":["Cold Snap+1","Static Discharge","Consume+1"],"picked":"SKIP","floor":37},{"not_picked":["Genetic Algorithm+1","Storm+1","Barrage+1"],"picked":"SKIP","floor":38},{"not_picked":["Force Field+1","Hologram+1"],"picked":"Coolheaded+1","floor":40},{"not_picked":["Loop+1","Echo Form"],"picked":"Auto Shields+1","floor":41},{"not_picked":["Rebound","Aggregate+1","Streamline+1"],"picked":"SKIP","floor":44},{"not_picked":["Beam Cell+1","Self Repair","Leap+1"],"picked":"SKIP","floor":48}],"player_experience":202793,"relics_obtained":[{"floor":7,"key":"Toxic Egg 2"},{"floor":9,"key":"The Courier"},{"floor":11,"key":"Mango"},{"floor":23,"key":"Regal Pillow"},{"floor":26,"key":"Whetstone"},{"floor":29,"key":"Bottled Lightning"},{"floor":40,"key":"MawBank"},{"floor":43,"key":"Pen Nib"}],"event_choices":[{"damage_healed":0,"gold_gain":75,"player_choice":"Gather Gold","damage_taken":11,"max_hp_gain":0,"max_hp_loss":0,"event_name":"World of Goop","floor":2,"gold_loss":0},{"damage_healed":0,"gold_gain":0,"player_choice":"Take Damage","damage_taken":18,"relics_obtained":["Golden Idol"],"max_hp_gain":0,"max_hp_loss":0,"event_name":"Golden Idol","floor":4,"gold_loss":0},{"damage_healed":0,"gold_gain":0,"player_choice":"Entered Light","damage_taken":15,"max_hp_gain":0,"max_hp_loss":0,"event_name":"Shining Light","floor":5,"gold_loss":0,"cards_upgraded":["Defend_B","Defend_B"]},{"damage_healed":0,"gold_gain":0,"player_choice":"Trade","damage_taken":0,"relics_obtained":["CultistMask"],"max_hp_gain":0,"max_hp_loss":0,"event_name":"FaceTrader","floor":12,"gold_loss":0},{"damage_healed":0,"gold_gain":0,"player_choice":"Read","damage_taken":0,"max_hp_gain":0,"max_hp_loss":0,"event_name":"The Library","floor":20,"gold_loss":0,"cards_obtained":["Gash"]},{"damage_healed":0,"gold_gain":99,"player_choice":"Stole From Cult","damage_taken":0,"max_hp_gain":0,"max_hp_loss":0,"event_name":"Nest","floor":22,"gold_loss":0},{"cards_removed":["Strike_B"],"damage_healed":0,"gold_gain":0,"player_choice":"Elegance","damage_taken":0,"max_hp_gain":0,"max_hp_loss":0,"event_name":"Back to Basics","floor":25,"gold_loss":0},{"damage_healed":0,"gold_gain":0,"player_choice":"Inject Mutagens","damage_taken":0,"relics_obtained":["MutagenicStrength"],"max_hp_gain":0,"max_hp_loss":0,"event_name":"Drug Dealer","floor":28,"gold_loss":0},{"damage_healed":0,"gold_gain":0,"player_choice":"Max HP","damage_taken":0,"max_hp_gain":0,"max_hp_loss":5,"event_name":"Winding Halls","floor":46,"gold_loss":0},{"damage_healed":0,"gold_gain":0,"player_choice":"Paid","damage_taken":0,"relics_obtained":["Red Mask"],"max_hp_gain":0,"max_hp_loss":0,"event_name":"Tomb of Lord Red Mask","floor":47,"gold_loss":177}],"is_beta":false,"boss_relics":[{"not_picked":["FrozenCore","Runic Dome"],"picked":"Fusion Hammer"},{"not_picked":["Cursed Key","Black Star"],"picked":"Tiny House"}],"items_purged_floors":[3,21,39,42],"is_endless":false,"potions_floor_spawned":[8,11,14,23,29,30,33,36,37,44,48],"ascension_level":10}