{"gold_per_floor":[114,114,137,68,243,243,278,278,278,304,322,272,291,310,310,413,413,426,525,525,537,207,207,222,222,222,235,59,71,86,105,105,209,209,227,113,132,148,248,248,248,274,301,314,19,19,38,50,50,50],"floor_reached":51,"playtime":3412,"items_purged":["Strike_B","Strike_B","Defend_B"],"score":1057,"play_id":"037ef747-e615-4806-bc68-275da3198a57","local_time":"20190412131015","is_ascension_mode":true,"campfire_choices":[{"data":"Defragment","floor":6.0,"key":"SMITH"},{"data":"Zap","floor":8.0,"key":"SMITH"},{"data":"Coolheaded","floor":15.0,"key":"SMITH"},{"data":"Coolheaded","floor":23.0,"key":"SMITH"},{"data":"Dualcast","floor":25.0,"key":"SMITH"},{"floor":32.0,"key":"REST"},{"data":"White Noise","floor":40.0,"key":"SMITH"},{"data":"Reinforced Body","floor":46.0,"key":"SMITH"},{"data":"Leap","floor":49,"key":"SMITH"}],"neow_cost":"NONE","seed_source_timestamp":6403814522564,"circlet_count":0,"master_deck":["AscendersBane","Strike_B","Defend_B","Defend_B","Defend_B","Zap+1","Dualcast+1","BootSequence","Leap+1","Defragment+1","Doubt","Cold Snap","Core Surge","Coolheaded+1","Core Surge","Doom and Gloom","Coolheaded+1","Go for the Eyes+1","Self Repair","Blizzard+1","Hologram+1","Seek","Multi-Cast","Conserve Battery+1","White Noise+1","Self Repair","Redo+1","Barrage+1","Recycle+1","Reinforced Body+1","Ball Lightning"],"special_seed":0,"relics":["Cracked Core","NeowsBlessing","MawBank","Incense Burner","PreservedInsect","Bronze Scales","Sozu","Meat on the Bone","Gambling Chip","Inserter","Unceasing Top","Turnip","Ancient Tea Set","Happy Flower"],"potions_floor_usage":[50,50],"damage_taken":[{"damage":0.0,"enemies":"Jaw Worm","floor":1.0,"turns":1.0},{"damage":0.0,"enemies":"Small Slimes","floor":3.0,"turns":1.0},{"damage":0.0,"enemies":"Lagavulin","floor":7.0,"turns":1.0},{"damage":18.0,"enemies":"3 Sentries","floor":10.0,"turns":7.0},{"damage":1.0,"enemies":"Cultist","floor":11.0,"turns":4.0},{"damage":0.0,"enemies":"3 Louse","floor":13.0,"turns":2.0},{"damage":12.0,"enemies":"Gremlin Gang","floor":14.0,"turns":4.0},{"damage":28.0,"enemies":"The Guardian","floor":16.0,"turns":13.0},{"damage":4.0,"enemies":"Spheric Guardian","floor":18.0,"turns":4.0},{"damage":0.0,"enemies":"3 Byrds","floor":21.0,"turns":4.0},{"damage":10.0,"enemies":"Shelled Parasite and Fungi","floor":24.0,"turns":5.0},{"damage":8.0,"enemies":"Snake Plant","floor":27.0,"turns":4.0},{"damage":18.0,"enemies":"Centurion and Healer","floor":29.0,"turns":7.0},{"damage":11.0,"enemies":"Sentry and Sphere","floor":30.0,"turns":4.0},{"damage":10.0,"enemies":"Snecko","floor":31.0,"turns":5.0},{"damage":19.0,"enemies":"Champ","floor":33.0,"turns":16.0},{"damage":17.0,"enemies":"Orb Walker","floor":35.0,"turns":4.0},{"damage":35.0,"enemies":"3 Darklings","floor":37.0,"turns":7.0},{"damage":37.0,"enemies":"Sphere and 2 Shapes","floor":38.0,"turns":6.0},{"damage":0.0,"enemies":"Mind Bloom Boss Battle","floor":39.0,"turns":8.0},{"damage":9.0,"enemies":"Giant Head","floor":42.0,"turns":10.0},{"damage":37.0,"enemies":"Jaw Worm Horde","floor":44.0,"turns":7.0},{"damage":3.0,"enemies":"Writhing Mass","floor":47.0,"turns":7.0},{"damage":14,"enemies":"Transient","floor":48,"turns":5},{"damage":47,"enemies":"Awakened One","floor":50,"turns":14}],"seed_played":"-3579235213483259951","potions_obtained":[{"floor":1.0,"key":"Dexterity Potion"},{"floor":10.0,"key":"FocusPotion"}],"is_trial":false,"path_per_floor":["M","?","M","$","?","R","E","R","T","E","M","?","M","M","R","B",null,"M","?","?","M","$","R","M","R","T","M","$","M","M","M","R","B",null,"M","$","M","M","?","R","?","E","T","M","$","R","M","M","R","B",null],"character_chosen":"DEFECT","items_purchased":["Defragment","Meat on the Bone","Self Repair","White Noise","Self Repair","Ball Lightning","Happy Flower"],"campfire_rested":1,"item_purchase_floors":[4,22,28,36,36,45,45],"current_hp_per_floor":[68,65,65,65,65,65,65,65,65,47,46,46,46,34,34,6,58,54,54,54,54,54,54,44,44,44,48,48,49,45,47,69,57,71,61,61,45,20,46,46,46,63,63,52,52,52,63,63,63,35],"gold":50,"neow_bonus":"THREE_ENEMY_KILL","is_prod":false,"is_daily":false,"chose_seed":false,"campfire_upgraded":8,"win_rate":0,"timestamp":1555042215,"path_taken":["M","?","M","$","?","R","E","R","T","E","M","?","M","M","R","BOSS","M","?","?","M","$","R","M","R","T","M","$","M","M","M","R","BOSS","M","$","M","M","?","R","?","E","T","M","$","R","M","M","R","BOSS"],"build_version":"2019-01-23","purchased_purges":3,"victory":true,"max_hp_per_floor":[75,75,75,75,75,75,75,75,75,75,75,75,75,75,75,75,75,75,75,75,75,75,75,75,75,75,75,75,75,75,75,75,75,75,75,75,75,75,75,75,75,75,75,75,75,75,75,75,75,75],"card_choices":[{"not_picked":["Redo","Go for the Eyes"],"picked":"BootSequence","floor":1.0},{"not_picked":["Streamline","Beam Cell"],"picked":"Leap","floor":3.0},{"not_picked":["Conserve Battery","Hologram"],"picked":"Cold Snap","floor":7.0},{"not_picked":["Heatsinks","White Noise"],"picked":"Core Surge","floor":10.0},{"not_picked":["Barrage","Redo","Hologram"],"picked":"SKIP","floor":11.0},{"not_picked":["Heatsinks","Hologram","Beam Cell"],"picked":"SKIP","floor":13.0},{"not_picked":["Beam Cell","Chill"],"picked":"Coolheaded","floor":14.0},{"not_picked":["Reboot","Fission"],"picked":"Core Surge","floor":16.0},{"not_picked":["Fusion","Auto Shields"],"picked":"Doom and Gloom","floor":18.0},{"not_picked":["Streamline+1","Force Field"],"picked":"Coolheaded","floor":21.0},{"not_picked":["Stack","Aggregate","Turbo"],"picked":"SKIP","floor":24.0},{"not_picked":["Beam Cell","Stack"],"picked":"Go for the Eyes+1","floor":27.0},{"not_picked":["Turbo","Compile Driver"],"picked":"Blizzard+1","floor":29.0},{"not_picked":["Sweeping Beam","Gash"],"picked":"Hologram+1","floor":30.0},{"not_picked":["Reprogram","Rip and Tear"],"picked":"Seek","floor":31.0},{"not_picked":["Machine Learning","Reboot"],"picked":"Multi-Cast","floor":33.0},{"not_picked":["Beam Cell","Sweeping Beam+1"],"picked":"Conserve Battery+1","floor":35.0},{"not_picked":["Beam Cell+1","Capacitor+1"],"picked":"Redo+1","floor":37.0},{"not_picked":["Genetic Algorithm","Conserve Battery+1"],"picked":"Barrage","floor":38.0},{"not_picked":["Lockon+1","FTL"],"picked":"Recycle+1","floor":39.0},{"not_picked":["Storm+1","Go for the Eyes+1"],"picked":"Reinforced Body","floor":42.0},{"not_picked":["Streamline","Fission","Steam+1"],"picked":"SKIP","floor":44.0},{"not_picked":["Sunder+1","Conserve Battery","Gash+1"],"picked":"SKIP","floor":47.0},{"not_picked":["Loop+1","Hologram+1","Cold Snap"],"picked":"SKIP","floor":48}],"player_experience":550779,"relics_obtained":[{"floor":7.0,"key":"Incense Burner"},{"floor":9.0,"key":"PreservedInsect"},{"floor":10.0,"key":"Bronze Scales"},{"floor":26.0,"key":"Gambling Chip"},{"floor":39.0,"key":"Unceasing Top"},{"floor":42.0,"key":"Turnip"},{"floor":43.0,"key":"Ancient Tea Set"}],"event_choices":[{"damage_healed":0.0,"max_hp_gain":0.0,"max_hp_loss":0.0,"gold_gain":0.0,"event_name":"Scrap Ooze","player_choice":"Success","floor":2.0,"gold_loss":0.0,"damage_taken":3.0,"relics_obtained":["MawBank"]},{"damage_healed":0.0,"max_hp_gain":0.0,"max_hp_loss":0.0,"gold_gain":175.0,"event_name":"Liars Game","player_choice":"AGREE","floor":5.0,"gold_loss":0.0,"damage_taken":0.0,"cards_obtained":["Doubt"]},{"cards_removed":["Strike_B"],"damage_healed":0.0,"max_hp_gain":0.0,"max_hp_loss":0.0,"gold_gain":0.0,"event_name":"The Cleric","player_choice":"Card Removal","floor":12.0,"gold_loss":50.0,"damage_taken":0.0},{"damage_healed":0.0,"max_hp_gain":0.0,"max_hp_loss":0.0,"gold_gain":99.0,"event_name":"Nest","player_choice":"Stole From Cult","floor":19.0,"gold_loss":0.0,"damage_taken":0.0},{"damage_healed":0.0,"max_hp_gain":0.0,"max_hp_loss":0.0,"gold_gain":0.0,"event_name":"Vampires","player_choice":"Ignored","floor":20.0,"gold_loss":0.0,"damage_taken":0.0},{"damage_healed":0.0,"max_hp_gain":0.0,"max_hp_loss":0.0,"gold_gain":0.0,"event_name":"MindBloom","player_choice":"Fight","floor":39.0,"gold_loss":0.0,"damage_taken":0.0},{"damage_healed":0.0,"max_hp_gain":0.0,"max_hp_loss":0.0,"gold_gain":0.0,"event_name":"Upgrade Shrine","player_choice":"Upgraded","floor":41.0,"gold_loss":0.0,"damage_taken":0.0,"cards_upgraded":["Barrage"]}],"is_beta":false,"boss_relics":[{"not_picked":["FrozenCore","Orrery"],"picked":"Sozu"},{"not_picked":["White Beast Statue","Astrolabe"],"picked":"Inserter"}],"items_purged_floors":[22,28,45],"is_endless":false,"potions_floor_spawned":[1,10,13,14,24,27,29,31,37,39,47,48],"ascension_level":11}