{"gold_per_floor":[17,28,28,43,57,88,88,121,133,70,70,70,70,88,88,88],"floor_reached":16,"playtime":652,"items_purged":["Decay"],"score":220,"play_id":"fc081717-1171-4376-9d76-1d6afd552b3f","local_time":"20190413111628","is_ascension_mode":true,"campfire_choices":[{"floor":7.0,"key":"REST"},{"data":"True Grit","floor":11.0,"key":"SMITH"},{"data":"Metallicize","floor":13.0,"key":"SMITH"},{"floor":15,"key":"REST"}],"neow_cost":"NO_GOLD","seed_source_timestamp":44165361783200,"circlet_count":0,"master_deck":["AscendersBane","Strike_R","Strike_R","Strike_R","Strike_R","Defend_R","Defend_R","Defend_R","Bash","Headbutt","Pommel Strike+1","True Grit+1","Pommel Strike","Metallicize+1","Reaper+1","Disarm"],"special_seed":0,"relics":["Burning Blood","Juzu Bracelet","MawBank","Whetstone"],"potions_floor_usage":[14,14],"damage_taken":[{"damage":4.0,"enemies":"Jaw Worm","floor":1.0,"turns":5.0},{"damage":2.0,"enemies":"Cultist","floor":2.0,"turns":4.0},{"damage":7.0,"enemies":"Small Slimes","floor":4.0,"turns":3.0},{"damage":17.0,"enemies":"2 Fungi Beasts","floor":5.0,"turns":4.0},{"damage":37.0,"enemies":"3 Sentries","floor":6.0,"turns":9.0},{"damage":49.0,"enemies":"Gremlin Nob","floor":8.0,"turns":5.0},{"damage":15,"enemies":"Blue Slaver","floor":14,"turns":3},{"damage":37,"enemies":"Hexaghost","floor":16,"turns":10}],"seed_played":"1172306338084517790","potions_obtained":[{"floor":4.0,"key":"Dexterity Potion"},{"floor":5.0,"key":"AttackPotion"},{"floor":8.0,"key":"FearPotion"}],"is_trial":false,"path_per_floor":["M","M","?","M","M","E","R","E","T","$","R","?","R","M","R","B"],"character_chosen":"IRONCLAD","items_purchased":[],"campfire_rested":2,"item_purchase_floors":[],"current_hp_per_floor":[70,74,74,73,62,31,53,10,10,10,10,10,10,8,30,0],"gold":88,"neow_bonus":"REMOVE_TWO","is_prod":false,"is_daily":false,"chose_seed":false,"campfire_upgraded":2,"win_rate":0,"timestamp":1555168588,"path_taken":["M","M","?","M","M","E","R","E","T","?","R","?","R","M","R","BOSS"],"build_version":"2019-01-23","purchased_purges":1,"victory":false,"max_hp_per_floor":[75,75,75,75,75,75,75,75,75,75,75,75,75,75,75,75],"card_choices":[{"not_picked":["Sentinel","Hemokinesis"],"picked":"Headbutt","floor":1.0},{"not_picked":["Metallicize","Sever Soul"],"picked":"Pommel Strike","floor":2.0},{"not_picked":["Cleave","Sever Soul"],"picked":"True Grit","floor":4.0},{"not_picked":["Twin Strike","Combust"],"picked":"Pommel Strike","floor":5.0},{"not_picked":["Armaments","Inflame"],"picked":"Metallicize","floor":6.0},{"not_picked":["Disarm","Combust"],"picked":"Reaper","floor":8.0},{"not_picked":["Corruption","Sword Boomerang"],"picked":"Disarm","floor":14}],"player_experience":304371,"relics_obtained":[{"floor":6.0,"key":"Juzu Bracelet"},{"floor":8.0,"key":"MawBank"},{"floor":9.0,"key":"Whetstone"}],"event_choices":[{"damage_healed":0.0,"max_hp_gain":0.0,"max_hp_loss":0.0,"gold_gain":0.0,"event_name":"Wheel of Change","player_choice":"Cursed","floor":3.0,"gold_loss":0.0,"damage_taken":0.0,"cards_obtained":["Decay"]},{"damage_healed":0.0,"max_hp_gain":0.0,"max_hp_loss":0.0,"gold_gain":0.0,"event_name":"Liars Game","player_choice":"Ignored","floor":12.0,"gold_loss":0.0,"damage_taken":0.0}],"is_beta":false,"boss_relics":[],"items_purged_floors":[10],"is_endless":false,"potions_floor_spawned":[4,5,8],"killed_by":"Hexaghost","ascension_level":20}