{"gold_per_floor":[109,31,206,156,174,174,187,213,240,240,240,240,254,254],"floor_reached":14,"playtime":510,"items_purged":[],"score":138,"play_id":"a92119f5-81d4-42ae-9d35-5265fbf934e5","local_time":"20190313120258","is_ascension_mode":false,"campfire_choices":[{"data":"Body Slam","floor":6.0,"key":"SMITH"},{"data":"Dark Embrace","floor":12.0,"key":"SMITH"}],"neow_cost":"NONE","seed_source_timestamp":2388200650612635,"circlet_count":0,"master_deck":["Strike_R","Strike_R","Defend_R","Defend_R","Defend_R","Bash","Barricade+1","Feed+1","Havoc+1","Battle Trance","Body Slam+1","Shrug It Off","Doubt","Shrug It Off","Armaments","Evolve","Dark Embrace+1"],"special_seed":0,"relics":["Astrolabe","Dream Catcher"],"potions_floor_usage":[],"damage_taken":[{"damage":6.0,"enemies":"Jaw Worm","floor":1.0,"turns":3.0},{"damage":7.0,"enemies":"Small Slimes","floor":5.0,"turns":4.0},{"damage":0.0,"enemies":"Cultist","floor":7.0,"turns":4.0},{"damage":0.0,"enemies":"Lagavulin","floor":8.0,"turns":8.0},{"damage":2.0,"enemies":"Blue Slaver","floor":13.0,"turns":4.0},{"damage":0,"enemies":"2 Fungi Beasts","floor":14,"turns":1}],"seed_played":"2772565273791995851","potions_obtained":[{"floor":1.0,"key":"Explosive Potion"},{"floor":13.0,"key":"SkillPotion"}],"is_trial":false,"path_per_floor":["M","$","?","$","M","R","M","E","T","?","?","R","M","M"],"character_chosen":"IRONCLAD","items_purchased":["Body Slam","Shrug It Off","Shrug It Off"],"campfire_rested":0,"item_purchase_floors":[2,2,4],"current_hp_per_floor":[78,78,78,78,75,75,75,79,79,84,84,84,82,82],"gold":254,"neow_bonus":"BOSS_RELIC","is_prod":false,"is_daily":false,"chose_seed":false,"campfire_upgraded":2,"win_rate":0,"timestamp":1552446178,"path_taken":["M","$","?","$","M","R","M","E","T","?","?","R","?","M"],"build_version":"2019-01-23","purchased_purges":0,"victory":false,"max_hp_per_floor":[84,84,84,84,88,88,88,92,92,97,97,97,97,97],"card_choices":[{"not_picked":["Pommel Strike","Cleave"],"picked":"Battle Trance","floor":1.0},{"not_picked":["Heavy Blade","Rage"],"picked":"Armaments","floor":5.0},{"not_picked":["Body Slam","Rage"],"picked":"Evolve","floor":7.0},{"not_picked":["Iron Wave","Cleave"],"picked":"Dark Embrace","floor":8.0},{"not_picked":["Sever Soul","Pummel","Flex"],"picked":"SKIP","floor":13.0}],"player_experience":347378,"relics_obtained":[{"floor":8.0,"key":"Dream Catcher"}],"event_choices":[{"damage_healed":0.0,"max_hp_gain":0.0,"max_hp_loss":0.0,"gold_gain":175.0,"event_name":"Liars Game","player_choice":"AGREE","floor":3.0,"gold_loss":0.0,"damage_taken":0.0,"cards_obtained":["Doubt"]},{"damage_healed":0.0,"max_hp_gain":5.0,"max_hp_loss":0.0,"gold_gain":0.0,"event_name":"Big Fish","player_choice":"Donut","floor":10.0,"gold_loss":0.0,"damage_taken":0.0},{"cards_removed":["Strike_R"],"damage_healed":0.0,"max_hp_gain":0.0,"max_hp_loss":0.0,"gold_gain":0.0,"event_name":"Purifier","player_choice":"Purged","floor":11.0,"gold_loss":0.0,"damage_taken":0.0}],"is_beta":false,"boss_relics":[],"items_purged_floors":[],"is_endless":false,"potions_floor_spawned":[1,13],"killed_by":"2 Fungi Beasts","ascension_level":0}