{"gold_per_floor":[117,135,148,148,160,160,115,149,149,149,149,177,177,190,190,288,288,303,276,296,307,327,327,342,342,342,342,367,161,161,175,175,273,273,288,388,388,388,64,64,64,75,75,92,107,182,182,1,1,1],"floor_reached":51,"playtime":3380,"items_purged":["Normality"],"score":1061,"play_id":"76f3577d-05aa-4adb-b243-fb37948b5f8d","local_time":"20190415010655","is_ascension_mode":true,"campfire_choices":[{"data":"Flame Barrier","floor":6.0,"key":"SMITH"},{"data":"Spot Weakness","floor":10.0,"key":"SMITH"},{"data":"Bludgeon","floor":15.0,"key":"SMITH"},{"floor":23.0,"key":"REST"},{"floor":27.0,"key":"REST"},{"floor":32.0,"key":"REST"},{"data":"Body Slam","floor":40.0,"key":"SMITH"},{"data":"Limit Break","floor":41.0,"key":"SMITH"},{"floor":47.0,"key":"REST"},{"floor":49.0,"key":"REST"}],"neow_cost":"TEN_PERCENT_HP_LOSS","seed_source_timestamp":368648171705500,"circlet_count":0,"master_deck":["AscendersBane","Strike_R","Strike_R","Strike_R","Strike_R","Strike_R","Defend_R","Defend_R","Defend_R","Defend_R","Bash+1","Shrug It Off+1","Flame Barrier+1","Shrug It Off+1","Spot Weakness+1","Ghostly Armor","Cleave","Bludgeon+1","Iron Wave","Demon Form","Carnage","Uppercut","Iron Wave+1","Pommel Strike","Thunderclap","Body Slam+1","Flame Barrier+1","Flame Barrier","Limit Break+1","Flame Barrier+1","Parasite","Armaments+1","Barricade","Rage"],"special_seed":0,"relics":["Burning Blood","Unceasing Top","Champion Belt","Ice Cream","Nunchaku","WingedGreaves","Philosopher\u0027s Stone","Enchiridion","Ornamental Fan","Omamori","Medical Kit","Calling Bell","Paper Frog","Blood Vial","Mango","Turnip","Membership Card","Vajra","Bottled Lightning","Red Skull"],"potions_floor_usage":[50,50],"damage_taken":[{"damage":10.0,"enemies":"Small Slimes","floor":1.0,"turns":6.0},{"damage":6.0,"enemies":"Jaw Worm","floor":2.0,"turns":6.0},{"damage":7.0,"enemies":"Cultist","floor":3.0,"turns":5.0},{"damage":4.0,"enemies":"Blue Slaver","floor":5.0,"turns":5.0},{"damage":1.0,"enemies":"Looter","floor":7.0,"turns":5.0},{"damage":19.0,"enemies":"3 Sentries","floor":8.0,"turns":11.0},{"damage":22.0,"enemies":"Lagavulin","floor":12.0,"turns":8.0},{"damage":0.0,"enemies":"Red Slaver","floor":14.0,"turns":2.0},{"damage":20.0,"enemies":"Hexaghost","floor":16.0,"turns":10.0},{"damage":0.0,"enemies":"Chosen","floor":18.0,"turns":3.0},{"damage":14.0,"enemies":"2 Thieves","floor":19.0,"turns":5.0},{"damage":2.0,"enemies":"Snecko","floor":20.0,"turns":4.0},{"damage":18.0,"enemies":"Centurion and Healer","floor":21.0,"turns":6.0},{"damage":22.0,"enemies":"3 Cultists","floor":22.0,"turns":6.0},{"damage":1.0,"enemies":"Snecko","floor":24.0,"turns":4.0},{"damage":31.0,"enemies":"Book of Stabbing","floor":28.0,"turns":6.0},{"damage":16.0,"enemies":"Chosen and Byrds","floor":31.0,"turns":7.0},{"damage":47.0,"enemies":"Automaton","floor":33.0,"turns":12.0},{"damage":17.0,"enemies":"3 Shapes","floor":35.0,"turns":6.0},{"damage":6.0,"enemies":"Mind Bloom Boss Battle","floor":36.0,"turns":8.0},{"damage":13.0,"enemies":"Orb Walker","floor":42.0,"turns":4.0},{"damage":15.0,"enemies":"Writhing Mass","floor":44.0,"turns":7.0},{"damage":16.0,"enemies":"3 Darklings","floor":45.0,"turns":5.0},{"damage":70,"enemies":"Time Eater","floor":50,"turns":11}],"seed_played":"-2690944303535428535","potions_obtained":[{"floor":2.0,"key":"Fire Potion"},{"floor":3.0,"key":"Ancient Potion"},{"floor":16.0,"key":"FearPotion"},{"floor":20.0,"key":"SteroidPotion"},{"floor":21.0,"key":"Ancient Potion"},{"floor":44.0,"key":"Poison Potion"}],"is_trial":false,"path_per_floor":["M","M","M","?","M","R","M","E","T","R","?","E","T","M","R","B",null,"M","M","M","M","M","R","M","?","T","R","E","$","?","M","R","B",null,"M","?","?","?","$","R","R","M","T","M","M","?","R","$","R","B",null],"character_chosen":"IRONCLAD","items_purchased":["Medical Kit","Membership Card","Vajra","Barricade","Red Skull","Rage"],"campfire_rested":5,"item_purchase_floors":[29,39,39,48,48,48],"current_hp_per_floor":[68,68,67,53,55,55,60,47,47,47,47,31,31,37,37,23,60,66,58,62,50,34,55,60,44,44,65,40,40,40,30,51,10,71,62,64,64,64,64,64,64,59,59,52,44,36,61,61,86,22],"gold":1,"neow_bonus":"ONE_RARE_RELIC","is_prod":false,"is_daily":false,"chose_seed":false,"campfire_upgraded":5,"win_rate":0,"timestamp":1555283215,"path_taken":["M","M","M","?","M","R","M","E","T","R","?","E","?","M","R","BOSS","M","?","M","M","M","R","M","?","T","R","E","$","?","?","R","BOSS","M","?","?","?","$","R","R","M","T","M","?","?","R","$","R","BOSS"],"build_version":"2019-01-23","purchased_purges":1,"victory":true,"max_hp_per_floor":[72,72,72,72,72,72,72,72,72,72,72,72,72,72,72,72,72,72,72,72,72,72,72,72,72,72,72,72,72,72,72,72,72,86,86,86,86,86,86,86,86,86,86,86,86,86,86,86,86,86],"card_choices":[{"not_picked":["Body Slam","Pommel Strike"],"picked":"Shrug It Off","floor":1.0},{"not_picked":["Perfected Strike","Battle Trance"],"picked":"Flame Barrier","floor":2.0},{"not_picked":["Cleave","Second Wind"],"picked":"Shrug It Off","floor":3.0},{"not_picked":["Berserk","Perfected Strike"],"picked":"Spot Weakness","floor":5.0},{"not_picked":["Havoc","Infernal Blade"],"picked":"Ghostly Armor","floor":7.0},{"not_picked":["Hemokinesis","Clash"],"picked":"Cleave","floor":8.0},{"not_picked":["Metallicize","Headbutt"],"picked":"Bludgeon","floor":12.0},{"not_picked":["Carnage","Searing Blow"],"picked":"Iron Wave","floor":14.0},{"not_picked":["Brutality","Impervious"],"picked":"Demon Form","floor":16.0},{"not_picked":["Wild Strike+1","Clash"],"picked":"Carnage","floor":18.0},{"not_picked":["Anger","Feel No Pain"],"picked":"Uppercut","floor":19.0},{"not_picked":["Perfected Strike","Wild Strike"],"picked":"Iron Wave+1","floor":20.0},{"not_picked":["Havoc","Warcry"],"picked":"Pommel Strike","floor":21.0},{"not_picked":["Warcry","Perfected Strike"],"picked":"Thunderclap","floor":22.0},{"not_picked":["Exhume","Thunderclap"],"picked":"Body Slam","floor":24.0},{"not_picked":["Havoc","Dual Wield","Sentinel"],"picked":"SKIP","floor":28.0},{"not_picked":["Corruption","Heavy Blade"],"picked":"Flame Barrier","floor":31.0},{"not_picked":["Bludgeon","Fiend Fire"],"picked":"Limit Break","floor":33.0},{"not_picked":["Warcry","Evolve+1","Perfected Strike"],"picked":"SKIP","floor":35.0},{"not_picked":["Sword Boomerang+1","Thunderclap+1"],"picked":"Flame Barrier+1","floor":42.0},{"not_picked":["Pommel Strike","Feel No Pain","Perfected Strike"],"picked":"SKIP","floor":44.0},{"not_picked":["Cleave+1","Havoc"],"picked":"Armaments+1","floor":45.0}],"player_experience":658482,"relics_obtained":[{"floor":8.0,"key":"Champion Belt"},{"floor":9.0,"key":"Ice Cream"},{"floor":12.0,"key":"Nunchaku"},{"floor":13.0,"key":"WingedGreaves"},{"floor":25.0,"key":"Enchiridion"},{"floor":26.0,"key":"Ornamental Fan"},{"floor":28.0,"key":"Omamori"},{"floor":34.0,"key":"Paper Frog"},{"floor":34.0,"key":"Blood Vial"},{"floor":34.0,"key":"Mango"},{"floor":36.0,"key":"Turnip"},{"floor":43.0,"key":"Bottled Lightning"}],"event_choices":[{"damage_healed":0.0,"max_hp_gain":0.0,"max_hp_loss":0.0,"gold_gain":0.0,"event_name":"Shining Light","player_choice":"Entered Light","floor":4.0,"gold_loss":0.0,"damage_taken":14.0,"cards_upgraded":["Shrug It Off","Bash"]},{"damage_healed":0.0,"max_hp_gain":0.0,"max_hp_loss":0.0,"gold_gain":0.0,"event_name":"Living Wall","player_choice":"Grow","floor":11.0,"gold_loss":0.0,"damage_taken":0.0,"cards_upgraded":["Shrug It Off"]},{"damage_healed":0.0,"max_hp_gain":0.0,"max_hp_loss":0.0,"gold_gain":0.0,"event_name":"Cursed Tome","player_choice":"Obtained Book","floor":25.0,"gold_loss":0.0,"damage_taken":16.0},{"damage_healed":0.0,"max_hp_gain":0.0,"max_hp_loss":0.0,"gold_gain":0.0,"event_name":"Duplicator","player_choice":"Copied","floor":30.0,"gold_loss":0.0,"damage_taken":0.0,"cards_obtained":["Flame Barrier"]},{"damage_healed":0.0,"max_hp_gain":0.0,"max_hp_loss":0.0,"gold_gain":0.0,"event_name":"MindBloom","player_choice":"Fight","floor":36.0,"gold_loss":0.0,"damage_taken":0.0},{"damage_healed":0.0,"max_hp_gain":0.0,"max_hp_loss":0.0,"gold_gain":0.0,"event_name":"Tomb of Lord Red Mask","player_choice":"Ignored","floor":37.0,"gold_loss":0.0,"damage_taken":0.0},{"damage_healed":0.0,"max_hp_gain":0.0,"max_hp_loss":0.0,"gold_gain":0.0,"event_name":"The Woman in Blue","player_choice":"Bought 0 Potions","floor":38.0,"gold_loss":0.0,"damage_taken":0.0},{"damage_healed":0.0,"max_hp_gain":0.0,"max_hp_loss":0.0,"gold_gain":75.0,"event_name":"FaceTrader","player_choice":"Touch","floor":46.0,"gold_loss":0.0,"damage_taken":8.0}],"is_beta":false,"boss_relics":[{"not_picked":["Velvet Choker","Coffee Dripper"],"picked":"Philosopher\u0027s Stone"},{"not_picked":["Busted Crown","Cursed Key"],"picked":"Calling Bell"}],"items_purged_floors":[39],"is_endless":false,"potions_floor_spawned":[2,3,14,16,20,21,31,35,36,44],"ascension_level":11}