{"gold_per_floor":[11,22,22,41,58,93,107,142,167,178,178,35,35,35,35,130,130,141,158,8,21,38,38,68,68,92,125,125,153,104,120,120,120],"floor_reached":33,"playtime":2250,"items_purged":[],"score":569,"play_id":"7fac1847-5027-4e45-be2b-86d51051fa1f","local_time":"20190412125726","is_ascension_mode":true,"campfire_choices":[{"data":"Armaments","floor":11.0,"key":"SMITH"},{"data":"Iron Wave","floor":15.0,"key":"SMITH"},{"floor":23.0,"key":"REST"},{"data":"Disarm","floor":25.0,"key":"SMITH"},{"floor":32,"key":"REST"}],"neow_cost":"NO_GOLD","seed_source_timestamp":154389859137500,"circlet_count":0,"master_deck":["AscendersBane","Strike_R","Strike_R","Strike_R","Strike_R","Strike_R","Defend_R","Defend_R","Defend_R","Defend_R","Bash","Armaments+1","Iron Wave+1","Pommel Strike","Pommel Strike","Sever Soul","Shrug It Off+1","Anger+1","Bludgeon","Disarm+1","Inflame+1","Thunderclap","Twin Strike","Infernal Blade+1","Sentinel+1","Rage"],"special_seed":0,"relics":["Burning Blood","FossilizedHelix","Nunchaku","Boot","Orichalcum","Vajra","Mark of Pain","Blood Vial","Happy Flower","Pen Nib","Strawberry","Anchor"],"potions_floor_usage":[27,33],"damage_taken":[{"damage":1.0,"enemies":"2 Louse","floor":1.0,"turns":4.0},{"damage":5.0,"enemies":"Cultist","floor":2.0,"turns":4.0},{"damage":0.0,"enemies":"Small Slimes","floor":4.0,"turns":5.0},{"damage":0.0,"enemies":"2 Fungi Beasts","floor":5.0,"turns":3.0},{"damage":18.0,"enemies":"Lagavulin","floor":6.0,"turns":8.0},{"damage":6.0,"enemies":"Gremlin Gang","floor":7.0,"turns":5.0},{"damage":17.0,"enemies":"Gremlin Nob","floor":8.0,"turns":5.0},{"damage":0.0,"enemies":"Looter","floor":10.0,"turns":3.0},{"damage":0.0,"enemies":"Slime Boss","floor":16.0,"turns":9.0},{"damage":6.0,"enemies":"Chosen","floor":18.0,"turns":3.0},{"damage":11.0,"enemies":"2 Thieves","floor":19.0,"turns":4.0},{"damage":21.0,"enemies":"Centurion and Healer","floor":21.0,"turns":7.0},{"damage":6.0,"enemies":"3 Cultists","floor":22.0,"turns":5.0},{"damage":7.0,"enemies":"Slavers","floor":24.0,"turns":6.0},{"damage":27,"enemies":"Book of Stabbing","floor":27,"turns":4},{"damage":29,"enemies":"Gremlin Leader","floor":29,"turns":8},{"damage":12,"enemies":"Sentry and Sphere","floor":31,"turns":4},{"damage":72,"enemies":"Automaton","floor":33,"turns":6}],"seed_played":"-4799787731249855133","potions_obtained":[{"floor":1.0,"key":"Swift Potion"},{"floor":3.0,"key":"Regen Potion"},{"floor":3.0,"key":"Block Potion"},{"floor":5.0,"key":"Ancient Potion"},{"floor":7.0,"key":"Strength Potion"},{"floor":8.0,"key":"Dexterity Potion"},{"floor":31,"key":"Energy Potion"}],"is_trial":false,"path_per_floor":["M","M","?","M","M","E","M","E","T","M","R","$","?","?","R","B",null,"M","M","$","M","M","R","E","R","T","E","?","E","$","M","R","B"],"character_chosen":"IRONCLAD","items_purchased":["Vajra","Blood Vial","Weak Potion"],"campfire_rested":2,"item_purchase_floors":[12,20,30],"current_hp_per_floor":[77,78,78,80,80,68,68,57,57,63,63,63,47,47,47,53,73,73,68,68,55,57,80,79,79,79,66,66,45,45,41,67,0],"gold":120,"neow_bonus":"ONE_RARE_RELIC","is_prod":false,"is_daily":false,"chose_seed":false,"campfire_upgraded":3,"win_rate":0,"timestamp":1555066646,"path_taken":["M","M","?","M","M","E","?","E","T","M","R","$","?","?","R","BOSS","M","M","$","M","M","R","E","R","T","E","?","E","$","M","R","BOSS"],"build_version":"2019-01-23","purchased_purges":0,"victory":false,"max_hp_per_floor":[80,80,80,80,80,80,80,80,80,80,80,80,80,80,80,80,80,80,80,80,80,80,80,80,80,80,87,87,87,87,87,87,87],"card_choices":[{"not_picked":["Combust","True Grit"],"picked":"Armaments","floor":1.0},{"not_picked":["Intimidate","Spot Weakness"],"picked":"Iron Wave","floor":2.0},{"not_picked":["Armaments","Blood for Blood"],"picked":"Pommel Strike","floor":4.0},{"not_picked":["Infernal Blade","Armaments"],"picked":"Pommel Strike","floor":5.0},{"not_picked":["Exhume","Entrench","Combust"],"picked":"SKIP","floor":6.0},{"not_picked":["Battle Trance","Pummel"],"picked":"Sever Soul","floor":7.0},{"not_picked":["Sword Boomerang","Armaments"],"picked":"Shrug It Off","floor":8.0},{"not_picked":["Dual Wield","Perfected Strike"],"picked":"Anger","floor":10.0},{"not_picked":["Dark Embrace","Berserk"],"picked":"Bludgeon","floor":16.0},{"not_picked":["Shrug It Off","Headbutt"],"picked":"Disarm","floor":18.0},{"not_picked":["Sword Boomerang","Combust"],"picked":"Inflame","floor":19.0},{"not_picked":["Corruption","Anger"],"picked":"Thunderclap","floor":21.0},{"not_picked":["Perfected Strike","Headbutt","Whirlwind"],"picked":"SKIP","floor":22.0},{"not_picked":["Clash","Bloodletting"],"picked":"Twin Strike","floor":24.0},{"not_picked":["Battle Trance","Impervious"],"picked":"Infernal Blade+1","floor":27},{"not_picked":["Clash+1","Thunderclap"],"picked":"Sentinel+1","floor":29},{"not_picked":["Anger","Iron Wave"],"picked":"Rage","floor":31}],"player_experience":648365,"relics_obtained":[{"floor":6.0,"key":"Nunchaku"},{"floor":8.0,"key":"Boot"},{"floor":9.0,"key":"Orichalcum"},{"floor":24.0,"key":"Happy Flower"},{"floor":26.0,"key":"Pen Nib"},{"floor":27,"key":"Strawberry"},{"floor":29,"key":"Anchor"}],"event_choices":[{"damage_healed":0.0,"max_hp_gain":0.0,"max_hp_loss":0.0,"gold_gain":0.0,"event_name":"Lab","player_choice":"Got Potions","floor":3.0,"gold_loss":0.0,"damage_taken":0.0},{"damage_healed":0.0,"max_hp_gain":0.0,"max_hp_loss":0.0,"gold_gain":0.0,"event_name":"Shining Light","player_choice":"Entered Light","floor":13.0,"gold_loss":0.0,"damage_taken":16.0,"cards_upgraded":["Anger","Shrug It Off"]},{"damage_healed":0.0,"max_hp_gain":0.0,"max_hp_loss":0.0,"gold_gain":0.0,"event_name":"Liars Game","player_choice":"Ignored","floor":14.0,"gold_loss":0.0,"damage_taken":0.0},{"damage_healed":0,"gold_gain":0,"player_choice":"Upgraded","damage_taken":0,"max_hp_gain":0,"max_hp_loss":0,"event_name":"Upgrade Shrine","floor":28,"gold_loss":0,"cards_upgraded":["Inflame"]}],"is_beta":false,"boss_relics":[{"not_picked":["Tiny House","Runic Dome"],"picked":"Mark of Pain"}],"items_purged_floors":[],"is_endless":false,"potions_floor_spawned":[1,5,7,8,10,19,21,31],"killed_by":"Automaton","ascension_level":11}