{"gold_per_floor":[110,110,110,110,133,166,166,189,263,304,18,42,67,102,102,102],"floor_reached":16,"playtime":711,"items_purged":[],"score":218,"play_id":"c573a695-298a-428b-8f0f-7b022f39e039","local_time":"20190326012834","is_ascension_mode":true,"campfire_choices":[{"data":"Infinite Blades","floor":7,"key":"SMITH"},{"data":"Cloak And Dagger","floor":15,"key":"SMITH"}],"neow_cost":"NONE","seed_source_timestamp":17028356317099,"circlet_count":0,"master_deck":["AscendersBane","Defend_G","Defend_G","Defend_G","Defend_G","Defend_G","Strike_G","Strike_G","Strike_G","Strike_G","Survivor","Neutralize","Infinite Blades+1","Poisoned Stab","Backflip","Cloak And Dagger+1","Cloak And Dagger","Caltrops"],"relics":["Ring of the Snake","NeowsBlessing","Golden Idol","Anchor","Bottled Tornado","Gremlin Horn","Kunai","Prayer Wheel"],"potions_floor_usage":[10,10,16],"damage_taken":[{"damage":0,"enemies":"2 Louse","floor":1,"turns":1},{"damage":0,"enemies":"Jaw Worm","floor":5,"turns":1},{"damage":0,"enemies":"Lagavulin","floor":6,"turns":1},{"damage":0,"enemies":"Cultist","floor":8,"turns":5},{"damage":11,"enemies":"3 Sentries","floor":10,"turns":10},{"damage":2,"enemies":"Blue Slaver","floor":12,"turns":4},{"damage":0,"enemies":"Large Slime","floor":13,"turns":6},{"damage":15,"enemies":"Lagavulin","floor":14,"turns":9},{"damage":35,"enemies":"Slime Boss","floor":16,"turns":8}],"seed_played":"4204294064063550259","potions_obtained":[{"floor":1,"key":"SkillPotion"},{"floor":8,"key":"Poison Potion"},{"floor":10,"key":"Dexterity Potion"},{"floor":13,"key":"GamblersBrew"}],"is_trial":false,"path_per_floor":["M","?","?","?","M","E","R","M","T","E","$","M","M","E","R","B"],"character_chosen":"THE_SILENT","items_purchased":["Kunai","Cloak And Dagger"],"campfire_rested":0,"item_purchase_floors":[11,11],"current_hp_per_floor":[63,63,63,63,63,63,63,63,63,52,52,50,50,35,35,0],"gold":102,"neow_bonus":"THREE_ENEMY_KILL","is_prod":false,"is_daily":false,"chose_seed":false,"campfire_upgraded":2,"win_rate":0,"timestamp":1553531314,"path_taken":["M","?","?","?","M","E","R","M","T","E","$","M","M","E","R","BOSS"],"build_version":"2019-01-23","purchased_purges":0,"victory":false,"max_hp_per_floor":[70,70,65,65,65,65,65,65,65,65,65,65,65,65,65,65],"card_choices":[{"not_picked":["Underhanded Strike","Dodge and Roll"],"picked":"Infinite Blades","floor":1},{"not_picked":["Outmaneuver","Deflect","Expertise"],"picked":"SKIP","floor":5},{"not_picked":["Backstab","Deadly Poison"],"picked":"Poisoned Stab","floor":6},{"not_picked":["Accuracy","Deadly Poison"],"picked":"Backflip","floor":8},{"not_picked":["Choke","Poisoned Stab","Finisher"],"picked":"SKIP","floor":10},{"not_picked":["Dodge and Roll","Slice"],"picked":"Cloak And Dagger","floor":12},{"not_picked":["Deflect","All Out Attack"],"picked":"Caltrops","floor":13},{"not_picked":["Riddle With Holes","Deflect","Expertise"],"picked":"SKIP","floor":14}],"player_experience":598046,"relics_obtained":[{"floor":6,"key":"Anchor"},{"floor":9,"key":"Bottled Tornado"},{"floor":10,"key":"Gremlin Horn"},{"floor":14,"key":"Prayer Wheel"}],"event_choices":[{"cards_removed":["Strike_G"],"damage_healed":0,"gold_gain":0,"player_choice":"Forget","damage_taken":0,"max_hp_gain":0,"max_hp_loss":0,"event_name":"Living Wall","floor":2,"gold_loss":0},{"damage_healed":0,"gold_gain":0,"player_choice":"Lose Max HP","damage_taken":0,"relics_obtained":["Golden Idol"],"max_hp_gain":0,"max_hp_loss":5,"event_name":"Golden Idol","floor":3,"gold_loss":0},{"damage_healed":0,"gold_gain":0,"player_choice":"Ignored","damage_taken":0,"max_hp_gain":0,"max_hp_loss":0,"event_name":"Liars Game","floor":4,"gold_loss":0}],"is_beta":false,"boss_relics":[],"items_purged_floors":[],"is_endless":false,"potions_floor_spawned":[1,8,10,13],"killed_by":"Slime Boss","ascension_level":10}