{"gold_per_floor":[113,129,142,142,142,142,170,5,28,39,57,57,68,68],"floor_reached":14,"playtime":687,"items_purged":[],"score":152,"play_id":"e5f49eb6-5b0d-4759-ac92-58f173a13662","local_time":"20190329185103","is_ascension_mode":true,"campfire_choices":[{"data":"Prepared","floor":6,"key":"SMITH"}],"neow_cost":"NONE","seed_source_timestamp":24018893365168,"circlet_count":0,"master_deck":["AscendersBane","Defend_G","Defend_G","Defend_G","Defend_G","Defend_G","Strike_G+1","Strike_G","Strike_G","Strike_G+1","Survivor","Neutralize","Backflip","Prepared+1","Escape Plan","Panache","Backstab","Cloak And Dagger","Blur"],"relics":["Ring of the Snake","NeowsBlessing","Omamori","Whetstone","Ancient Tea Set"],"potions_floor_usage":[7,14,14,14,14],"damage_taken":[{"damage":0,"enemies":"Cultist","floor":1,"turns":1},{"damage":0,"enemies":"Small Slimes","floor":2,"turns":1},{"damage":0,"enemies":"Jaw Worm","floor":3,"turns":1},{"damage":41,"enemies":"3 Sentries","floor":7,"turns":18},{"damage":13,"enemies":"Lots of Slimes","floor":10,"turns":4},{"damage":2,"enemies":"2 Fungi Beasts","floor":11,"turns":5},{"damage":0,"enemies":"Blue Slaver","floor":13,"turns":3},{"damage":9,"enemies":"Lagavulin","floor":14,"turns":6}],"seed_played":"-579201525002519649","potions_obtained":[{"floor":3,"key":"Explosive Potion"},{"floor":7,"key":"EntropicBrew"},{"floor":10,"key":"EssenceOfSteel"},{"floor":13,"key":"LiquidBronze"}],"is_trial":false,"path_per_floor":["M","M","M","?","?","R","E","$","T","M","M","$","M","E"],"character_chosen":"THE_SILENT","items_purchased":["Panache"],"campfire_rested":0,"item_purchase_floors":[8],"current_hp_per_floor":[63,63,63,60,60,60,19,19,19,6,4,4,4,0],"gold":68,"neow_bonus":"THREE_ENEMY_KILL","is_prod":false,"is_daily":false,"chose_seed":false,"campfire_upgraded":1,"win_rate":0,"timestamp":1553853063,"path_taken":["M","M","?","?","?","R","E","$","T","?","M","?","M","E"],"build_version":"2019-01-23","purchased_purges":0,"victory":false,"max_hp_per_floor":[70,70,70,70,70,70,70,70,70,70,70,70,70,70],"card_choices":[{"not_picked":["Bane","Endless Agony"],"picked":"Backflip","floor":1},{"not_picked":["Blade Dance","Bane"],"picked":"Prepared","floor":2},{"not_picked":["Terror","Prepared","Blade Dance"],"picked":"SKIP","floor":3},{"not_picked":["Slice","Prepared"],"picked":"Escape Plan","floor":7},{"not_picked":["Infinite Blades","Quick Slash"],"picked":"Backstab","floor":10},{"not_picked":["Bouncing Flask","Caltrops"],"picked":"Cloak And Dagger","floor":11},{"not_picked":["Slice","Distraction"],"picked":"Blur","floor":13}],"player_experience":622342,"relics_obtained":[{"floor":7,"key":"Whetstone"},{"floor":9,"key":"Ancient Tea Set"}],"event_choices":[{"damage_healed":0,"gold_gain":0,"player_choice":"Success","damage_taken":3,"relics_obtained":["Omamori"],"max_hp_gain":0,"max_hp_loss":0,"event_name":"Scrap Ooze","floor":4,"gold_loss":0},{"cards_removed":["Strike_G"],"damage_healed":0,"gold_gain":0,"player_choice":"Offered Basic","damage_taken":0,"max_hp_gain":0,"max_hp_loss":0,"event_name":"Bonfire Elementals","floor":5,"gold_loss":0}],"is_beta":false,"boss_relics":[],"items_purged_floors":[],"is_endless":false,"potions_floor_spawned":[3,7,10,13],"killed_by":"Lagavulin","ascension_level":13}