{"gold_per_floor":[110,110,110,160,43,104,104,133,187,201,217,367,367,381,381,456,456,476,476,6,6,6,6,35,35,35,47,60,110,110,126,126,126],"floor_reached":33,"playtime":1702,"items_purged":["Strike_G","Doubt"],"score":642,"play_id":"56c2a751-f6fc-4b12-bd45-7f07027cd29b","local_time":"20190412192601","is_ascension_mode":true,"campfire_choices":[{"data":"Noxious Fumes","floor":7.0,"key":"SMITH"},{"data":"After Image","floor":13.0,"key":"SMITH"},{"data":"Neutralize","floor":15.0,"key":"SMITH"},{"floor":23.0,"key":"REST"},{"floor":30.0,"key":"REST"},{"data":"Catalyst","floor":32.0,"key":"SMITH"}],"neow_cost":"NONE","seed_source_timestamp":119320306325003,"circlet_count":0,"master_deck":["AscendersBane","Defend_G","Defend_G","Defend_G","Defend_G","Defend_G","Strike_G","Strike_G","Strike_G","Survivor","Neutralize+1","Backflip","Noxious Fumes+1","After Image+1","Backstab","Poisoned Stab","Grand Finale","Catalyst+1","Bandage Up"],"special_seed":0,"relics":["Ring of the Serpent","NeowsBlessing","Tiny Chest","Mummified Hand","Nilry\u0027s Codex","Frozen Egg 2","Nloth\u0027s Gift","Pocketwatch","Sundial"],"potions_floor_usage":[],"damage_taken":[{"damage":0.0,"enemies":"Jaw Worm","floor":1.0,"turns":1.0},{"damage":0.0,"enemies":"Gremlin Nob","floor":6.0,"turns":1.0},{"damage":0.0,"enemies":"3 Sentries","floor":8.0,"turns":1.0},{"damage":0.0,"enemies":"2 Louse","floor":10.0,"turns":3.0},{"damage":0.0,"enemies":"Cultist","floor":11.0,"turns":4.0},{"damage":11.0,"enemies":"Large Slime","floor":14.0,"turns":8.0},{"damage":27.0,"enemies":"The Guardian","floor":16.0,"turns":12.0},{"damage":10.0,"enemies":"Chosen","floor":18.0,"turns":6.0},{"damage":48.0,"enemies":"Gremlin Leader","floor":24.0,"turns":8.0},{"damage":0.0,"enemies":"3 Byrds","floor":27.0,"turns":4.0},{"damage":9.0,"enemies":"Snake Plant","floor":28.0,"turns":4.0},{"damage":0.0,"enemies":"Centurion and Healer","floor":31.0,"turns":6.0},{"damage":43,"enemies":"Automaton","floor":33,"turns":6}],"seed_played":"5812303988095334588","potions_obtained":[{"floor":6.0,"key":"Regen Potion"},{"floor":10.0,"key":"EssenceOfSteel"},{"floor":27.0,"key":"AttackPotion"},{"floor":28.0,"key":"Swift Potion"}],"is_trial":false,"path_per_floor":["M","?","?","?","$","E","R","E","T","M","M","?","R","M","R","B",null,"M","?","$","?","?","R","E","$","T","M","M","?","R","M","R","B"],"character_chosen":"THE_SILENT","items_purchased":["Noxious Fumes","Frozen Egg 2","Bandage Up"],"campfire_rested":2,"item_purchase_floors":[5,20,20],"current_hp_per_floor":[59,59,64,64,64,64,64,64,64,64,64,64,64,53,53,41,64,54,33,33,33,33,54,10,10,10,14,9,9,30,34,34,0],"gold":126,"neow_bonus":"THREE_ENEMY_KILL","is_prod":false,"is_daily":false,"chose_seed":false,"campfire_upgraded":4,"win_rate":0,"timestamp":1555064761,"path_taken":["M","?","?","?","$","E","R","E","T","M","?","?","R","M","R","BOSS","M","?","$","?","?","R","E","$","T","?","M","?","R","?","R","BOSS"],"build_version":"2019-01-23","purchased_purges":2,"victory":false,"max_hp_per_floor":[66,66,71,71,71,71,71,71,71,71,71,71,71,71,71,71,71,71,71,71,71,71,71,71,71,71,71,71,71,71,71,71,71],"card_choices":[{"not_picked":["Catalyst","Riddle With Holes"],"picked":"Backflip","floor":1.0},{"not_picked":["Bane","Slice","Sucker Punch"],"picked":"SKIP","floor":6.0},{"not_picked":["Skewer","Choke"],"picked":"After Image","floor":8.0},{"not_picked":["Outmaneuver","Dodge and Roll"],"picked":"Backstab","floor":10.0},{"not_picked":["Deflect","Finisher","Underhanded Strike"],"picked":"SKIP","floor":11.0},{"not_picked":["Skewer","Slice"],"picked":"Poisoned Stab","floor":14.0},{"not_picked":["Storm of Steel","Tools of the Trade"],"picked":"Grand Finale","floor":16.0},{"not_picked":["Bane","Outmaneuver"],"picked":"Catalyst","floor":18.0},{"not_picked":["Quick Slash","Slice","Dagger Spray"],"picked":"SKIP","floor":24.0},{"not_picked":["Outmaneuver","Grand Finale","Slice"],"picked":"SKIP","floor":27.0},{"not_picked":["Slice","Endless Agony","Skewer"],"picked":"SKIP","floor":28.0},{"not_picked":["Flying Knee","Outmaneuver","Catalyst"],"picked":"SKIP","floor":31.0}],"player_experience":735651,"relics_obtained":[{"floor":6.0,"key":"Tiny Chest"},{"floor":8.0,"key":"Mummified Hand"},{"floor":9.0,"key":"Regal Pillow"},{"floor":19.0,"key":"Nilry\u0027s Codex"},{"floor":24.0,"key":"Pocketwatch"},{"floor":26.0,"key":"Sundial"}],"event_choices":[{"cards_removed":["Strike_G"],"damage_healed":0.0,"max_hp_gain":0.0,"max_hp_loss":0.0,"gold_gain":0.0,"event_name":"Living Wall","player_choice":"Forget","floor":2.0,"gold_loss":0.0,"damage_taken":0.0},{"damage_healed":0.0,"max_hp_gain":5.0,"max_hp_loss":0.0,"gold_gain":0.0,"event_name":"Big Fish","player_choice":"Donut","floor":3.0,"gold_loss":0.0,"damage_taken":0.0},{"damage_healed":0.0,"max_hp_gain":0.0,"max_hp_loss":0.0,"gold_gain":50.0,"event_name":"Golden Shrine","player_choice":"Pray","floor":4.0,"gold_loss":0.0,"damage_taken":0.0},{"damage_healed":0.0,"max_hp_gain":0.0,"max_hp_loss":0.0,"gold_gain":150.0,"event_name":"Liars Game","player_choice":"AGREE","floor":12.0,"gold_loss":0.0,"damage_taken":0.0,"cards_obtained":["Doubt"]},{"damage_healed":0.0,"max_hp_gain":0.0,"max_hp_loss":0.0,"gold_gain":0.0,"event_name":"Cursed Tome","player_choice":"Obtained Book","floor":19.0,"gold_loss":0.0,"damage_taken":21.0},{"damage_healed":0.0,"max_hp_gain":0.0,"max_hp_loss":0.0,"gold_gain":0.0,"event_name":"Ghosts","player_choice":"Ignored","floor":21.0,"gold_loss":0.0,"damage_taken":0.0},{"damage_healed":0.0,"max_hp_gain":0.0,"max_hp_loss":0.0,"gold_gain":0.0,"event_name":"N\u0027loth","player_choice":"Traded Relic","floor":22.0,"relics_lost":["Regal Pillow"],"gold_loss":0.0,"damage_taken":0.0,"relics_obtained":["Nloth\u0027s Gift"]},{"damage_healed":0.0,"max_hp_gain":0.0,"max_hp_loss":0.0,"gold_gain":50.0,"event_name":"Golden Shrine","player_choice":"Pray","floor":29.0,"gold_loss":0.0,"damage_taken":0.0}],"is_beta":false,"boss_relics":[{"not_picked":["Coffee Dripper","Philosopher\u0027s Stone"],"picked":"Ring of the Serpent"}],"items_purged_floors":[5,20],"is_endless":false,"potions_floor_spawned":[6,10,11,27,28],"killed_by":"Automaton","ascension_level":20}