{"gold_per_floor":[116,126,138,152,165,165,199,199,199,209,219,219,284,319,319,421,421,437,238,249,18,18,18,32,64,64,99,110,110,110,124,124,228,228,247,247,247,14,26,26,59,59,85,96,96,115,215,245,245,245],"floor_reached":51,"playtime":2015,"items_purged":[],"score":807,"play_id":"349b4807-8ca8-4962-bb21-f59ff453690f","local_time":"20190415140228","is_ascension_mode":false,"campfire_choices":[{"data":"Uppercut","floor":6,"key":"SMITH"},{"data":"Bash","floor":8,"key":"SMITH"},{"data":"Flex","floor":12,"key":"SMITH"},{"data":"Clothesline","floor":15,"key":"SMITH"},{"data":"Corruption","floor":23,"key":"SMITH"},{"data":"Heavy Blade","floor":30,"key":"SMITH"},{"data":"Armaments","floor":32,"key":"SMITH"},{"data":"Limit Break","floor":40,"key":"SMITH"},{"data":"Immolate","floor":45,"key":"SMITH"},{"data":"Panacea","floor":49,"key":"SMITH"}],"neow_cost":"NONE","seed_source_timestamp":269671752635800,"circlet_count":0,"master_deck":["Strike_R","Strike_R","Strike_R","Strike_R","Strike_R","Defend_R+1","Defend_R","Defend_R+1","Defend_R","Bash+1","Cleave","Pommel Strike","Flex+1","Inflame","Uppercut+1","Heavy Blade+1","True Grit","Clothesline+1","Pummel","Impervious","Armaments+1","Corruption+1","Sentinel","Panacea+1","Shrug It Off+1","True Grit+1","Intimidate","Feel No Pain","Headbutt","Immolate+1","Burning Pact+1","Secret Technique","Forethought","Limit Break+1","Inflame","Burning Pact+1","Armaments+1"],"relics":["Burning Blood","War Paint","Dream Catcher","Centennial Puzzle","Boot","Meat on the Bone","Coffee Dripper","Membership Card","Bag of Marbles","Mercury Hourglass","Bird Faced Urn","MutagenicStrength","Busted Crown","OrangePellets","Darkstone Periapt","Bronze Scales","Red Skull"],"potions_floor_usage":[7,11,16,24,25,25,33,33,50,50,50],"damage_taken":[{"damage":2,"enemies":"Cultist","floor":1,"turns":4},{"damage":0,"enemies":"Small Slimes","floor":2,"turns":4},{"damage":0,"enemies":"Jaw Worm","floor":3,"turns":3},{"damage":7,"enemies":"Blue Slaver","floor":4,"turns":3},{"damage":2,"enemies":"Exordium Thugs","floor":5,"turns":4},{"damage":14,"enemies":"3 Sentries","floor":7,"turns":5},{"damage":9,"enemies":"Exordium Wildlife","floor":10,"turns":4},{"damage":13,"enemies":"Gremlin Gang","floor":11,"turns":3},{"damage":21,"enemies":"3 Sentries","floor":13,"turns":5},{"damage":21,"enemies":"Lagavulin","floor":14,"turns":5},{"damage":23,"enemies":"The Guardian","floor":16,"turns":7},{"damage":13,"enemies":"Shell Parasite","floor":18,"turns":4},{"damage":14,"enemies":"Spheric Guardian","floor":20,"turns":4},{"damage":9,"enemies":"3 Cultists","floor":24,"turns":4},{"damage":7,"enemies":"Slavers","floor":25,"turns":4},{"damage":12,"enemies":"Book of Stabbing","floor":27,"turns":6},{"damage":10,"enemies":"Sentry and Sphere","floor":28,"turns":5},{"damage":0,"enemies":"Shelled Parasite and Fungi","floor":31,"turns":4},{"damage":14,"enemies":"Collector","floor":33,"turns":7},{"damage":7,"enemies":"Orb Walker","floor":35,"turns":2},{"damage":16,"enemies":"3 Shapes","floor":39,"turns":6},{"damage":1,"enemies":"Giant Head","floor":41,"turns":4},{"damage":0,"enemies":"Spire Growth","floor":44,"turns":3},{"damage":3,"enemies":"4 Shapes","floor":46,"turns":2},{"damage":33,"enemies":"Nemesis","floor":48,"turns":7},{"damage":14,"enemies":"Donu and Deca","floor":50,"turns":4}],"seed_played":"-3397034638730466628","potions_obtained":[{"floor":2,"key":"GamblersBrew"},{"floor":4,"key":"Fire Potion"},{"floor":5,"key":"SneckoOil"},{"floor":7,"key":"Ancient Potion"},{"floor":13,"key":"SmokeBomb"},{"floor":16,"key":"SkillPotion"},{"floor":18,"key":"SpeedPotion"},{"floor":24,"key":"SkillPotion"},{"floor":25,"key":"Swift Potion"},{"floor":28,"key":"PowerPotion"},{"floor":41,"key":"Dexterity Potion"},{"floor":46,"key":"Weak Potion"}],"is_trial":false,"path_per_floor":["M","M","M","M","M","R","E","R","T","M","M","R","?","E","R","B",null,"M","$","M","$","?","R","M","E","T","E","M","?","R","M","R","B",null,"M","?","?","$","M","R","E","$","T","M","R","M","?","E","R","B",null],"character_chosen":"IRONCLAD","items_purchased":["Corruption","Sentinel","Panacea","Membership Card","SteroidPotion","Limit Break","OrangePellets","SteroidPotion","Inflame"],"campfire_rested":0,"item_purchase_floors":[19,19,19,21,21,38,38,38,38],"current_hp_per_floor":[80,80,80,79,80,80,72,72,72,69,62,62,47,32,32,27,80,73,73,65,65,50,50,59,58,58,52,54,54,54,64,64,64,85,85,81,71,71,69,69,81,81,81,81,81,81,81,58,58,56],"gold":245,"neow_bonus":"RANDOM_COMMON_RELIC","is_prod":false,"is_daily":false,"chose_seed":false,"campfire_upgraded":10,"win_rate":1,"timestamp":1555362148,"path_taken":["M","M","M","M","M","R","E","R","T","M","M","R","?","E","R","BOSS","M","$","M","$","?","R","M","E","T","E","M","?","R","M","R","BOSS","M","?","?","$","M","R","E","?","T","?","R","M","?","E","R","BOSS"],"build_version":"2019-01-23","purchased_purges":0,"victory":true,"max_hp_per_floor":[80,80,80,80,80,80,80,80,80,80,80,80,80,80,80,80,80,80,80,80,80,85,85,85,85,85,85,85,85,85,85,85,85,85,85,81,81,81,81,81,81,81,81,81,81,81,81,81,81,81],"card_choices":[{"not_picked":["Sword Boomerang","Thunderclap"],"picked":"Cleave","floor":1},{"not_picked":["Burning Pact","Evolve"],"picked":"Pommel Strike","floor":2},{"not_picked":["Exhume","Flex","Body Slam"],"picked":"SKIP","floor":3},{"not_picked":["Exhume","Body Slam"],"picked":"Flex","floor":3},{"not_picked":["Reckless Charge","True Grit"],"picked":"Inflame","floor":4},{"not_picked":["Body Slam","Heavy Blade"],"picked":"Uppercut","floor":5},{"not_picked":["Blood for Blood","Clash"],"picked":"Heavy Blade","floor":7},{"not_picked":["Sword Boomerang","Iron Wave"],"picked":"True Grit","floor":10},{"not_picked":["Clash","Feel No Pain"],"picked":"Clothesline","floor":11},{"not_picked":["Anger","Sever Soul"],"picked":"Pummel","floor":13},{"not_picked":["Rampage","Bloodletting","Combust"],"picked":"SKIP","floor":14},{"not_picked":["Brutality","Barricade"],"picked":"Impervious","floor":16},{"not_picked":["Havoc","Body Slam"],"picked":"Armaments","floor":18},{"not_picked":["Entrench","Wild Strike"],"picked":"Shrug It Off+1","floor":20},{"not_picked":["Clothesline","Dropkick"],"picked":"True Grit+1","floor":24},{"not_picked":["Brutality","Heavy Blade"],"picked":"Intimidate","floor":25},{"not_picked":["Clothesline","Heavy Blade"],"picked":"Feel No Pain","floor":27},{"not_picked":["Heavy Blade","Armaments"],"picked":"Headbutt","floor":28},{"not_picked":["Havoc","Intimidate","Second Wind"],"picked":"SKIP","floor":31},{"not_picked":["Havoc","Intimidate","Second Wind"],"picked":"SKIP","floor":31},{"not_picked":["Offering","Dark Embrace"],"picked":"Immolate","floor":33},{"not_picked":[],"picked":"Burning Pact+1","floor":35},{"not_picked":[],"picked":"Secret Technique","floor":37},{"not_picked":[],"picked":"Forethought","floor":37},{"not_picked":["Body Slam"],"picked":"SKIP","floor":39},{"not_picked":["Rampage"],"picked":"SKIP","floor":41},{"not_picked":[],"picked":"Burning Pact+1","floor":44},{"not_picked":["Iron Wave"],"picked":"SKIP","floor":46},{"not_picked":[],"picked":"Armaments+1","floor":48}],"player_experience":360050,"relics_obtained":[{"floor":7,"key":"Dream Catcher"},{"floor":9,"key":"Centennial Puzzle"},{"floor":13,"key":"Boot"},{"floor":14,"key":"Meat on the Bone"},{"floor":25,"key":"Bag of Marbles"},{"floor":26,"key":"Mercury Hourglass"},{"floor":27,"key":"Bird Faced Urn"},{"floor":41,"key":"Darkstone Periapt"},{"floor":43,"key":"Bronze Scales"},{"floor":48,"key":"Red Skull"}],"event_choices":[{"damage_healed":0,"gold_gain":30,"player_choice":"Searched \u00273\u0027 times","damage_taken":0,"max_hp_gain":0,"max_hp_loss":0,"event_name":"Dead Adventurer","floor":13,"gold_loss":0},{"damage_healed":0,"gold_gain":0,"player_choice":"Shed Blood","damage_taken":20,"max_hp_gain":5,"max_hp_loss":0,"event_name":"Forgotten Altar","floor":22,"gold_loss":0},{"damage_healed":0,"gold_gain":0,"player_choice":"Inject Mutagens","damage_taken":0,"relics_obtained":["MutagenicStrength"],"max_hp_gain":0,"max_hp_loss":0,"event_name":"Drug Dealer","floor":29,"gold_loss":0},{"damage_healed":0,"gold_gain":0,"player_choice":"Max HP","damage_taken":0,"max_hp_gain":0,"max_hp_loss":4,"event_name":"Winding Halls","floor":36,"gold_loss":0},{"damage_healed":0,"gold_gain":0,"player_choice":"Memory 3","damage_taken":10,"max_hp_gain":0,"max_hp_loss":0,"event_name":"SensoryStone","floor":37,"gold_loss":0},{"damage_healed":0,"gold_gain":100,"player_choice":"Pray","damage_taken":0,"max_hp_gain":0,"max_hp_loss":0,"event_name":"Golden Shrine","floor":47,"gold_loss":0}],"is_beta":false,"boss_relics":[{"not_picked":["Fusion Hammer","Empty Cage"],"picked":"Coffee Dripper"},{"not_picked":["White Beast Statue","Lizard Tail"],"picked":"Busted Crown"}],"items_purged_floors":[],"is_endless":false,"potions_floor_spawned":[2,4,5,7,13,16,18,24,25,28,41,46],"ascension_level":0}