{"gold_per_floor":[115,135,210,229,241,271,271,332,332,332,349,349,367,25,25,102,102,117,130,153,2,18,18,18,18,43,59,59,59,59],"floor_reached":30,"playtime":1383,"items_purged":["Strike_B","Defend_B"],"score":408,"play_id":"0bdae0d2-2562-4b92-b913-a0ec5ec94ba8","local_time":"20190414214347","is_ascension_mode":true,"campfire_choices":[{"floor":7,"key":"REST"},{"data":"Thunder Strike","floor":10,"key":"SMITH"},{"data":"Coolheaded","floor":15,"key":"SMITH"},{"floor":23,"key":"REST"},{"floor":29,"key":"REST"}],"neow_cost":"TEN_PERCENT_HP_LOSS","seed_source_timestamp":261496875149270,"circlet_count":0,"master_deck":["AscendersBane","Strike_B","Strike_B","Defend_B","Defend_B","Defend_B","Zap","Dualcast","Gash","Sunder","Gash","Static Discharge","Glacier","Thunder Strike+1","Conserve Battery","Coolheaded+1","Self Repair","Coolheaded","Creative AI","Barrage","Tempest","Hello World+1"],"relics":["Cracked Core","FossilizedHelix","Du-Vu Doll","Tiny Chest","Boot","Potion Belt","Inserter","Bag of Marbles","Pear","Anchor","Nilry\u0027s Codex"],"potions_floor_usage":[],"damage_taken":[{"damage":5,"enemies":"Small Slimes","floor":1,"turns":4},{"damage":0,"enemies":"Cultist","floor":2,"turns":3},{"damage":0,"enemies":"Jaw Worm","floor":4,"turns":2},{"damage":15,"enemies":"3 Louse","floor":5,"turns":2},{"damage":8,"enemies":"Gremlin Nob","floor":6,"turns":4},{"damage":6,"enemies":"3 Sentries","floor":8,"turns":7},{"damage":0,"enemies":"2 Fungi Beasts","floor":11,"turns":3},{"damage":0,"enemies":"Looter","floor":13,"turns":4},{"damage":16,"enemies":"The Guardian","floor":16,"turns":16},{"damage":15,"enemies":"Spheric Guardian","floor":18,"turns":7},{"damage":10,"enemies":"3 Byrds","floor":19,"turns":5},{"damage":28,"enemies":"Snake Plant","floor":22,"turns":5},{"damage":17,"enemies":"Centurion and Healer","floor":27,"turns":6},{"damage":41,"enemies":"Sentry and Sphere","floor":30,"turns":5}],"seed_played":"4162417504910766594","potions_obtained":[{"floor":1,"key":"Strength Potion"},{"floor":6,"key":"SpeedPotion"},{"floor":11,"key":"Fire Potion"},{"floor":22,"key":"Energy Potion"}],"is_trial":false,"path_per_floor":["M","M","?","M","M","E","R","E","T","R","M","?","M","$","R","B",null,"M","M","T","$","M","R","$","T","T","M","?","R","M"],"character_chosen":"DEFECT","items_purchased":["Potion Belt","Self Repair","Coolheaded","Energy Potion"],"campfire_rested":3,"item_purchase_floors":[14,14,14,21],"current_hp_per_floor":[59,59,48,48,33,25,44,38,38,38,38,38,38,38,38,29,55,47,44,44,44,16,35,35,45,45,35,19,41,0],"gold":59,"neow_bonus":"ONE_RARE_RELIC","is_prod":false,"is_daily":false,"chose_seed":false,"campfire_upgraded":2,"win_rate":0,"timestamp":1555245827,"path_taken":["M","M","?","M","M","E","R","E","T","R","M","?","?","?","R","BOSS","M","M","?","$","M","R","?","?","T","M","?","R","M"],"build_version":"2019-01-23","purchased_purges":2,"victory":false,"max_hp_per_floor":[64,64,64,64,64,64,64,64,64,64,64,64,64,64,64,64,64,64,64,64,64,64,64,64,74,74,74,74,74,74],"card_choices":[{"not_picked":["Rebound","Barrage"],"picked":"Gash","floor":1},{"not_picked":["Hologram","Auto Shields"],"picked":"Sunder","floor":2},{"not_picked":["Aggregate","Go for the Eyes"],"picked":"Gash","floor":4},{"not_picked":["Steam","Stack"],"picked":"Static Discharge","floor":5},{"not_picked":["Capacitor","Skim"],"picked":"Glacier","floor":6},{"not_picked":["Undo","White Noise"],"picked":"Thunder Strike","floor":8},{"not_picked":["Leap","Static Discharge"],"picked":"Conserve Battery","floor":11},{"not_picked":["Gash","Lockon"],"picked":"Coolheaded","floor":13},{"not_picked":["Amplify","Thunder Strike"],"picked":"Creative AI","floor":16},{"not_picked":["Go for the Eyes","Doom and Gloom"],"picked":"Barrage","floor":18},{"not_picked":["Gash","Fusion+1"],"picked":"Tempest","floor":19},{"not_picked":["Undo","Beam Cell"],"picked":"Hello World+1","floor":22},{"not_picked":["Cold Snap","Rebound","Aggregate"],"picked":"SKIP","floor":27}],"player_experience":573588,"relics_obtained":[{"floor":6,"key":"Du-Vu Doll"},{"floor":8,"key":"Tiny Chest"},{"floor":9,"key":"Boot"},{"floor":20,"key":"Bag of Marbles"},{"floor":25,"key":"Pear"},{"floor":26,"key":"Anchor"},{"floor":28,"key":"Nilry\u0027s Codex"}],"event_choices":[{"damage_healed":0,"gold_gain":75,"player_choice":"Gather Gold","damage_taken":11,"max_hp_gain":0,"max_hp_loss":0,"event_name":"World of Goop","floor":3,"gold_loss":0},{"cards_removed":["Strike_B"],"damage_healed":0,"gold_gain":0,"player_choice":"Offered Basic","damage_taken":0,"max_hp_gain":0,"max_hp_loss":0,"event_name":"Bonfire Elementals","floor":12,"gold_loss":0},{"damage_healed":0,"gold_gain":0,"player_choice":"Obtained Book","damage_taken":16,"max_hp_gain":0,"max_hp_loss":0,"event_name":"Cursed Tome","floor":28,"gold_loss":0}],"is_beta":false,"boss_relics":[{"not_picked":["Fusion Hammer","Runic Dome"],"picked":"Inserter"}],"items_purged_floors":[14,21],"is_endless":false,"potions_floor_spawned":[1,6,11,13,22,27],"killed_by":"Sentry and Sphere","ascension_level":14}