{"gold_per_floor":[113,123,123,141,153,153,178,178,202,9,22,22,52,52,52,52],"floor_reached":16,"playtime":507,"items_purged":[],"score":193,"play_id":"0bb8c260-7a5b-401b-a3d9-dfa47046c927","local_time":"20190401120716","is_ascension_mode":true,"campfire_choices":[{"data":"Tactician","floor":6,"key":"SMITH"},{"data":"Prepared","floor":8,"key":"SMITH"},{"floor":15,"key":"REST"}],"neow_cost":"NONE","seed_source_timestamp":329295926881502,"circlet_count":0,"master_deck":["AscendersBane","Defend_G","Defend_G","Defend_G","Defend_G","Defend_G","Strike_G","Strike_G","Strike_G","Strike_G","Survivor","Neutralize","Tactician+1","Outmaneuver","Dagger Throw","Underhanded Strike","Prepared+1","Bouncing Flask","Caltrops"],"relics":["Ring of the Snake","NeowsBlessing","Bag of Preparation","Snake Skull","TwistedFunnel","Vajra","Golden Idol"],"potions_floor_usage":[7,7,13],"damage_taken":[{"damage":0,"enemies":"Cultist","floor":1,"turns":1},{"damage":0,"enemies":"Jaw Worm","floor":2,"turns":1},{"damage":0,"enemies":"Small Slimes","floor":4,"turns":1},{"damage":7,"enemies":"Exordium Wildlife","floor":5,"turns":5},{"damage":30,"enemies":"Lagavulin","floor":7,"turns":10},{"damage":4,"enemies":"Red Slaver","floor":11,"turns":4},{"damage":7,"enemies":"Gremlin Nob","floor":13,"turns":3},{"damage":30,"enemies":"Slime Boss","floor":16,"turns":4}],"seed_played":"-7524896334961357960","potions_obtained":[{"floor":1,"key":"Weak Potion"},{"floor":2,"key":"SteroidPotion"},{"floor":7,"key":"Weak Potion"}],"is_trial":false,"path_per_floor":["M","M","?","M","M","R","E","R","T","$","M","$","E","?","R","B"],"character_chosen":"THE_SILENT","items_purchased":["TwistedFunnel"],"campfire_rested":1,"item_purchase_floors":[10],"current_hp_per_floor":[59,59,59,59,52,52,22,22,22,22,18,18,11,11,29,0],"gold":52,"neow_bonus":"THREE_ENEMY_KILL","is_prod":false,"is_daily":false,"chose_seed":false,"campfire_upgraded":2,"win_rate":0,"timestamp":1554088036,"path_taken":["M","?","?","M","?","R","E","R","T","$","M","$","E","?","R","BOSS"],"build_version":"2019-01-23","purchased_purges":0,"victory":false,"max_hp_per_floor":[66,66,66,66,66,66,66,66,66,66,66,66,66,60,60,60],"card_choices":[{"not_picked":["Dash","Dodge and Roll"],"picked":"Tactician","floor":1},{"not_picked":["Expertise","Distraction"],"picked":"Outmaneuver","floor":2},{"not_picked":["Outmaneuver","Slice"],"picked":"Dagger Throw","floor":4},{"not_picked":["Bane","Eviscerate"],"picked":"Underhanded Strike","floor":5},{"not_picked":["Doppelganger","Dagger Throw"],"picked":"Prepared","floor":7},{"not_picked":["PiercingWail","Tactician"],"picked":"Bouncing Flask","floor":11},{"not_picked":["Calculated Gamble","Outmaneuver"],"picked":"Caltrops","floor":13}],"player_experience":654212,"relics_obtained":[{"floor":7,"key":"Bag of Preparation"},{"floor":9,"key":"Snake Skull"},{"floor":13,"key":"Vajra"}],"event_choices":[{"cards_removed":["Strike_G"],"damage_healed":0,"gold_gain":0,"player_choice":"Offered Basic","damage_taken":0,"max_hp_gain":0,"max_hp_loss":0,"event_name":"Bonfire Elementals","floor":3,"gold_loss":0},{"damage_healed":0,"gold_gain":0,"player_choice":"Lose Max HP","damage_taken":0,"relics_obtained":["Golden Idol"],"max_hp_gain":0,"max_hp_loss":6,"event_name":"Golden Idol","floor":14,"gold_loss":0}],"is_beta":false,"boss_relics":[],"items_purged_floors":[],"is_endless":false,"potions_floor_spawned":[1,2,7],"killed_by":"Slime Boss","ascension_level":15}