{"gold_per_floor":[117,72,72,92,92,122,141,171,171,25,25,39,39,39,39,112,112,124,124,124,137,161,190,190,207,275,275],"floor_reached":27,"playtime":1135,"items_purged":["Pain"],"score":462,"play_id":"c558fa80-cee5-426d-a9e8-f45b04517e6c","local_time":"20190330192707","is_ascension_mode":true,"campfire_choices":[{"floor":11,"key":"REST"},{"floor":15,"key":"REST"},{"floor":24,"key":"REST"}],"neow_cost":"NONE","seed_source_timestamp":4974694704559,"circlet_count":0,"master_deck":["AscendersBane","Defend_G","Defend_G","Defend_G","Defend_G","Defend_G","Strike_G","Strike_G","Strike_G","Survivor","Neutralize","Reflex","Cloak And Dagger","Dagger Throw","Corpse Explosion","Blur","Escape Plan","Envenom","Blur","Escape Plan","Backflip","Backflip","Quick Slash+1","Shame","Endless Agony","Underhanded Strike","Decay"],"relics":["Cursed Key","WarpedTongs","Regal Pillow","Blue Candle","Snake Skull","Anchor","Orrery","Ninja Scroll","Omamori","Ancient Tea Set","Ornamental Fan"],"potions_floor_usage":[21],"damage_taken":[{"damage":5,"enemies":"Jaw Worm","floor":1,"turns":5},{"damage":7,"enemies":"Cultist","floor":4,"turns":4},{"damage":45,"enemies":"Gremlin Nob","floor":6,"turns":6},{"damage":4,"enemies":"Small Slimes","floor":7,"turns":2},{"damage":6,"enemies":"Lagavulin","floor":8,"turns":10},{"damage":0,"enemies":"3 Louse","floor":12,"turns":1},{"damage":19,"enemies":"Hexaghost","floor":16,"turns":11},{"damage":11,"enemies":"Shell Parasite","floor":18,"turns":6},{"damage":0,"enemies":"3 Byrds","floor":21,"turns":1},{"damage":18,"enemies":"Slavers","floor":23,"turns":4},{"damage":35,"enemies":"Snake Plant","floor":25,"turns":5},{"damage":44,"enemies":"Gremlin Leader","floor":27,"turns":9}],"seed_played":"3273258463161483951","potions_obtained":[{"floor":4,"key":"LiquidBronze"},{"floor":12,"key":"LiquidBronze"},{"floor":25,"key":"EntropicBrew"}],"is_trial":false,"path_per_floor":["M","$","?","M","?","E","M","E","T","$","R","M","?","?","R","B",null,"M","?","?","M","T","E","R","M","T","E"],"character_chosen":"THE_SILENT","items_purchased":["Cloak And Dagger","Escape Plan"],"campfire_rested":3,"item_purchase_floors":[2,10],"current_hp_per_floor":[54,54,66,59,59,14,10,4,4,4,38,38,20,20,54,35,58,47,47,47,47,47,29,63,28,28,0],"gold":275,"neow_bonus":"BOSS_RELIC","is_prod":false,"is_daily":false,"chose_seed":false,"campfire_upgraded":0,"win_rate":0,"timestamp":1553941627,"path_taken":["M","$","?","?","?","E","?","E","T","$","R","M","?","?","R","BOSS","M","?","?","M","?","E","R","?","T","E"],"build_version":"2019-01-23","purchased_purges":1,"victory":false,"max_hp_per_floor":[66,66,66,66,66,66,66,66,66,66,66,66,66,66,66,66,66,66,66,66,66,66,66,66,66,66,66],"card_choices":[{"not_picked":["Sucker Punch","Blade Dance"],"picked":"Reflex","floor":1},{"not_picked":["Prepared","Bouncing Flask"],"picked":"Dagger Throw","floor":4},{"not_picked":["Terror","Footwork"],"picked":"Corpse Explosion","floor":6},{"not_picked":["Prepared","Dagger Spray"],"picked":"Blur","floor":7},{"not_picked":["Finisher","Dodge and Roll","Dagger Throw"],"picked":"SKIP","floor":8},{"not_picked":["Blade Dance","PiercingWail","Flying Knee"],"picked":"SKIP","floor":12},{"not_picked":["Bullet Time","Tools of the Trade"],"picked":"Envenom","floor":16},{"not_picked":["Deflect","Sucker Punch"],"picked":"Blur","floor":17},{"not_picked":["Heel Hook","Poisoned Stab"],"picked":"Escape Plan","floor":17},{"not_picked":["Deadly Poison","Terror"],"picked":"Backflip","floor":17},{"not_picked":["Dagger Spray","Leg Sweep"],"picked":"Backflip","floor":17},{"not_picked":["Bane","Dagger Throw"],"picked":"Quick Slash+1","floor":18},{"not_picked":["Dash","Phantasmal Killer","Dagger Throw"],"picked":"SKIP","floor":21},{"not_picked":["Underhanded Strike","Deadly Poison","Blade Dance"],"picked":"SKIP","floor":23},{"not_picked":["Backflip","Poisoned Stab","Dagger Throw"],"picked":"SKIP","floor":25}],"player_experience":644207,"relics_obtained":[{"floor":6,"key":"Regal Pillow"},{"floor":8,"key":"Blue Candle"},{"floor":9,"key":"Snake Skull"},{"floor":22,"key":"Omamori"},{"floor":23,"key":"Ancient Tea Set"},{"floor":26,"key":"Ornamental Fan"}],"event_choices":[{"damage_healed":12,"gold_gain":0,"player_choice":"Full Heal","damage_taken":0,"max_hp_gain":0,"max_hp_loss":0,"event_name":"Wheel of Change","floor":3,"gold_loss":0},{"damage_healed":0,"gold_gain":0,"player_choice":"Rummage","damage_taken":0,"relics_obtained":["WarpedTongs"],"max_hp_gain":0,"max_hp_loss":0,"event_name":"Accursed Blacksmith","floor":5,"gold_loss":0,"cards_obtained":["Pain"]},{"damage_healed":0,"gold_gain":0,"player_choice":"Success","damage_taken":18,"relics_obtained":["Anchor"],"max_hp_gain":0,"max_hp_loss":0,"event_name":"Scrap Ooze","floor":13,"gold_loss":0},{"cards_removed":["Pain"],"damage_healed":0,"gold_gain":0,"player_choice":"Forget","damage_taken":0,"max_hp_gain":0,"max_hp_loss":0,"event_name":"Living Wall","floor":14,"gold_loss":0},{"damage_healed":0,"gold_gain":0,"player_choice":"Stole Relic","damage_taken":0,"relics_obtained":["Ninja Scroll"],"max_hp_gain":0,"max_hp_loss":0,"event_name":"Addict","floor":19,"gold_loss":0,"cards_obtained":["Shame"]},{"damage_healed":0,"gold_gain":0,"cards_transformed":["Strike_G","Strike_G"],"player_choice":"Became Test Subject","damage_taken":0,"max_hp_gain":0,"max_hp_loss":0,"event_name":"Drug Dealer","floor":20,"gold_loss":0,"cards_obtained":["Endless Agony","Underhanded Strike"]}],"is_beta":false,"boss_relics":[{"not_picked":["Busted Crown","HoveringKite"],"picked":"Orrery"}],"items_purged_floors":[10],"is_endless":false,"potions_floor_spawned":[4,12,25],"killed_by":"Gremlin Leader","ascension_level":15}