{"gold_per_floor":[109,126,126,126,126,126,146,146,172,186,37,54,66,78,78,183,183,193,193,2,22,42,42],"floor_reached":23,"playtime":2503,"items_purged":[],"score":185,"play_id":"c9fb5239-e31e-4a26-8a3a-93657f646fef","local_time":"20190304032658","is_ascension_mode":false,"campfire_choices":[{"data":"Leap","floor":6,"key":"SMITH"},{"floor":8,"key":"REST"},{"floor":15,"key":"REST"}],"neow_cost":"TEN_PERCENT_HP_LOSS","seed_source_timestamp":31347200783223,"circlet_count":0,"master_deck":["Strike_B","Strike_B","Strike_B","Defend_B","Defend_B","Defend_B","Defend_B","Zap","Dualcast","Creative AI+1","Skim","Leap+1","Compile Driver","Defragment","Leap","Glacier","Recycle","Thunder Strike","Go for the Eyes","Reprogram","Lockon","Double Energy"],"relics":["Cracked Core","Potion Belt","Dream Catcher","Inserter","PreservedInsect"],"potions_floor_usage":[10,13,16,22,22],"damage_taken":[{"damage":18,"enemies":"2 Louse","floor":1,"turns":7},{"damage":15,"enemies":"Jaw Worm","floor":2,"turns":5},{"damage":21,"enemies":"Cultist","floor":7,"turns":7},{"damage":5,"enemies":"Lots of Slimes","floor":10,"turns":6},{"damage":9,"enemies":"3 Louse","floor":12,"turns":5},{"damage":16,"enemies":"Exordium Thugs","floor":13,"turns":4},{"damage":7,"enemies":"2 Fungi Beasts","floor":14,"turns":2},{"damage":25,"enemies":"The Guardian","floor":16,"turns":16},{"damage":16,"enemies":"Spheric Guardian","floor":18,"turns":8},{"damage":18,"enemies":"Shell Parasite","floor":21,"turns":11},{"damage":6,"enemies":"Centurion and Healer","floor":22,"turns":12},{"damage":59,"enemies":"Cultist and Chosen","floor":23,"turns":5}],"seed_played":"-7898652673399167089","potions_obtained":[{"floor":1,"key":"Energy Potion"},{"floor":12,"key":"PowerPotion"},{"floor":14,"key":"Block Potion"},{"floor":18,"key":"Energy Potion"},{"floor":21,"key":"Weak Potion"}],"is_trial":false,"path_per_floor":["M","M","?","?","?","R","M","R","T","M","$","M","M","M","R","B",null,"M","?","$","M","M","M"],"character_chosen":"DEFECT","items_purchased":["Dream Catcher","PreservedInsect","Reprogram"],"campfire_rested":2,"item_purchase_floors":[11,20,20],"current_hp_per_floor":[50,35,35,57,57,57,36,56,56,51,51,42,26,19,39,14,68,52,78,78,60,54,0],"gold":42,"neow_bonus":"THREE_RARE_CARDS","is_prod":false,"is_daily":false,"chose_seed":false,"campfire_upgraded":1,"win_rate":0.0,"timestamp":1551637618,"path_taken":["M","M","?","?","?","R","?","R","T","M","$","M","M","?","R","BOSS","M","?","?","M","M","M"],"build_version":"2019-01-23","purchased_purges":0,"victory":false,"max_hp_per_floor":[68,68,68,68,68,68,68,68,68,68,68,68,68,68,68,68,68,68,78,78,78,78,78],"card_choices":[{"not_picked":["Buffer","All For One"],"picked":"Creative AI","floor":0},{"not_picked":["Rebound","Gash"],"picked":"Skim","floor":1},{"not_picked":["Steam","Ball Lightning"],"picked":"Leap","floor":2},{"not_picked":["Rebound","Streamline"],"picked":"Compile Driver","floor":7},{"not_picked":["Blizzard","Steam"],"picked":"Defragment","floor":10},{"not_picked":["Compile Driver","Ball Lightning"],"picked":"Hyperbeam","floor":12},{"not_picked":["Coolheaded","Compile Driver"],"picked":"Leap","floor":13},{"not_picked":["Thunder Strike","Sweeping Beam"],"picked":"Glacier","floor":14},{"not_picked":["Fusion","Skim"],"picked":"Recycle","floor":15},{"not_picked":["Creative AI","Machine Learning"],"picked":"Thunder Strike","floor":16},{"not_picked":["Stack","Tempest"],"picked":"Go for the Eyes","floor":18},{"not_picked":["Skim+1","Steam"],"picked":"Lockon","floor":21},{"not_picked":["Rebound","Cold Snap"],"picked":"Double Energy","floor":22}],"player_experience":49159,"relics_obtained":[{"floor":9,"key":"Potion Belt"}],"event_choices":[{"damage_healed":0,"gold_gain":0,"player_choice":"Grow","damage_taken":0,"max_hp_gain":0,"max_hp_loss":0,"event_name":"Living Wall","floor":3,"gold_loss":0,"cards_upgraded":["Creative AI"]},{"damage_healed":22,"gold_gain":0,"player_choice":"Banana","damage_taken":0,"max_hp_gain":0,"max_hp_loss":0,"event_name":"Big Fish","floor":4,"gold_loss":0},{"cards_removed":["Strike_B"],"damage_healed":0,"gold_gain":0,"player_choice":"Purged","damage_taken":0,"max_hp_gain":0,"max_hp_loss":0,"event_name":"Purifier","floor":5,"gold_loss":0},{"cards_removed":["Hyperbeam"],"damage_healed":16,"gold_gain":0,"player_choice":"Offered Rare","damage_taken":0,"max_hp_gain":10,"max_hp_loss":0,"event_name":"Bonfire Elementals","floor":19,"gold_loss":0}],"is_beta":false,"boss_relics":[{"not_picked":["Fusion Hammer","Tiny House"],"picked":"Inserter"}],"items_purged_floors":[],"is_endless":false,"potions_floor_spawned":[1,12,14,18,21],"killed_by":"Cultist and Chosen","ascension_level":0}