{"gold_per_floor":[115,115,115,133,147,147,163,163,235,235,235,246,246,58,58,134,134,150,162,162,177,204,204,229,229,254,254,254,269,269],"floor_reached":30,"playtime":1138,"items_purged":["Pain"],"score":500,"play_id":"56f5ad3b-e5bc-4885-a73e-8bd94da34e57","local_time":"20190321141244","is_ascension_mode":true,"campfire_choices":[{"data":"Body Slam","floor":6.0,"key":"SMITH"},{"floor":8.0,"key":"REST"},{"data":"Body Slam","floor":10.0,"key":"SMITH"},{"floor":13.0,"key":"REST"},{"data":"Entrench","floor":15.0,"key":"SMITH"},{"floor":23.0,"key":"REST"},{"floor":25.0,"key":"REST"}],"neow_cost":"NONE","seed_source_timestamp":12706987119331,"circlet_count":0,"master_deck":["AscendersBane","Strike_R","Strike_R","Defend_R","Defend_R","Defend_R","Defend_R","Bash+1","Body Slam+1","Regret","Body Slam+1","Entrench+1","Havoc","Corruption","Metallicize","Feel No Pain","Disarm","Feed","Dark Embrace+1","Searing Blow+1","Juggernaut+1","Shrug It Off","True Grit+1","Shrug It Off","True Grit+1","Writhe","Second Wind"],"special_seed":0,"relics":["Burning Blood","Dream Catcher","Pantograph","WarpedTongs","Astrolabe","Anchor","Orichalcum","Regal Pillow","Paper Frog"],"potions_floor_usage":[30],"damage_taken":[{"damage":4.0,"enemies":"Small Slimes","floor":1.0,"turns":4.0},{"damage":26.0,"enemies":"Jaw Worm","floor":4.0,"turns":4.0},{"damage":6.0,"enemies":"Cultist","floor":5.0,"turns":3.0},{"damage":22.0,"enemies":"Blue Slaver","floor":7.0,"turns":4.0},{"damage":19.0,"enemies":"Red Slaver","floor":12.0,"turns":4.0},{"damage":8.0,"enemies":"The Guardian","floor":16.0,"turns":11.0},{"damage":40.0,"enemies":"Shell Parasite","floor":18.0,"turns":7.0},{"damage":21.0,"enemies":"Spheric Guardian","floor":19.0,"turns":5.0},{"damage":26.0,"enemies":"Snake Plant","floor":21.0,"turns":5.0},{"damage":23.0,"enemies":"Slavers","floor":24.0,"turns":4.0},{"damage":23.0,"enemies":"3 Cultists","floor":29.0,"turns":4.0},{"damage":30,"enemies":"Book of Stabbing","floor":30,"turns":4}],"seed_played":"2091972753501059800","potions_obtained":[{"floor":4.0,"key":"Fire Potion"},{"floor":7.0,"key":"SkillPotion"},{"floor":16.0,"key":"BloodPotion"},{"floor":24.0,"key":"Strength Potion"}],"is_trial":false,"path_per_floor":["M","?","?","M","M","R","M","R","T","R","?","M","R","$","R","B",null,"M","M","?","M","T","R","E","R","T","?","?","M","E"],"character_chosen":"IRONCLAD","items_purchased":["Feel No Pain","Disarm"],"campfire_rested":4,"item_purchase_floors":[14,14],"current_hp_per_floor":[70,70,59,39,39,39,23,45,45,45,45,32,54,54,54,73,75,51,40,28,12,12,37,20,45,45,45,45,28,0],"gold":269,"neow_bonus":"UPGRADE_CARD","is_prod":false,"is_daily":false,"chose_seed":false,"campfire_upgraded":3,"win_rate":0,"timestamp":1553145164,"path_taken":["M","?","?","M","?","R","M","R","T","R","?","?","R","$","R","BOSS","M","?","?","?","?","R","E","R","T","?","?","?","E"],"build_version":"2019-01-23","purchased_purges":1,"victory":false,"max_hp_per_floor":[75,75,75,75,75,75,75,75,75,75,75,75,75,75,75,75,75,78,82,82,86,86,86,86,86,86,86,86,86,86],"card_choices":[{"not_picked":["Disarm","Heavy Blade"],"picked":"Body Slam","floor":1.0},{"not_picked":["Havoc","Fire Breathing"],"picked":"Body Slam","floor":4.0},{"not_picked":["Battle Trance","Fire Breathing"],"picked":"Entrench","floor":5.0},{"not_picked":["Havoc","Clothesline","Perfected Strike"],"picked":"SKIP","floor":7.0},{"not_picked":["Brutality","Sword Boomerang"],"picked":"Havoc","floor":8.0},{"not_picked":["Intimidate","Headbutt"],"picked":"Corruption","floor":12.0},{"not_picked":["Heavy Blade","Perfected Strike"],"picked":"Metallicize","floor":13.0},{"not_picked":["Berserk","Double Tap"],"picked":"Feed","floor":16.0},{"not_picked":["Dual Wield","Rupture","Wild Strike"],"picked":"SKIP","floor":18.0},{"not_picked":["Warcry","Bloodletting+1"],"picked":"Shrug It Off","floor":19.0},{"not_picked":["Battle Trance","Thunderclap"],"picked":"True Grit+1","floor":21.0},{"not_picked":["Cleave+1","Battle Trance"],"picked":"Shrug It Off","floor":23.0},{"not_picked":["Thunderclap","Shrug It Off"],"picked":"True Grit+1","floor":24.0},{"not_picked":["Immolate","Headbutt","Spot Weakness"],"picked":"SKIP","floor":29.0}],"player_experience":486787,"relics_obtained":[{"floor":9.0,"key":"Pantograph"},{"floor":22.0,"key":"Anchor"},{"floor":24.0,"key":"Orichalcum"},{"floor":26.0,"key":"Regal Pillow"}],"event_choices":[{"damage_healed":0.0,"max_hp_gain":0.0,"max_hp_loss":0.0,"gold_gain":0.0,"event_name":"Big Fish","player_choice":"Box","floor":2.0,"gold_loss":0.0,"damage_taken":0.0,"relics_obtained":["Dream Catcher"],"cards_obtained":["Regret"]},{"damage_healed":0.0,"max_hp_gain":0.0,"max_hp_loss":0.0,"gold_gain":0.0,"event_name":"Wheel of Change","player_choice":"Damaged","floor":3.0,"gold_loss":0.0,"damage_taken":11.0},{"damage_healed":0.0,"max_hp_gain":0.0,"max_hp_loss":0.0,"gold_gain":0.0,"event_name":"Accursed Blacksmith","player_choice":"Rummage","floor":11.0,"gold_loss":0.0,"damage_taken":0.0,"relics_obtained":["WarpedTongs"],"cards_obtained":["Pain"]},{"damage_healed":0.0,"max_hp_gain":0.0,"max_hp_loss":0.0,"gold_gain":0.0,"event_name":"Wheel of Change","player_choice":"Damaged","floor":20.0,"gold_loss":0.0,"damage_taken":12.0},{"damage_healed":0.0,"max_hp_gain":0.0,"max_hp_loss":0.0,"gold_gain":0.0,"event_name":"The Mausoleum","player_choice":"Opened","floor":27.0,"gold_loss":0.0,"damage_taken":0.0,"relics_obtained":["Paper Frog"],"cards_obtained":["Writhe"]},{"damage_healed":0.0,"max_hp_gain":0.0,"max_hp_loss":0.0,"gold_gain":0.0,"event_name":"The Library","player_choice":"Read","floor":28.0,"gold_loss":0.0,"damage_taken":0.0,"cards_obtained":["Second Wind"]}],"is_beta":false,"boss_relics":[{"not_picked":["White Beast Statue","Fusion Hammer"],"picked":"Astrolabe"}],"items_purged_floors":[14],"is_endless":false,"potions_floor_spawned":[4,7,12,16,24],"killed_by":"Book of Stabbing","ascension_level":18}