{"gold_per_floor":[109,128,79,10,20,20,51,51,78,92,108,135,20,48,48,143,143,163,163,17,32,50,80,90,0,24,24,24,24,59,69,69,165,165,178,178,178,198,212,212,60,60,114,147,164,164,184,203,203,203],"floor_reached":51,"playtime":4009,"items_purged":["Strike_B"],"score":1113,"play_id":"afb70b15-539f-4307-8be9-018bdce9f46d","local_time":"20190413191802","is_ascension_mode":true,"campfire_choices":[{"data":"Dualcast","floor":6.0,"key":"SMITH"},{"data":"Fission","floor":15.0,"key":"SMITH"},{"data":"Beam Cell","floor":27.0,"key":"SMITH"},{"floor":32,"key":"REST"},{"data":"Hologram","floor":40,"key":"SMITH"},{"data":"Zap","floor":42,"key":"SMITH"},{"data":"Defragment","floor":46,"key":"SMITH"},{"data":"Redo","floor":49,"key":"SMITH"}],"neow_cost":"NONE","seed_source_timestamp":16786737881427,"circlet_count":0,"master_deck":["AscendersBane","Zap+1","Dualcast+1","Coolheaded","Ball Lightning","Sweeping Beam+1","All For One+1","Gash","Fission+1","Cold Snap","Defragment+1","Redo+1","Buffer","Sweeping Beam","Leap","Glacier","Biased Cognition","Ball Lightning","Leap","Steam","Gash","Beam Cell+1","Leap","Conserve Battery","Hologram+1","Sweeping Beam+1","Buffer+1","Self Repair+1","Gash","Turbo","Chill+1","Ball Lightning+1","Redo+1","Self Repair+1","Go for the Eyes+1","Redo+1"],"special_seed":0,"relics":["Cracked Core","Anchor","Bag of Preparation","Omamori","Whetstone","Odd Mushroom","Bronze Scales","Pandora\u0027s Box","PreservedInsect","Emotion Chip","Juzu Bracelet","Necronomicon","Frozen Egg 2","Orrery","Oddly Smooth Stone","Orichalcum","Mercury Hourglass"],"potions_floor_usage":[31,50],"damage_taken":[{"damage":2.0,"enemies":"Jaw Worm","floor":1.0,"turns":3.0},{"damage":0.0,"enemies":"Cultist","floor":2.0,"turns":4.0},{"damage":0.0,"enemies":"2 Louse","floor":5.0,"turns":2.0},{"damage":18.0,"enemies":"Lagavulin","floor":7.0,"turns":7.0},{"damage":0.0,"enemies":"Blue Slaver","floor":10.0,"turns":2.0},{"damage":0.0,"enemies":"2 Fungi Beasts","floor":11.0,"turns":2.0},{"damage":5.0,"enemies":"The Mushroom Lair","floor":12.0,"turns":3.0},{"damage":2.0,"enemies":"3 Sentries","floor":14.0,"turns":4.0},{"damage":20.0,"enemies":"The Guardian","floor":16.0,"turns":7.0},{"damage":0.0,"enemies":"Spheric Guardian","floor":18.0,"turns":3.0},{"damage":0.0,"enemies":"Shell Parasite","floor":21.0,"turns":3.0},{"damage":0.0,"enemies":"Centurion and Healer","floor":22.0,"turns":5.0},{"damage":7.0,"enemies":"Slavers","floor":23.0,"turns":3.0},{"damage":0.0,"enemies":"3 Cultists","floor":24.0,"turns":3.0},{"damage":0.0,"enemies":"Book of Stabbing","floor":30.0,"turns":4.0},{"damage":8,"enemies":"Shelled Parasite and Fungi","floor":31,"turns":3},{"damage":31,"enemies":"Collector","floor":33,"turns":5},{"damage":0,"enemies":"Orb Walker","floor":35,"turns":4},{"damage":15,"enemies":"3 Darklings","floor":38,"turns":4},{"damage":4,"enemies":"Sphere and 2 Shapes","floor":39,"turns":5},{"damage":20,"enemies":"Nemesis","floor":44,"turns":5},{"damage":9,"enemies":"Jaw Worm Horde","floor":45,"turns":5},{"damage":0,"enemies":"3 Darklings","floor":47,"turns":4},{"damage":0,"enemies":"Transient","floor":48,"turns":5},{"damage":74,"enemies":"Awakened One","floor":50,"turns":13}],"seed_played":"562962299436638934","potions_obtained":[{"floor":1.0,"key":"Poison Potion"},{"floor":2.0,"key":"SpeedPotion"},{"floor":5.0,"key":"EssenceOfSteel"},{"floor":12.0,"key":"FairyPotion"},{"floor":14.0,"key":"Regen Potion"},{"floor":21.0,"key":"SkillPotion"},{"floor":38,"key":"FocusPotion"}],"is_trial":false,"path_per_floor":["M","M","$","?","M","R","E","$","T","M","M","?","$","E","R","B",null,"M","?","$","M","M","E","M","?","T","R","?","?","E","M","R","B",null,"M","?","?","M","M","R","$","R","T","E","M","R","M","M","R","B",null],"character_chosen":"DEFECT","items_purchased":["Sweeping Beam","Defragment","PreservedInsect","Oddly Smooth Stone"],"campfire_rested":1,"item_purchase_floors":[3,13,20,41],"current_hp_per_floor":[66,66,66,66,66,66,48,48,48,48,48,43,43,41,41,21,62,62,62,62,62,62,55,55,55,55,55,55,39,39,31,53,22,62,72,72,71,66,71,71,71,71,71,61,62,62,71,71,71,7],"gold":203,"neow_bonus":"RANDOM_COMMON_RELIC","is_prod":false,"is_daily":false,"chose_seed":false,"campfire_upgraded":7,"win_rate":0,"timestamp":1555175882,"path_taken":["M","M","$","?","?","R","E","?","T","M","M","?","$","E","R","BOSS","M","?","$","M","M","E","M","?","T","R","?","?","E","M","R","BOSS","M","?","?","M","M","R","$","R","T","E","M","R","M","M","R","BOSS"],"build_version":"2019-01-23","purchased_purges":1,"victory":true,"max_hp_per_floor":[75,75,75,75,75,75,75,75,75,75,75,75,75,75,75,75,75,75,75,75,75,75,75,75,75,75,75,75,75,75,75,75,75,75,75,75,71,71,71,71,71,71,71,71,71,71,71,71,71,71],"card_choices":[{"not_picked":["Consume","Hologram"],"picked":"Coolheaded","floor":1.0},{"not_picked":["Gash","Stack"],"picked":"Ball Lightning","floor":2.0},{"not_picked":["Redo","Rebound"],"picked":"All For One","floor":5.0},{"not_picked":["Stack","Rebound","Fusion"],"picked":"SKIP","floor":7.0},{"not_picked":["Streamline","Skim"],"picked":"Gash","floor":10.0},{"not_picked":["Compile Driver","Coolheaded"],"picked":"Fission","floor":11.0},{"not_picked":["Storm","Scrape"],"picked":"Cold Snap","floor":12.0},{"not_picked":["Loop","Auto Shields"],"picked":"Redo","floor":14.0},{"not_picked":["Multi-Cast","Creative AI"],"picked":"Hyperbeam","floor":16.0},{"not_picked":["Turbo","Sweeping Beam"],"picked":"Leap","floor":18.0},{"not_picked":["Capacitor","Coolheaded"],"picked":"Beam Cell","floor":21.0},{"not_picked":["Ball Lightning","Hello World+1"],"picked":"Leap","floor":22.0},{"not_picked":["Auto Shields","Multi-Cast","Reinforced Body"],"picked":"SKIP","floor":23.0},{"not_picked":["Compile Driver","Aggregate+1"],"picked":"Conserve Battery","floor":24.0},{"not_picked":["Compile Driver+1","Turbo"],"picked":"Hologram","floor":30.0},{"not_picked":["Lockon","Reprogram"],"picked":"Sweeping Beam+1","floor":31},{"not_picked":["Rainbow","Thunder Strike"],"picked":"Buffer+1","floor":33},{"not_picked":["Conserve Battery+1","Recycle+1"],"picked":"Self Repair+1","floor":34},{"not_picked":["Rebound","Beam Cell"],"picked":"Gash","floor":34},{"not_picked":["Barrage","Sunder"],"picked":"Turbo","floor":34},{"not_picked":["Hologram","Coolheaded"],"picked":"Chill+1","floor":34},{"not_picked":["Darkness+1","Auto Shields"],"picked":"Ball Lightning+1","floor":34},{"not_picked":["Hyperbeam","Conserve Battery"],"picked":"Redo+1","floor":35},{"not_picked":["Leap","Tempest"],"picked":"Self Repair+1","floor":38},{"not_picked":["Doom and Gloom+1","Recycle+1"],"picked":"Go for the Eyes+1","floor":39},{"not_picked":["Sweeping Beam+1","FTL"],"picked":"Redo+1","floor":44},{"not_picked":["Amplify","Coolheaded+1","Conserve Battery"],"picked":"SKIP","floor":45},{"not_picked":["Coolheaded","Stack","Turbo"],"picked":"SKIP","floor":47},{"not_picked":["Leap+1","Cold Snap","Conserve Battery"],"picked":"SKIP","floor":48}],"player_experience":250852,"relics_obtained":[{"floor":7.0,"key":"Omamori"},{"floor":9.0,"key":"Whetstone"},{"floor":12.0,"key":"Odd Mushroom"},{"floor":14.0,"key":"Bronze Scales"},{"floor":23.0,"key":"Emotion Chip"},{"floor":26.0,"key":"Juzu Bracelet"},{"floor":29.0,"key":"Necronomicon"},{"floor":30.0,"key":"Frozen Egg 2"},{"floor":43,"key":"Orichalcum"},{"floor":44,"key":"Mercury Hourglass"}],"event_choices":[{"damage_healed":0.0,"max_hp_gain":0.0,"max_hp_loss":0.0,"gold_gain":0.0,"event_name":"WeMeetAgain","player_choice":"Paid Gold","floor":4.0,"gold_loss":69.0,"damage_taken":0.0,"relics_obtained":["Bag of Preparation"]},{"damage_healed":0.0,"max_hp_gain":0.0,"max_hp_loss":0.0,"gold_gain":0.0,"event_name":"Mushrooms","player_choice":"Fought Mushrooms","floor":12.0,"gold_loss":0.0,"damage_taken":0.0},{"damage_healed":0.0,"max_hp_gain":0.0,"max_hp_loss":0.0,"gold_gain":0.0,"cards_transformed":["Multi-Cast","Hyperbeam"],"event_name":"Drug Dealer","player_choice":"Became Test Subject","floor":19.0,"gold_loss":0.0,"damage_taken":0.0,"cards_obtained":["Steam","Gash"]},{"damage_healed":0.0,"max_hp_gain":0.0,"max_hp_loss":0.0,"gold_gain":0.0,"event_name":"Masked Bandits","player_choice":"Paid Fearfully","floor":25.0,"gold_loss":90.0,"damage_taken":0.0},{"damage_healed":0.0,"max_hp_gain":0.0,"max_hp_loss":0.0,"gold_gain":0.0,"event_name":"Ghosts","player_choice":"Ignored","floor":28.0,"gold_loss":0.0,"damage_taken":0.0},{"damage_healed":0.0,"max_hp_gain":0.0,"max_hp_loss":0.0,"gold_gain":0.0,"event_name":"Cursed Tome","player_choice":"Obtained Book","floor":29.0,"gold_loss":0.0,"damage_taken":16.0},{"damage_healed":0,"gold_gain":0,"player_choice":"Ignored","damage_taken":0,"max_hp_gain":0,"max_hp_loss":0,"event_name":"Mysterious Sphere","floor":36,"gold_loss":0},{"damage_healed":0,"gold_gain":0,"player_choice":"Max HP","damage_taken":0,"max_hp_gain":0,"max_hp_loss":4,"event_name":"Winding Halls","floor":37,"gold_loss":0}],"is_beta":false,"boss_relics":[{"not_picked":["Velvet Choker","FrozenCore"],"picked":"Pandora\u0027s Box"},{"not_picked":["Coffee Dripper","Runic Pyramid"],"picked":"Orrery"}],"items_purged_floors":[13],"is_endless":false,"potions_floor_spawned":[1,2,5,12,14,21,22,24,38,44,47,48],"ascension_level":11}