{"gold_per_floor":[117,133,6,25,100,127,127,158,182,182,357,357,357,371,371,371],"floor_reached":16,"playtime":667,"items_purged":["Strike_B"],"score":135,"play_id":"837ccafa-aac1-4477-af89-7dc60d5cf5ad","local_time":"20190325235157","is_ascension_mode":true,"campfire_choices":[{"data":"Melter","floor":7,"key":"SMITH"},{"data":"Consume","floor":10,"key":"SMITH"},{"data":"Hologram","floor":15,"key":"SMITH"}],"neow_cost":"NONE","seed_source_timestamp":11273794944244,"circlet_count":0,"master_deck":["Strike_B","Strike_B+1","Strike_B","Defend_B","Defend_B","Defend_B","Defend_B","Zap","Dualcast","Melter+1","Glacier","Coolheaded","Undo+1","Consume+1","Hologram+1"],"relics":["White Beast Statue","Centennial Puzzle","Potion Belt","PreservedInsect"],"potions_floor_usage":[6,6,6,16],"damage_taken":[{"damage":7,"enemies":"2 Louse","floor":1,"turns":2},{"damage":2,"enemies":"Small Slimes","floor":2,"turns":4},{"damage":0,"enemies":"Jaw Worm","floor":4,"turns":6},{"damage":20,"enemies":"Gremlin Nob","floor":6,"turns":5},{"damage":26,"enemies":"Lagavulin","floor":8,"turns":8},{"damage":0,"enemies":"Blue Slaver","floor":14,"turns":6},{"damage":11,"enemies":"Hexaghost","floor":16,"turns":9}],"seed_played":"2347272033052746363","potions_obtained":[{"floor":1,"key":"FearPotion"},{"floor":2,"key":"Block Potion"},{"floor":4,"key":"Regen Potion"},{"floor":6,"key":"Strength Potion"},{"floor":8,"key":"Ancient Potion"},{"floor":14,"key":"Weak Potion"}],"is_trial":false,"path_per_floor":["M","M","$","M","?","E","R","E","T","R","?","?","?","M","R","B"],"character_chosen":"DEFECT","items_purchased":["Coolheaded"],"campfire_rested":0,"item_purchase_floors":[3],"current_hp_per_floor":[68,66,66,66,55,49,49,23,23,23,23,23,8,8,8,0],"gold":371,"neow_bonus":"BOSS_RELIC","is_prod":false,"is_daily":false,"chose_seed":false,"campfire_upgraded":3,"win_rate":0,"timestamp":1553525517,"path_taken":["M","M","$","M","?","E","R","E","T","R","?","?","?","?","R","BOSS"],"build_version":"2019-01-23","purchased_purges":1,"victory":false,"max_hp_per_floor":[75,75,75,75,75,75,75,75,75,75,75,75,75,75,75,75],"card_choices":[{"not_picked":["Redo","Reprogram"],"picked":"Melter","floor":1},{"not_picked":["Barrage","Coolheaded"],"picked":"Glacier","floor":2},{"not_picked":["Compile Driver","Hello World","Beam Cell"],"picked":"SKIP","floor":4},{"not_picked":["Meteor Strike","Sweeping Beam"],"picked":"Undo","floor":6},{"not_picked":["Gash","Machine Learning"],"picked":"Consume","floor":8},{"not_picked":["White Noise","Conserve Battery"],"picked":"Hologram","floor":14}],"player_experience":594127,"relics_obtained":[{"floor":6,"key":"Centennial Puzzle"},{"floor":8,"key":"Potion Belt"},{"floor":9,"key":"PreservedInsect"}],"event_choices":[{"damage_healed":0,"gold_gain":75,"player_choice":"Gather Gold","damage_taken":11,"max_hp_gain":0,"max_hp_loss":0,"event_name":"World of Goop","floor":5,"gold_loss":0},{"damage_healed":0,"gold_gain":175,"player_choice":"AGREE","damage_taken":0,"max_hp_gain":0,"max_hp_loss":0,"event_name":"Liars Game","floor":11,"gold_loss":0,"cards_obtained":["Doubt"]},{"cards_removed":["Doubt"],"damage_healed":0,"gold_gain":0,"player_choice":"Forget","damage_taken":0,"max_hp_gain":0,"max_hp_loss":0,"event_name":"Living Wall","floor":12,"gold_loss":0},{"damage_healed":0,"gold_gain":0,"player_choice":"Entered Light","damage_taken":15,"max_hp_gain":0,"max_hp_loss":0,"event_name":"Shining Light","floor":13,"gold_loss":0,"cards_upgraded":["Undo","Strike_B"]}],"is_beta":false,"boss_relics":[],"items_purged_floors":[3],"is_endless":false,"potions_floor_spawned":[1,2,4,6,8,14],"killed_by":"Hexaghost","ascension_level":5}