{"gold_per_floor":[113,188,188,67,80,80,95,95,121,137,156,169,240,259,259,259],"floor_reached":16,"playtime":1028,"items_purged":["Strike_R"],"score":94,"play_id":"ca202f4e-a774-4468-97b3-a64106ed7205","local_time":"20190307105642","is_ascension_mode":false,"campfire_choices":[{"data":"Bash","floor":6,"key":"SMITH"},{"data":"Shrug It Off","floor":8,"key":"SMITH"},{"floor":15,"key":"REST"}],"neow_cost":"NONE","seed_source_timestamp":1866906182446131,"circlet_count":0,"master_deck":["Strike_R","Strike_R","Strike_R","Strike_R","Strike_R","Defend_R","Defend_R","Defend_R","Bash+1","Shrug It Off+1"],"relics":["Burning Blood","Ancient Tea Set","Dodecahedron"],"potions_floor_usage":[14],"damage_taken":[{"damage":0,"enemies":"2 Louse","floor":1,"turns":3},{"damage":7,"enemies":"Small Slimes","floor":5,"turns":3},{"damage":0,"enemies":"Cultist","floor":7,"turns":3},{"damage":35,"enemies":"Exordium Thugs","floor":10,"turns":7},{"damage":26,"enemies":"Large Slime","floor":11,"turns":9},{"damage":10,"enemies":"Looter","floor":12,"turns":3},{"damage":15,"enemies":"3 Louse","floor":14,"turns":6},{"damage":39,"enemies":"The Guardian","floor":16,"turns":9}],"seed_played":"-8602802416494076308","potions_obtained":[{"floor":5,"key":"BloodPotion"},{"floor":7,"key":"Dexterity Potion"},{"floor":11,"key":"Ancient Potion"}],"is_trial":false,"path_per_floor":["M","?","?","$","M","R","M","R","T","M","M","M","T","M","R","B"],"character_chosen":"IRONCLAD","items_purchased":["Shrug It Off"],"campfire_rested":1,"item_purchase_floors":[4],"current_hp_per_floor":[88,77,77,77,76,76,82,82,82,53,33,29,29,28,54,15],"gold":259,"neow_bonus":"TEN_PERCENT_HP_BONUS","is_prod":false,"is_daily":false,"chose_seed":false,"campfire_upgraded":2,"win_rate":0,"timestamp":1551923802,"path_taken":["M","?","?","$","M","R","?","R","T","M","M","M","?","M","R","BOSS"],"build_version":"2019-01-23","purchased_purges":1,"victory":false,"max_hp_per_floor":[88,88,88,88,88,88,88,88,88,88,88,88,88,88,88,88],"card_choices":[{"not_picked":["Wild Strike","Shrug It Off","Second Wind"],"picked":"SKIP","floor":1},{"not_picked":["Twin Strike","Havoc","Flex"],"picked":"SKIP","floor":5},{"not_picked":["Hemokinesis","Second Wind","Spot Weakness"],"picked":"SKIP","floor":7},{"not_picked":["Wild Strike","Fire Breathing","Rampage"],"picked":"SKIP","floor":10},{"not_picked":["Thunderclap","Iron Wave","Seeing Red"],"picked":"SKIP","floor":11},{"not_picked":["Rampage","Pommel Strike","Sword Boomerang"],"picked":"SKIP","floor":12},{"not_picked":["Corruption","Searing Blow","Reaper"],"picked":"SKIP","floor":14}],"player_experience":164028,"relics_obtained":[{"floor":9,"key":"Ancient Tea Set"},{"floor":13,"key":"Dodecahedron"}],"event_choices":[{"damage_healed":0,"gold_gain":75,"player_choice":"Gather Gold","damage_taken":11,"max_hp_gain":0,"max_hp_loss":0,"event_name":"World of Goop","floor":2,"gold_loss":0},{"cards_removed":["Defend_R"],"damage_healed":0,"gold_gain":0,"player_choice":"Took Card","damage_taken":0,"max_hp_gain":0,"max_hp_loss":0,"event_name":"NoteForYourself","floor":3,"gold_loss":0,"cards_obtained":["Strike_R"]}],"is_beta":false,"boss_relics":[],"items_purged_floors":[4],"is_endless":false,"potions_floor_spawned":[5,7,11],"killed_by":"The Guardian","ascension_level":0}