{"gold_per_floor":[118,168,93,93,168,168,200,200,200,200,220,220,230,230],"floor_reached":14,"playtime":264,"items_purged":["Strike_R"],"score":155,"play_id":"bd141e03-840b-4d87-9456-b63f49b2a3ea","local_time":"20190320150743","is_ascension_mode":true,"campfire_choices":[{"data":"Seeing Red","floor":6,"key":"SMITH"},{"data":"Bash","floor":8,"key":"SMITH"},{"data":"Bludgeon","floor":10,"key":"SMITH"}],"neow_cost":"NONE","seed_source_timestamp":446093841935993,"circlet_count":0,"master_deck":["AscendersBane","Strike_R","Strike_R","Strike_R","Defend_R","Defend_R","Defend_R","Defend_R","Bash+1","Bludgeon+1","Seeing Red+1","Headbutt"],"relics":["Burning Blood","Singing Bowl","Kunai","Boot"],"potions_floor_usage":[14],"damage_taken":[{"damage":2,"enemies":"2 Louse","floor":1,"turns":3},{"damage":35,"enemies":"Lagavulin","floor":7,"turns":5},{"damage":6,"enemies":"Cultist","floor":11,"turns":3},{"damage":4,"enemies":"Small Slimes","floor":13,"turns":2},{"damage":35,"enemies":"3 Sentries","floor":14,"turns":6}],"seed_played":"2202239237102241182","potions_obtained":[{"floor":1,"key":"LiquidBronze"},{"floor":13,"key":"Poison Potion"}],"is_trial":false,"path_per_floor":["M","?","$","T","?","R","E","R","T","R","M","?","M","E"],"character_chosen":"IRONCLAD","items_purchased":[],"campfire_rested":0,"item_purchase_floors":[],"current_hp_per_floor":[72,72,72,72,61,61,34,34,34,34,36,36,40,5],"gold":230,"neow_bonus":"ONE_RANDOM_RARE_CARD","is_prod":false,"is_daily":false,"chose_seed":false,"campfire_upgraded":3,"win_rate":0,"timestamp":1553062063,"path_taken":["M","?","$","?","?","R","E","R","T","R","M","?","?","E"],"build_version":"2019-01-23","purchased_purges":1,"victory":false,"max_hp_per_floor":[75,75,75,75,75,75,77,77,77,77,79,79,81,81],"card_choices":[{"not_picked":["Twin Strike","Flame Barrier"],"picked":"Seeing Red","floor":1},{"not_picked":["Blood for Blood","Fiend Fire","Rupture"],"picked":"Singing Bowl","floor":7},{"not_picked":["Uppercut","Sword Boomerang","Sentinel"],"picked":"Singing Bowl","floor":11},{"not_picked":["Metallicize","Heavy Blade","Perfected Strike"],"picked":"Singing Bowl","floor":13}],"player_experience":458787,"relics_obtained":[{"floor":4,"key":"Singing Bowl"},{"floor":7,"key":"Kunai"},{"floor":9,"key":"Boot"}],"event_choices":[{"damage_healed":0,"gold_gain":50,"player_choice":"Pray","damage_taken":0,"max_hp_gain":0,"max_hp_loss":0,"event_name":"Golden Shrine","floor":2,"gold_loss":0},{"damage_healed":0,"gold_gain":75,"player_choice":"Gather Gold","damage_taken":11,"max_hp_gain":0,"max_hp_loss":0,"event_name":"World of Goop","floor":5,"gold_loss":0},{"damage_healed":0,"gold_gain":0,"cards_transformed":["Strike_R"],"player_choice":"Transformed","damage_taken":0,"max_hp_gain":0,"max_hp_loss":0,"event_name":"Transmorgrifier","floor":12,"gold_loss":0,"cards_obtained":["Headbutt"]}],"is_beta":false,"boss_relics":[],"items_purged_floors":[3],"is_endless":false,"potions_floor_spawned":[1,13],"killed_by":"3 Sentries","ascension_level":16}