{"gold_per_floor":[13,26,36,47,12,12,29,44,44,77,91,91,125,144,144,223,223,239,209,228,34,34,34,65,18,42,42],"floor_reached":27,"playtime":1418,"items_purged":["Strike_B"],"score":417,"play_id":"7968bbf1-5134-40ea-8f4f-18a8b2e76f22","local_time":"20190415122315","is_ascension_mode":true,"campfire_choices":[{"data":"Coolheaded","floor":6.0,"key":"SMITH"},{"floor":12.0,"key":"REST"},{"data":"Recycle","floor":15.0,"key":"SMITH"},{"data":"Creative AI","floor":23.0,"key":"SMITH"}],"neow_cost":"NO_GOLD","seed_source_timestamp":7469580093916,"circlet_count":0,"master_deck":["AscendersBane","Strike_B","Strike_B","Defend_B","Defend_B","Defend_B","Zap","Dualcast","Lockon","Sunder","Coolheaded+1","Glacier","Ball Lightning","Consume","Fusion","Recycle+1","Chill","Creative AI+1","Tempest","Capacitor","Heatsinks","Conserve Battery","Tempest","Coolheaded"],"special_seed":0,"relics":["Cracked Core","Pear","Bag of Marbles","Boot","Philosopher\u0027s Stone","Letter Opener","Bronze Scales"],"potions_floor_usage":[],"damage_taken":[{"damage":1.0,"enemies":"Cultist","floor":1.0,"turns":3.0},{"damage":0.0,"enemies":"Small Slimes","floor":2.0,"turns":2.0},{"damage":4.0,"enemies":"Jaw Worm","floor":3.0,"turns":4.0},{"damage":13.0,"enemies":"Red Slaver","floor":4.0,"turns":4.0},{"damage":6.0,"enemies":"Blue Slaver","floor":7.0,"turns":4.0},{"damage":0.0,"enemies":"Exordium Wildlife","floor":8.0,"turns":2.0},{"damage":25.0,"enemies":"3 Sentries","floor":10.0,"turns":7.0},{"damage":3.0,"enemies":"Lots of Slimes","floor":11.0,"turns":3.0},{"damage":10.0,"enemies":"Gremlin Nob","floor":13.0,"turns":3.0},{"damage":0.0,"enemies":"Large Slime","floor":14.0,"turns":3.0},{"damage":33.0,"enemies":"The Guardian","floor":16.0,"turns":15.0},{"damage":6.0,"enemies":"2 Thieves","floor":18.0,"turns":4.0},{"damage":3.0,"enemies":"Spheric Guardian","floor":20.0,"turns":4.0},{"damage":22.0,"enemies":"Gremlin Leader","floor":24.0,"turns":8.0},{"damage":27,"enemies":"Slavers","floor":27,"turns":2}],"seed_played":"7218497801123411222","potions_obtained":[{"floor":2.0,"key":"SkillPotion"},{"floor":3.0,"key":"Swift Potion"},{"floor":11.0,"key":"Energy Potion"},{"floor":13.0,"key":"SkillPotion"},{"floor":18.0,"key":"Ancient Potion"}],"is_trial":false,"path_per_floor":["M","M","M","M","?","R","M","M","T","E","M","R","E","M","R","B",null,"M","?","M","$","?","R","E","$","T","E"],"character_chosen":"DEFECT","items_purchased":["Heatsinks","Conserve Battery","Coolheaded"],"campfire_rested":1,"item_purchase_floors":[21,21,25],"current_hp_per_floor":[63,63,59,46,63,63,57,57,67,42,39,63,53,53,53,20,66,60,60,57,57,57,57,35,35,35,8],"gold":42,"neow_bonus":"TRANSFORM_TWO_CARDS","is_prod":false,"is_daily":false,"chose_seed":false,"campfire_upgraded":3,"win_rate":0,"timestamp":1555298595,"path_taken":["M","M","?","M","?","R","M","M","T","E","M","R","E","M","R","BOSS","M","?","?","$","?","R","E","?","T","E"],"build_version":"2019-01-23","purchased_purges":1,"victory":false,"max_hp_per_floor":[71,71,71,71,71,71,71,71,81,81,81,81,81,81,81,81,81,81,81,81,81,81,81,81,81,81,81],"card_choices":[{"not_picked":["Sweeping Beam","Chaos","Sunder"],"picked":"SKIP","floor":1.0},{"not_picked":["Redo","Sunder"],"picked":"Coolheaded","floor":2.0},{"not_picked":["Doom and Gloom","Sweeping Beam","Rip and Tear"],"picked":"SKIP","floor":3.0},{"not_picked":["Turbo","Darkness"],"picked":"Glacier","floor":4.0},{"not_picked":["Storm","Reprogram"],"picked":"Ball Lightning","floor":7.0},{"not_picked":["Turbo","Hologram"],"picked":"Consume","floor":8.0},{"not_picked":["Storm","Lockon"],"picked":"Fusion","floor":10.0},{"not_picked":["Sweeping Beam","FTL"],"picked":"Recycle","floor":11.0},{"not_picked":["Lockon","Consume","Skim"],"picked":"SKIP","floor":13.0},{"not_picked":["Leap","Turbo"],"picked":"Chill","floor":14.0},{"not_picked":["Buffer","Multi-Cast"],"picked":"Creative AI","floor":16.0},{"not_picked":["BootSequence","Fusion"],"picked":"Tempest","floor":18.0},{"not_picked":["Doom and Gloom","Melter"],"picked":"Capacitor","floor":20.0},{"not_picked":["Turbo","Scrape"],"picked":"Tempest","floor":24.0}],"player_experience":574971,"relics_obtained":[{"floor":9.0,"key":"Pear"},{"floor":10.0,"key":"Bag of Marbles"},{"floor":13.0,"key":"Boot"},{"floor":24.0,"key":"Letter Opener"},{"floor":26.0,"key":"Bronze Scales"}],"event_choices":[{"damage_healed":17.0,"max_hp_gain":0.0,"max_hp_loss":0.0,"gold_gain":0.0,"event_name":"The Cleric","player_choice":"Healed","floor":5.0,"gold_loss":35.0,"damage_taken":0.0},{"damage_healed":0.0,"max_hp_gain":0.0,"max_hp_loss":0.0,"gold_gain":0.0,"event_name":"The Woman in Blue","player_choice":"Bought 2 Potions","floor":19.0,"gold_loss":0.0,"damage_taken":0.0},{"damage_healed":0.0,"max_hp_gain":0.0,"max_hp_loss":0.0,"gold_gain":0.0,"event_name":"Beggar","player_choice":"Ignored","floor":22.0,"gold_loss":0.0,"damage_taken":0.0}],"is_beta":false,"boss_relics":[{"not_picked":["Eternal Feather","Fusion Hammer"],"picked":"Philosopher\u0027s Stone"}],"items_purged_floors":[21],"is_endless":false,"potions_floor_spawned":[2,3,11,13,18,20],"killed_by":"Slavers","ascension_level":14}