{"gold_per_floor":[112,112,128,6,23,53,53,53,53,53],"floor_reached":10,"playtime":579,"items_purged":[],"score":125,"play_id":"7a9362a1-2be4-4c8c-a919-8c9caab19f37","local_time":"20190329154821","is_ascension_mode":true,"campfire_choices":[{"data":"1","floor":7,"key":"LIFT"}],"neow_cost":"PERCENT_DAMAGE","seed_source_timestamp":13165599191723,"circlet_count":0,"master_deck":["AscendersBane","Defend_G","Defend_G","Defend_G","Defend_G","Defend_G","Strike_G","Strike_G","Strike_G","Strike_G","Strike_G","Survivor","Neutralize","Poisoned Stab","Bouncing Flask","Bandage Up","Prepared","Poisoned Stab","Blur"],"relics":["Ring of the Snake","Girya","Bag of Marbles","Pear","Question Card"],"potions_floor_usage":[6,6,8],"damage_taken":[{"damage":10,"enemies":"Cultist","floor":1,"turns":5},{"damage":0,"enemies":"Jaw Worm","floor":3,"turns":4},{"damage":0,"enemies":"2 Louse","floor":5,"turns":3},{"damage":14,"enemies":"3 Sentries","floor":6,"turns":9},{"damage":0,"enemies":"Lagavulin","floor":8,"turns":3},{"damage":30,"enemies":"3 Sentries","floor":10,"turns":8}],"seed_played":"1506387289063226494","potions_obtained":[{"floor":1,"key":"Weak Potion"},{"floor":5,"key":"Explosive Potion"},{"floor":6,"key":"SmokeBomb"}],"is_trial":false,"path_per_floor":["M","?","M","$","M","E","R","E","T","E"],"character_chosen":"THE_SILENT","items_purchased":["Bandage Up","Prepared"],"campfire_rested":0,"item_purchase_floors":[4,4],"current_hp_per_floor":[35,17,17,17,21,21,21,25,25,0],"gold":53,"neow_bonus":"ONE_RARE_RELIC","is_prod":false,"is_daily":false,"chose_seed":false,"campfire_upgraded":0,"win_rate":0,"timestamp":1553842101,"path_taken":["M","?","M","$","M","E","R","E","T","E"],"build_version":"2019-01-23","purchased_purges":0,"victory":false,"max_hp_per_floor":[70,70,70,70,70,80,80,80,80,80],"card_choices":[{"not_picked":["Deflect","Acrobatics"],"picked":"Poisoned Stab","floor":1},{"not_picked":["Flying Knee","Accuracy"],"picked":"Bouncing Flask","floor":3},{"not_picked":["Acrobatics","Dagger Spray"],"picked":"Poisoned Stab","floor":5},{"not_picked":["Outmaneuver","Dagger Throw"],"picked":"Blur","floor":6}],"player_experience":619184,"relics_obtained":[{"floor":6,"key":"Pear"},{"floor":9,"key":"Question Card"}],"event_choices":[{"damage_healed":0,"gold_gain":0,"player_choice":"Success","damage_taken":18,"relics_obtained":["Bag of Marbles"],"max_hp_gain":0,"max_hp_loss":0,"event_name":"Scrap Ooze","floor":2,"gold_loss":0}],"is_beta":false,"boss_relics":[],"items_purged_floors":[],"is_endless":false,"potions_floor_spawned":[1,5,6],"killed_by":"3 Sentries","ascension_level":13}