{"gold_per_floor":[210,210,10,10,28,28,55,71,71,71,86,111,126,144,144,248,248,266,174,174,184,18,18,30,65,90,90,117,117,137,156,156,258,258,276,296,296,296,43,43,70,70],"floor_reached":42,"playtime":2663,"items_purged":["Strike_B","Writhe"],"score":525,"play_id":"10e7f5e9-154a-4356-a3ef-ddb3181196ea","local_time":"20190405211633","is_ascension_mode":true,"campfire_choices":[{"data":"Zap","floor":6,"key":"SMITH"},{"data":"Coolheaded","floor":10,"key":"SMITH"},{"data":"Coolheaded","floor":15,"key":"SMITH"},{"data":"Coolheaded","floor":23,"key":"SMITH"},{"floor":29,"key":"REST"},{"floor":32,"key":"REST"}],"neow_cost":"NONE","seed_source_timestamp":29743255164596,"circlet_count":0,"master_deck":["Strike_B","Strike_B","Strike_B","Defend_B","Defend_B","Defend_B","Zap+1","Dualcast","Auto Shields","Gash","Compile Driver","Coolheaded+1","Blizzard","Go for the Eyes","Leap","Coolheaded+1","Biased Cognition","Hologram","Glacier","Defragment","Coolheaded+1","Hologram","Beam Cell","Skim","Machine Learning","Necronomicurse","Self Repair","Blizzard","Cold Snap+1","Coolheaded+1","Cold Snap","Turbo+1","Hologram+1","Turbo+1"],"relics":["Cracked Core","Membership Card","Letter Opener","Mercury Hourglass","Blood Vial","Black Star","Shuriken","DataDisk","Toxic Egg 2","Smiling Mask","Necronomicon","Pen Nib","Centennial Puzzle","Cursed Key","Gremlin Horn","PreservedInsect","Happy Flower","Du-Vu Doll","Bottled Lightning"],"potions_floor_usage":[16,16,16,24,28],"damage_taken":[{"damage":1,"enemies":"Cultist","floor":1,"turns":3},{"damage":2,"enemies":"Jaw Worm","floor":5,"turns":3},{"damage":19,"enemies":"Gremlin Nob","floor":7,"turns":4},{"damage":0,"enemies":"Small Slimes","floor":8,"turns":3},{"damage":2,"enemies":"Exordium Wildlife","floor":11,"turns":4},{"damage":13,"enemies":"Lagavulin","floor":12,"turns":5},{"damage":2,"enemies":"2 Fungi Beasts","floor":13,"turns":3},{"damage":0,"enemies":"Large Slime","floor":14,"turns":5},{"damage":7,"enemies":"Hexaghost","floor":16,"turns":8},{"damage":11,"enemies":"3 Byrds","floor":18,"turns":3},{"damage":0,"enemies":"Chosen","floor":21,"turns":4},{"damage":11,"enemies":"Snecko","floor":24,"turns":7},{"damage":25,"enemies":"Book of Stabbing","floor":25,"turns":7},{"damage":11,"enemies":"Gremlin Leader","floor":28,"turns":9},{"damage":3,"enemies":"Centurion and Healer","floor":30,"turns":8},{"damage":14,"enemies":"Shelled Parasite and Fungi","floor":31,"turns":7},{"damage":17,"enemies":"Champ","floor":33,"turns":16},{"damage":17,"enemies":"3 Darklings","floor":35,"turns":6},{"damage":0,"enemies":"Orb Walker","floor":36,"turns":5},{"damage":15,"enemies":"Nemesis","floor":41,"turns":9},{"damage":0,"enemies":"4 Shapes","floor":42,"turns":1}],"seed_played":"-8620131076387518508","potions_obtained":[{"floor":1,"key":"LiquidBronze"},{"floor":8,"key":"Dexterity Potion"},{"floor":13,"key":"SteroidPotion"},{"floor":14,"key":"Strength Potion"},{"floor":16,"key":"AttackPotion"},{"floor":18,"key":"Strength Potion"},{"floor":24,"key":"Energy Potion"},{"floor":28,"key":"Poison Potion"},{"floor":30,"key":"SpeedPotion"}],"is_trial":false,"path_per_floor":["M","?","$","?","M","R","E","M","T","R","M","E","M","M","R","B",null,"M","$","?","M","$","R","M","E","T","?","E","R","M","M","R","B",null,"M","M","?","T","$","?","E","M"],"character_chosen":"DEFECT","items_purchased":["Membership Card","Glacier","Defragment","Hologram","Shuriken","Beam Cell","PreservedInsect","Happy Flower","Turbo+1","Hologram+1"],"campfire_rested":2,"item_purchase_floors":[3,19,19,22,22,22,39,39,39,39],"current_hp_per_floor":[74,79,79,72,70,70,51,51,51,51,49,36,36,38,38,33,80,69,69,69,71,71,71,62,39,39,23,14,38,44,32,56,48,80,63,72,72,72,72,72,66,68],"gold":70,"neow_bonus":"HUNDRED_GOLD","is_prod":false,"is_daily":false,"chose_seed":false,"campfire_upgraded":4,"win_rate":0,"timestamp":1554491793,"path_taken":["M","?","$","?","?","R","E","M","T","R","M","E","M","M","R","BOSS","M","$","?","M","$","R","M","E","T","?","E","R","M","M","R","BOSS","M","M","?","?","$","?","E","M"],"build_version":"2019-01-23","purchased_purges":2,"victory":false,"max_hp_per_floor":[75,80,80,80,80,80,80,80,80,80,80,80,80,80,80,80,80,80,80,80,80,80,80,80,80,80,80,80,80,80,80,80,80,80,80,80,76,76,76,76,76,76],"card_choices":[{"not_picked":["Turbo","Go for the Eyes"],"picked":"Auto Shields","floor":1},{"not_picked":["Coolheaded","Auto Shields"],"picked":"Gash","floor":5},{"not_picked":["Rainbow","Steam"],"picked":"Compile Driver","floor":7},{"not_picked":["Rebound","Conserve Battery"],"picked":"Coolheaded","floor":8},{"not_picked":["Consume","Static Discharge"],"picked":"Blizzard","floor":11},{"not_picked":["Coolheaded","Storm"],"picked":"Go for the Eyes","floor":12},{"not_picked":["Force Field","Hyperbeam"],"picked":"Leap","floor":13},{"not_picked":["Rip and Tear","Reprogram"],"picked":"Coolheaded","floor":14},{"not_picked":["All For One","Amplify"],"picked":"Biased Cognition","floor":16},{"not_picked":["Chaos","Force Field"],"picked":"Hologram","floor":18},{"not_picked":["Barrage+1","Stack","Turbo"],"picked":"SKIP","floor":21},{"not_picked":["Aggregate+1","Steam"],"picked":"Skim","floor":24},{"not_picked":["Barrage","Double Energy"],"picked":"Machine Learning","floor":25},{"not_picked":["Redo+1","Conserve Battery+1"],"picked":"Self Repair","floor":28},{"not_picked":["Hologram+1","Aggregate+1"],"picked":"Blizzard","floor":30},{"not_picked":["Ball Lightning","Doom and Gloom"],"picked":"Cold Snap+1","floor":31},{"not_picked":["Sunder+1","Redo+1"],"picked":"Coolheaded+1","floor":35},{"not_picked":["Turbo+1","Barrage"],"picked":"Cold Snap","floor":36},{"not_picked":["Skim+1","Beam Cell"],"picked":"Turbo+1","floor":41}],"player_experience":229949,"relics_obtained":[{"floor":7,"key":"Letter Opener"},{"floor":9,"key":"Mercury Hourglass"},{"floor":12,"key":"Blood Vial"},{"floor":25,"key":"DataDisk"},{"floor":25,"key":"Toxic Egg 2"},{"floor":26,"key":"Smiling Mask"},{"floor":27,"key":"Necronomicon"},{"floor":28,"key":"Pen Nib"},{"floor":28,"key":"Centennial Puzzle"},{"floor":38,"key":"Gremlin Horn"},{"floor":41,"key":"Du-Vu Doll"},{"floor":41,"key":"Bottled Lightning"}],"event_choices":[{"damage_healed":0,"gold_gain":0,"player_choice":"Donut","damage_taken":0,"max_hp_gain":5,"max_hp_loss":0,"event_name":"Big Fish","floor":2,"gold_loss":0},{"cards_removed":["Defend_B"],"damage_healed":0,"gold_gain":0,"player_choice":"Card Removal","damage_taken":7,"max_hp_gain":0,"max_hp_loss":0,"event_name":"Golden Wing","floor":4,"gold_loss":0},{"damage_healed":0,"gold_gain":0,"player_choice":"Read","damage_taken":0,"max_hp_gain":0,"max_hp_loss":0,"event_name":"The Library","floor":20,"gold_loss":0,"cards_obtained":["Coolheaded"]},{"damage_healed":0,"gold_gain":0,"player_choice":"Obtained Book","damage_taken":16,"max_hp_gain":0,"max_hp_loss":0,"event_name":"Cursed Tome","floor":27,"gold_loss":0},{"damage_healed":0,"gold_gain":0,"player_choice":"Max HP","damage_taken":0,"max_hp_gain":0,"max_hp_loss":4,"event_name":"Winding Halls","floor":37,"gold_loss":0},{"damage_healed":0,"gold_gain":0,"player_choice":"Ignored","damage_taken":0,"max_hp_gain":0,"max_hp_loss":0,"event_name":"NoteForYourself","floor":40,"gold_loss":0}],"is_beta":false,"boss_relics":[{"not_picked":["Tiny House","Snecko Eye"],"picked":"Black Star"},{"not_picked":["Empty Cage","Calling Bell"],"picked":"Cursed Key"}],"items_purged_floors":[19,39],"is_endless":false,"potions_floor_spawned":[1,8,13,14,16,18,24,28,30,33,35,36],"killed_by":"4 Shapes","ascension_level":1}