{"gold_per_floor":[112,126,46,58,78,78,95,126,126,146,165,175,210,226,226,327,327,344,259,274,274,287,287,287],"floor_reached":24,"playtime":1450,"items_purged":[],"score":335,"play_id":"fc7190f5-0330-4d63-912a-d6f9ed8ffad3","local_time":"20190405201507","is_ascension_mode":true,"campfire_choices":[{"data":"Dualcast","floor":6,"key":"SMITH"},{"floor":15,"key":"REST"},{"floor":23,"key":"REST"}],"neow_cost":"NONE","seed_source_timestamp":27268367249709,"circlet_count":0,"master_deck":["Strike_B","Strike_B","Strike_B","Strike_B","Defend_B","Defend_B","Defend_B","Defend_B","Zap+1","Dualcast+1","Steam","Leap","Defragment","Streamline","Loop","Cold Snap","BootSequence","Steam","Conserve Battery","Cold Snap","Darkness","Meteor Strike","Consume","Ball Lightning","Steam+1"],"relics":["Cracked Core","Mango","Mummified Hand","Pen Nib","Inserter","Turnip"],"potions_floor_usage":[13,24,24],"damage_taken":[{"damage":0,"enemies":"Small Slimes","floor":1,"turns":2},{"damage":1,"enemies":"Jaw Worm","floor":2,"turns":3},{"damage":0,"enemies":"Cultist","floor":4,"turns":3},{"damage":0,"enemies":"3 Louse","floor":5,"turns":4},{"damage":3,"enemies":"Looter","floor":7,"turns":3},{"damage":26,"enemies":"Gremlin Nob","floor":8,"turns":5},{"damage":16,"enemies":"Gremlin Gang","floor":10,"turns":5},{"damage":0,"enemies":"Blue Slaver","floor":11,"turns":4},{"damage":0,"enemies":"Large Slime","floor":12,"turns":4},{"damage":9,"enemies":"Lagavulin","floor":13,"turns":7},{"damage":12,"enemies":"Exordium Wildlife","floor":14,"turns":3},{"damage":18,"enemies":"Slime Boss","floor":16,"turns":11},{"damage":7,"enemies":"Chosen","floor":18,"turns":7},{"damage":2,"enemies":"Spheric Guardian","floor":20,"turns":4},{"damage":38,"enemies":"Shelled Parasite and Fungi","floor":22,"turns":8},{"damage":40,"enemies":"Gremlin Leader","floor":24,"turns":7}],"seed_played":"-7243516558200893943","potions_obtained":[{"floor":1,"key":"Weak Potion"},{"floor":4,"key":"Ancient Potion"},{"floor":8,"key":"Fire Potion"},{"floor":14,"key":"FocusPotion"}],"is_trial":false,"path_per_floor":["M","M","$","M","M","R","M","E","T","M","M","M","E","M","R","B",null,"M","?","M","?","M","R","E"],"character_chosen":"DEFECT","items_purchased":["Defragment"],"campfire_rested":2,"item_purchase_floors":[3],"current_hp_per_floor":[68,67,67,67,67,67,64,52,52,36,36,36,27,15,41,23,73,66,66,64,47,9,37,0],"gold":287,"neow_bonus":"UPGRADE_CARD","is_prod":false,"is_daily":false,"chose_seed":false,"campfire_upgraded":1,"win_rate":0,"timestamp":1554488107,"path_taken":["M","M","$","M","M","R","M","E","T","M","M","M","E","M","R","BOSS","M","?","M","?","M","R","E"],"build_version":"2019-01-23","purchased_purges":0,"victory":false,"max_hp_per_floor":[75,75,75,75,75,75,75,89,89,89,89,89,89,89,89,89,89,89,89,89,94,94,94,94],"card_choices":[{"not_picked":["Chaos","Barrage"],"picked":"Steam","floor":1},{"not_picked":["Scrape","Stack"],"picked":"Leap","floor":2},{"not_picked":["Hello World","Stack"],"picked":"Streamline","floor":4},{"not_picked":["Fusion","Recycle"],"picked":"Loop","floor":5},{"not_picked":["Double Energy","Compile Driver"],"picked":"Cold Snap","floor":7},{"not_picked":["Hello World","All For One"],"picked":"BootSequence","floor":8},{"not_picked":["Hologram","Reprogram"],"picked":"Steam","floor":10},{"not_picked":["Reprogram","Rebound","Redo"],"picked":"SKIP","floor":11},{"not_picked":["Rebound","Chaos"],"picked":"Conserve Battery","floor":12},{"not_picked":["Force Field","Fission"],"picked":"Cold Snap","floor":13},{"not_picked":["Undo","FTL"],"picked":"Darkness","floor":14},{"not_picked":["Reboot","Hyperbeam"],"picked":"Meteor Strike","floor":16},{"not_picked":["Barrage","Loop"],"picked":"Consume","floor":18},{"not_picked":["Recycle","Fusion"],"picked":"Ball Lightning","floor":20},{"not_picked":["Turbo","Defragment"],"picked":"Steam+1","floor":22}],"player_experience":227497,"relics_obtained":[{"floor":8,"key":"Mango"},{"floor":9,"key":"Mummified Hand"},{"floor":13,"key":"Pen Nib"}],"event_choices":[{"damage_healed":0,"gold_gain":0,"player_choice":"Obtained Relic","damage_taken":0,"relics_obtained":["Turnip"],"max_hp_gain":0,"max_hp_loss":0,"event_name":"Addict","floor":19,"gold_loss":85},{"damage_healed":0,"gold_gain":0,"player_choice":"Shed Blood","damage_taken":22,"max_hp_gain":5,"max_hp_loss":0,"event_name":"Forgotten Altar","floor":21,"gold_loss":0}],"is_beta":false,"boss_relics":[{"not_picked":["Lizard Tail","FrozenCore"],"picked":"Inserter"}],"items_purged_floors":[],"is_endless":false,"potions_floor_spawned":[1,4,8,12,14,16,20,22],"killed_by":"Gremlin Leader","ascension_level":9}