{"gold_per_floor":[116,127,402,7,17,42,42,42,42,62,27,53,53,53,53,130,130,149,149,183,201,218,218,246,246,271,282,282,382,395,88,88,164,164,178,9,109,124,142,142,176,176,203,230,230,230,230,255,255,255],"floor_reached":51,"playtime":2989,"items_purged":["Regret","Strike_B"],"score":1597,"play_id":"3956640c-47a0-472e-88d4-73ced80cab7f","local_time":"20190415230254","is_ascension_mode":true,"campfire_choices":[{"floor":7.0,"key":"REST"},{"data":"Consume","floor":13.0,"key":"SMITH"},{"data":"Fission","floor":15.0,"key":"SMITH"},{"floor":23.0,"key":"REST"},{"data":"Defragment","floor":25.0,"key":"SMITH"},{"data":"Lockon","floor":28.0,"key":"SMITH"},{"data":"Recycle","floor":32.0,"key":"SMITH"},{"floor":40,"key":"REST"},{"data":"Self Repair","floor":42,"key":"SMITH"},{"data":"Capacitor","floor":45,"key":"SMITH"},{"data":"Blizzard","floor":49,"key":"SMITH"}],"neow_cost":"NONE","seed_source_timestamp":0,"circlet_count":0,"master_deck":["AscendersBane","Strike_B","Strike_B","Defend_B","Defend_B","Defend_B","Zap","Dualcast","Coolheaded","Consume+1","Capacitor+1","Steam","Undo","Melter","Cold Snap","Ball Lightning","Fission+1","Electrodynamics","Coolheaded","Lockon+1","Defragment+1","Capacitor","Recycle+1","Defragment+1","Fission+1","Self Repair+1","Double Energy+1","Compile Driver+1","Conserve Battery+1","Blizzard+1"],"special_seed":0,"relics":["FrozenCore","NeowsBlessing","DataDisk","Du-Vu Doll","Sundial","Question Card","Cables","Red Mask","Ornamental Fan","Lantern","Torii","Toxic Egg 2","Incense Burner","Sozu","Ice Cream","Gambling Chip","Juzu Bracelet","Art of War","Prayer Wheel","Calipers"],"potions_floor_usage":[50,50],"damage_taken":[{"damage":0.0,"enemies":"Cultist","floor":1.0,"turns":1.0},{"damage":0.0,"enemies":"2 Louse","floor":2.0,"turns":1.0},{"damage":0.0,"enemies":"Small Slimes","floor":5.0,"turns":1.0},{"damage":25.0,"enemies":"3 Sentries","floor":6.0,"turns":8.0},{"damage":15.0,"enemies":"3 Louse","floor":10.0,"turns":2.0},{"damage":17.0,"enemies":"Lagavulin","floor":12.0,"turns":8.0},{"damage":16.0,"enemies":"Slime Boss","floor":16.0,"turns":8.0},{"damage":0.0,"enemies":"Spheric Guardian","floor":18.0,"turns":3.0},{"damage":9.0,"enemies":"Masked Bandits","floor":20.0,"turns":2.0},{"damage":3.0,"enemies":"2 Thieves","floor":21.0,"turns":5.0},{"damage":1.0,"enemies":"Centurion and Healer","floor":22.0,"turns":4.0},{"damage":0.0,"enemies":"Book of Stabbing","floor":24.0,"turns":8.0},{"damage":0.0,"enemies":"Snake Plant","floor":27.0,"turns":5.0},{"damage":0.0,"enemies":"Colosseum Slavers","floor":29.0,"turns":4.0},{"damage":17.0,"enemies":"Colosseum Nobs","floor":29.0,"turns":4.0},{"damage":0.0,"enemies":"Cultist and Chosen","floor":30.0,"turns":6.0},{"damage":0.0,"enemies":"Automaton","floor":33.0,"turns":10.0},{"damage":0.0,"enemies":"3 Shapes","floor":35.0,"turns":6.0},{"damage":0,"enemies":"Mind Bloom Boss Battle","floor":37,"turns":4},{"damage":0,"enemies":"3 Darklings","floor":38,"turns":4},{"damage":15,"enemies":"Transient","floor":39,"turns":5},{"damage":0,"enemies":"Nemesis","floor":41,"turns":9},{"damage":1,"enemies":"Reptomancer","floor":44,"turns":6},{"damage":0,"enemies":"Giant Head","floor":48,"turns":10},{"damage":0,"enemies":"Awakened One","floor":50,"turns":13}],"seed_played":"6833043359382257354","potions_obtained":[{"floor":2.0,"key":"FocusPotion"},{"floor":16.0,"key":"Swift Potion"},{"floor":22.0,"key":"SkillPotion"},{"floor":27.0,"key":"Swift Potion"}],"is_trial":false,"path_per_floor":["M","M","?","$","M","E","R","?","T","M","?","E","R","?","R","B",null,"M","?","?","M","M","R","E","R","T","M","R","?","M","$","R","B",null,"M","$","?","M","M","R","E","R","T","E","R","T","?","E","R","B",null],"character_chosen":"DEFECT","items_purchased":["DataDisk","Capacitor","Ball Lightning","Steam","Incense Burner","Self Repair"],"campfire_rested":3,"item_purchase_floors":[4,4,4,4,31,36],"current_hp_per_floor":[64,64,64,64,64,39,60,60,60,45,62,45,45,45,45,29,61,61,61,52,49,48,69,69,69,69,69,69,52,52,52,52,52,66,66,66,71,71,56,71,71,71,71,71,71,71,71,71,71,71],"gold":255,"neow_bonus":"THREE_ENEMY_KILL","is_prod":false,"is_daily":false,"chose_seed":false,"campfire_upgraded":8,"win_rate":0,"timestamp":1555336974,"path_taken":["M","?","?","$","?","E","R","?","T","?","?","E","R","?","R","BOSS","M","?","?","M","M","R","E","R","T","M","R","?","?","$","R","BOSS","M","$","?","M","M","R","E","R","T","E","R","?","?","E","R","BOSS"],"build_version":"2019-01-23","purchased_purges":2,"victory":true,"max_hp_per_floor":[71,71,71,71,71,71,71,71,71,71,71,71,71,71,71,71,71,71,71,71,71,71,71,71,71,71,71,71,71,71,71,71,71,71,71,71,71,71,71,71,71,71,71,71,71,71,71,71,71,71],"card_choices":[{"not_picked":["Ball Lightning","Doom and Gloom"],"picked":"Coolheaded","floor":1.0},{"not_picked":["Gash","Sweeping Beam"],"picked":"Consume","floor":2.0},{"not_picked":["Static Discharge","Compile Driver"],"picked":"Undo","floor":5.0},{"not_picked":["Sweeping Beam","FTL"],"picked":"Melter","floor":6.0},{"not_picked":["Redo","Sweeping Beam","Coolheaded"],"picked":"Cold Snap","floor":10.0},{"not_picked":["Double Energy","Sweeping Beam","Redo"],"picked":"Ball Lightning","floor":12.0},{"not_picked":["Multi-Cast","Meteor Strike","Amplify"],"picked":"Electrodynamics","floor":16.0},{"not_picked":["Sweeping Beam","Beam Cell","Redo"],"picked":"Coolheaded","floor":18.0},{"not_picked":["Hologram","Streamline","Stack"],"picked":"Lockon","floor":20.0},{"not_picked":["Gash","Redo","Rebound"],"picked":"Defragment","floor":21.0},{"not_picked":["Tempest+1","Coolheaded+1","Reinforced Body"],"picked":"Capacitor","floor":22.0},{"not_picked":["Go for the Eyes","Auto Shields+1","Coolheaded"],"picked":"Recycle","floor":24.0},{"not_picked":["Hologram","Beam Cell","BootSequence","Electrodynamics"],"picked":"SKIP","floor":27.0},{"not_picked":["Double Energy","Coolheaded","Compile Driver"],"picked":"Defragment+1","floor":29.0},{"not_picked":["Go for the Eyes+1","Barrage","Redo+1","Streamline"],"picked":"SKIP","floor":30.0},{"not_picked":["Meteor Strike","Reboot+1","Electrodynamics"],"picked":"Fission+1","floor":33.0},{"not_picked":["Barrage+1","Steam+1","Turbo+1","Storm+1"],"picked":"SKIP","floor":35},{"not_picked":["Cold Snap","Machine Learning","Turbo+1"],"picked":"Double Energy+1","floor":38},{"not_picked":["Streamline","Go for the Eyes","Stack+1"],"picked":"Compile Driver+1","floor":39},{"not_picked":["Steam+1","Streamline","Stack+1","Steam Power+1"],"picked":"SKIP","floor":41},{"not_picked":["Go for the Eyes","Doom and Gloom","Ball Lightning+1"],"picked":"Conserve Battery+1","floor":44},{"not_picked":["Hologram+1","FTL","Biased Cognition"],"picked":"Blizzard","floor":48}],"player_experience":588540,"relics_obtained":[{"floor":6.0,"key":"Du-Vu Doll"},{"floor":9.0,"key":"Question Card"},{"floor":12.0,"key":"Cables"},{"floor":20.0,"key":"Red Mask"},{"floor":24.0,"key":"Ornamental Fan"},{"floor":26.0,"key":"Lantern"},{"floor":29.0,"key":"Torii"},{"floor":29.0,"key":"Toxic Egg 2"},{"floor":37,"key":"Ice Cream"},{"floor":41,"key":"Gambling Chip"},{"floor":43,"key":"Juzu Bracelet"},{"floor":44,"key":"Art of War"},{"floor":46,"key":"Prayer Wheel"},{"floor":48,"key":"Calipers"}],"event_choices":[{"damage_healed":0.0,"max_hp_gain":0.0,"max_hp_loss":0.0,"gold_gain":275.0,"event_name":"Golden Shrine","player_choice":"Desecrate","floor":3.0,"gold_loss":0.0,"damage_taken":0.0,"cards_obtained":["Regret"]},{"cards_removed":["Ball Lightning"],"damage_healed":0.0,"max_hp_gain":0.0,"max_hp_loss":0.0,"gold_gain":0.0,"event_name":"WeMeetAgain","player_choice":"Gave Card","floor":8.0,"gold_loss":0.0,"damage_taken":0.0,"relics_obtained":["Sundial"]},{"damage_healed":17.0,"max_hp_gain":0.0,"max_hp_loss":0.0,"gold_gain":0.0,"event_name":"The Cleric","player_choice":"Healed","floor":11.0,"gold_loss":35.0,"damage_taken":0.0},{"damage_healed":0.0,"max_hp_gain":0.0,"max_hp_loss":0.0,"gold_gain":0.0,"cards_transformed":["Strike_B"],"event_name":"Living Wall","player_choice":"Change","floor":14.0,"gold_loss":0.0,"damage_taken":0.0,"cards_obtained":["Fission"]},{"damage_healed":0.0,"max_hp_gain":0.0,"max_hp_loss":0.0,"gold_gain":0.0,"event_name":"The Mausoleum","player_choice":"Ignored","floor":19.0,"gold_loss":0.0,"damage_taken":0.0},{"damage_healed":0.0,"max_hp_gain":0.0,"max_hp_loss":0.0,"gold_gain":0.0,"event_name":"Masked Bandits","player_choice":"Fought Bandits","floor":20.0,"gold_loss":0.0,"damage_taken":0.0},{"damage_healed":0.0,"max_hp_gain":0.0,"max_hp_loss":0.0,"gold_gain":0.0,"event_name":"Colosseum","player_choice":"Fight","floor":29.0,"gold_loss":0.0,"damage_taken":0.0},{"damage_healed":0.0,"max_hp_gain":0.0,"max_hp_loss":0.0,"gold_gain":0.0,"event_name":"Colosseum","player_choice":"Fought Nobs","floor":29.0,"gold_loss":0.0,"damage_taken":0.0},{"damage_healed":0,"gold_gain":0,"player_choice":"Fight","damage_taken":0,"max_hp_gain":0,"max_hp_loss":0,"event_name":"MindBloom","floor":37,"gold_loss":0},{"cards_removed":["Defend_B"],"damage_healed":0,"gold_gain":0,"player_choice":"Removed Skill","damage_taken":0,"max_hp_gain":0,"max_hp_loss":0,"event_name":"Falling","floor":47,"gold_loss":0}],"is_beta":false,"boss_relics":[{"not_picked":["Coffee Dripper","Fusion Hammer"],"picked":"FrozenCore"},{"not_picked":["Runic Pyramid","Eternal Feather"],"picked":"Sozu"}],"items_purged_floors":[4,36],"is_endless":false,"potions_floor_spawned":[2,16,18,21,22,27,38,39,41],"ascension_level":15}