{"gold_per_floor":[109,109,109,119,69,69,101,101,125,44,62,10,22,41,41,143,143,155,155,254,254,270,270,10,10],"floor_reached":25,"playtime":875,"items_purged":["Strike_R"],"score":314,"play_id":"54aeea38-4843-4ba2-85f8-df4ca58cf6bb","local_time":"20190315140237","is_ascension_mode":true,"campfire_choices":[{"data":"Bash","floor":6,"key":"SMITH"},{"floor":15,"key":"REST"},{"floor":23,"key":"REST"}],"neow_cost":"NONE","seed_source_timestamp":9555967645633,"circlet_count":0,"master_deck":["Strike_R","Strike_R","Strike_R","Strike_R","Defend_R","Defend_R","Defend_R","Bash+1","Combust+1","Flex","Hemokinesis","Inflame","Rupture","Shrug It Off","Pummel","Infernal Blade","Dark Embrace","Intimidate","Second Wind","Havoc","Warcry","Wild Strike","Feel No Pain","Infernal Blade","Transmutation"],"relics":["Burning Blood","NeowsBlessing","Boot","Bag of Preparation","Omamori","Bronze Scales","Orrery"],"potions_floor_usage":[16,18,22,22,22],"damage_taken":[{"damage":0,"enemies":"Jaw Worm","floor":1,"turns":1},{"damage":0,"enemies":"Small Slimes","floor":4,"turns":1},{"damage":1,"enemies":"3 Sentries","floor":7,"turns":1},{"damage":5,"enemies":"Cultist","floor":11,"turns":2},{"damage":26,"enemies":"Looter","floor":13,"turns":3},{"damage":10,"enemies":"2 Fungi Beasts","floor":14,"turns":3},{"damage":47,"enemies":"Slime Boss","floor":16,"turns":8},{"damage":42,"enemies":"Spheric Guardian","floor":18,"turns":6},{"damage":7,"enemies":"2 Thieves","floor":22,"turns":4},{"damage":41,"enemies":"Book of Stabbing","floor":25,"turns":4}],"seed_played":"268518587293046482","potions_obtained":[{"floor":7,"key":"Energy Potion"},{"floor":14,"key":"Explosive Potion"},{"floor":16,"key":"Block Potion"},{"floor":21,"key":"Dexterity Potion"},{"floor":21,"key":"EssenceOfSteel"}],"is_trial":false,"path_per_floor":["M","?","?","M","?","R","E","?","T","$","M","$","M","M","R","B",null,"M","?","?","?","M","R","$","E"],"character_chosen":"IRONCLAD","items_purchased":["Inflame","Shrug It Off","Transmutation"],"campfire_rested":2,"item_purchase_floors":[10,12,24],"current_hp_per_floor":[78,78,78,80,80,80,80,73,73,73,74,74,54,50,74,33,68,32,17,17,17,16,41,41,0],"gold":10,"neow_bonus":"THREE_ENEMY_KILL","is_prod":false,"is_daily":false,"chose_seed":false,"campfire_upgraded":1,"win_rate":0,"timestamp":1552626157,"path_taken":["M","?","?","?","?","R","E","?","T","$","?","$","M","M","R","BOSS","M","?","?","?","M","R","$","E"],"build_version":"2019-01-23","purchased_purges":1,"victory":false,"max_hp_per_floor":[80,80,80,80,80,80,80,80,80,80,80,80,80,80,80,80,80,80,85,85,85,85,85,85,85],"card_choices":[{"not_picked":["Heavy Blade","Inflame"],"picked":"Combust","floor":1},{"not_picked":["Headbutt","Heavy Blade"],"picked":"Flex","floor":4},{"not_picked":["Rampage","Perfected Strike"],"picked":"Hemokinesis","floor":7},{"not_picked":["Blood for Blood","Iron Wave"],"picked":"Rupture","floor":11},{"not_picked":["Clash","Iron Wave"],"picked":"Pummel","floor":13},{"not_picked":["Fire Breathing","Rage"],"picked":"Infernal Blade","floor":14},{"not_picked":["Immolate","Impervious"],"picked":"Dark Embrace","floor":16},{"not_picked":["Flex","Anger"],"picked":"Intimidate","floor":17},{"not_picked":["Power Through","Heavy Blade"],"picked":"Second Wind","floor":17},{"not_picked":["Headbutt","Flex"],"picked":"Havoc","floor":17},{"not_picked":["Reckless Charge","Twin Strike"],"picked":"Warcry","floor":17},{"not_picked":["Heavy Blade","Body Slam"],"picked":"Wild Strike","floor":17},{"not_picked":["Anger","Body Slam"],"picked":"Feel No Pain","floor":18},{"not_picked":["Flex+1","Cleave"],"picked":"Infernal Blade","floor":22}],"player_experience":378846,"relics_obtained":[{"floor":3,"key":"Boot"},{"floor":7,"key":"Bag of Preparation"},{"floor":9,"key":"Bronze Scales"}],"event_choices":[{"damage_healed":0,"gold_gain":0,"player_choice":"Grow","damage_taken":0,"max_hp_gain":0,"max_hp_loss":0,"event_name":"Living Wall","floor":2,"gold_loss":0,"cards_upgraded":["Combust"]},{"damage_healed":0,"gold_gain":0,"player_choice":"Relic","damage_taken":0,"max_hp_gain":0,"max_hp_loss":0,"event_name":"Wheel of Change","floor":3,"gold_loss":0},{"cards_removed":["Defend_R"],"damage_healed":0,"gold_gain":0,"player_choice":"Card Removal","damage_taken":0,"max_hp_gain":0,"max_hp_loss":0,"event_name":"The Cleric","floor":5,"gold_loss":50},{"damage_healed":0,"gold_gain":0,"player_choice":"Success","damage_taken":7,"relics_obtained":["Omamori"],"max_hp_gain":0,"max_hp_loss":0,"event_name":"Scrap Ooze","floor":8,"gold_loss":0},{"damage_healed":0,"gold_gain":0,"player_choice":"Shed Blood","damage_taken":20,"max_hp_gain":5,"max_hp_loss":0,"event_name":"Forgotten Altar","floor":19,"gold_loss":0},{"damage_healed":0,"gold_gain":99,"player_choice":"Stole From Cult","damage_taken":0,"max_hp_gain":0,"max_hp_loss":0,"event_name":"Nest","floor":20,"gold_loss":0},{"damage_healed":0,"gold_gain":0,"player_choice":"Got Potions","damage_taken":0,"max_hp_gain":0,"max_hp_loss":0,"event_name":"Lab","floor":21,"gold_loss":0}],"is_beta":false,"boss_relics":[{"not_picked":["Sozu","Cursed Key"],"picked":"Orrery"}],"items_purged_floors":[24],"is_endless":false,"potions_floor_spawned":[7,14,16],"killed_by":"Book of Stabbing","ascension_level":8}