{"gold_per_floor":[109,128,53,53,53,53,53,53,53,87,107,133,151,51,51,130,130,145,70,70,87,39,39,39,59,84,84,84,84,109,123,123,200,200,213,313,313,328,328,345,345,345],"floor_reached":42,"playtime":2065,"items_purged":["Strike_R","Strike_R"],"score":836,"play_id":"85f07db1-9c0e-4758-9c62-55ecdc870e84","local_time":"20190319153750","is_ascension_mode":true,"campfire_choices":[{"data":"Rampage","floor":6.0,"key":"SMITH"},{"floor":15.0,"key":"REST"},{"data":"True Grit","floor":24.0,"key":"SMITH"},{"data":"Warcry","floor":27.0,"key":"SMITH"},{"floor":32.0,"key":"REST"},{"floor":41,"key":"REST"}],"neow_cost":"NONE","seed_source_timestamp":359521385589243,"circlet_count":0,"master_deck":["AscendersBane","Bash+1","Headbutt","Rampage+1","Dropkick","True Grit+1","Impervious","Whirlwind","Demon Form","Battle Trance+1","Disarm","Ghostly Armor","Warcry+1","Shockwave","Thunderclap","Dark Embrace","Flame Barrier","Dual Wield","Secret Technique"],"special_seed":0,"relics":["Burning Blood","NeowsBlessing","Matryoshka","Question Card","Pantograph","Bronze Scales","Potion Belt","Empty Cage","Strawberry","Omamori","Blue Candle","Dream Catcher","Busted Crown","Charon\u0027s Ashes"],"potions_floor_usage":[36,40],"damage_taken":[{"damage":0.0,"enemies":"2 Louse","floor":1.0,"turns":1.0},{"damage":0.0,"enemies":"Jaw Worm","floor":2.0,"turns":1.0},{"damage":0.0,"enemies":"Lagavulin","floor":10.0,"turns":1.0},{"damage":3.0,"enemies":"Small Slimes","floor":11.0,"turns":2.0},{"damage":38.0,"enemies":"3 Sentries","floor":12.0,"turns":7.0},{"damage":11.0,"enemies":"Exordium Thugs","floor":13.0,"turns":3.0},{"damage":67.0,"enemies":"Hexaghost","floor":16.0,"turns":10.0},{"damage":6.0,"enemies":"3 Byrds","floor":18.0,"turns":4.0},{"damage":12.0,"enemies":"Chosen","floor":21.0,"turns":3.0},{"damage":0.0,"enemies":"Slavers","floor":23.0,"turns":1.0},{"damage":28.0,"enemies":"Snake Plant","floor":25.0,"turns":4.0},{"damage":35.0,"enemies":"Book of Stabbing","floor":30.0,"turns":6.0},{"damage":2.0,"enemies":"3 Cultists","floor":31.0,"turns":4.0},{"damage":64,"enemies":"Automaton","floor":33,"turns":8},{"damage":48,"enemies":"3 Darklings","floor":35,"turns":3},{"damage":19,"enemies":"Mind Bloom Boss Battle","floor":36,"turns":9},{"damage":9,"enemies":"Orb Walker","floor":38,"turns":4},{"damage":26,"enemies":"Spire Growth","floor":40,"turns":5},{"damage":67,"enemies":"Nemesis","floor":42,"turns":6}],"seed_played":"6315118855078181768","potions_obtained":[{"floor":2.0,"key":"EssenceOfSteel"},{"floor":12.0,"key":"Fire Potion"},{"floor":13.0,"key":"Fire Potion"},{"floor":16.0,"key":"AttackPotion"},{"floor":18.0,"key":"SmokeBomb"},{"floor":33,"key":"Block Potion"},{"floor":35,"key":"Energy Potion"},{"floor":38,"key":"SpeedPotion"}],"is_trial":false,"path_per_floor":["M","M","$","?","?","R","?","T","T","E","M","E","M","$","R","B",null,"M","?","?","M","$","E","R","M","T","R","?","?","E","M","R","B",null,"M","?","?","M","?","M","R","E"],"character_chosen":"IRONCLAD","items_purchased":["Warcry"],"campfire_rested":3,"item_purchase_floors":[22],"current_hp_per_floor":[74,75,75,68,53,53,53,53,53,59,62,30,25,25,47,11,59,59,59,59,53,53,59,59,37,44,44,44,44,15,19,43,10,64,22,34,34,31,31,11,35,0],"gold":345,"neow_bonus":"THREE_ENEMY_KILL","is_prod":false,"is_daily":false,"chose_seed":false,"campfire_upgraded":3,"win_rate":0,"timestamp":1552977470,"path_taken":["M","M","$","?","?","R","?","?","T","E","M","E","M","$","R","BOSS","M","?","?","?","$","E","R","M","T","R","?","?","E","M","R","BOSS","M","?","?","?","?","M","R","E"],"build_version":"2019-01-23","purchased_purges":2,"victory":false,"max_hp_per_floor":[75,75,75,75,75,75,75,75,75,75,75,75,75,75,75,75,75,75,75,75,75,75,75,75,75,82,82,82,82,82,82,82,82,82,82,82,82,82,82,82,82,82],"card_choices":[{"not_picked":["Sword Boomerang","Iron Wave"],"picked":"Headbutt","floor":1.0},{"not_picked":["Carnage","Armaments"],"picked":"Rampage","floor":2.0},{"not_picked":["Second Wind","Armaments","Havoc"],"picked":"Dropkick","floor":10.0},{"not_picked":["Twin Strike","Sever Soul","Rampage"],"picked":"True Grit","floor":11.0},{"not_picked":["Reckless Charge","Anger","Hemokinesis"],"picked":"Impervious","floor":12.0},{"not_picked":["Heavy Blade","Wild Strike","True Grit"],"picked":"Whirlwind","floor":13.0},{"not_picked":["Limit Break","Berserk","Reaper"],"picked":"Demon Form","floor":16.0},{"not_picked":["Body Slam","Second Wind","Perfected Strike"],"picked":"Battle Trance+1","floor":18.0},{"not_picked":["Perfected Strike","Searing Blow","Clash","Cleave"],"picked":"SKIP","floor":21.0},{"not_picked":["Battle Trance","Perfected Strike","Body Slam+1","Rupture"],"picked":"SKIP","floor":25.0},{"not_picked":["Battle Trance","Hemokinesis","True Grit","Flex"],"picked":"SKIP","floor":30.0},{"not_picked":["Havoc","Intimidate","Flex","True Grit"],"picked":"SKIP","floor":31.0},{"not_picked":["Hemokinesis","Immolate","Clothesline"],"picked":"Thunderclap","floor":32.0},{"not_picked":["Limit Break","Exhume","Barricade"],"picked":"Dark Embrace","floor":33},{"not_picked":["Clash+1"],"picked":"Flame Barrier","floor":35},{"not_picked":["Warcry","Sword Boomerang"],"picked":"SKIP","floor":38},{"not_picked":["Madness"],"picked":"Secret Technique","floor":39},{"not_picked":["Sword Boomerang+1","Combust"],"picked":"SKIP","floor":40}],"player_experience":433552,"relics_obtained":[{"floor":8.0,"key":"Matryoshka"},{"floor":9.0,"key":"Question Card"},{"floor":9.0,"key":"Pantograph"},{"floor":10.0,"key":"Bronze Scales"},{"floor":12.0,"key":"Potion Belt"},{"floor":26.0,"key":"Strawberry"},{"floor":26.0,"key":"Omamori"},{"floor":30.0,"key":"Dream Catcher"},{"floor":36,"key":"Charon\u0027s Ashes"}],"event_choices":[{"cards_removed":["Strike_R"],"damage_healed":0.0,"max_hp_gain":0.0,"max_hp_loss":0.0,"gold_gain":0.0,"event_name":"Golden Wing","player_choice":"Card Removal","floor":4.0,"gold_loss":0.0,"damage_taken":7.0},{"damage_healed":0.0,"max_hp_gain":0.0,"max_hp_loss":0.0,"gold_gain":0.0,"event_name":"Shining Light","player_choice":"Entered Light","floor":5.0,"gold_loss":0.0,"damage_taken":15.0,"cards_upgraded":["Bash","Strike_R"]},{"damage_healed":0.0,"max_hp_gain":0.0,"max_hp_loss":0.0,"gold_gain":0.0,"event_name":"Liars Game","player_choice":"Ignored","floor":7.0,"gold_loss":0.0,"damage_taken":0.0},{"cards_removed":["Defend_R"],"damage_healed":0.0,"max_hp_gain":0.0,"max_hp_loss":0.0,"gold_gain":0.0,"event_name":"Beggar","player_choice":"Gave Gold","floor":19.0,"gold_loss":75.0,"damage_taken":0.0},{"damage_healed":0.0,"max_hp_gain":0.0,"max_hp_loss":0.0,"gold_gain":0.0,"cards_transformed":["Defend_R","Defend_R"],"event_name":"Drug Dealer","player_choice":"Became Test Subject","floor":20.0,"gold_loss":0.0,"damage_taken":0.0,"cards_obtained":["Disarm","Ghostly Armor"]},{"damage_healed":0.0,"max_hp_gain":0.0,"max_hp_loss":0.0,"gold_gain":0.0,"event_name":"The Library","player_choice":"Read","floor":28.0,"gold_loss":0.0,"damage_taken":0.0,"cards_obtained":["Shockwave"]},{"damage_healed":0.0,"max_hp_gain":0.0,"max_hp_loss":0.0,"gold_gain":0.0,"event_name":"Addict","player_choice":"Stole Relic","floor":29.0,"gold_loss":0.0,"damage_taken":0.0,"relics_obtained":["Blue Candle"],"cards_obtained":["Shame"]},{"damage_healed":0,"gold_gain":0,"player_choice":"Fight","damage_taken":0,"max_hp_gain":0,"max_hp_loss":0,"event_name":"MindBloom","floor":36,"gold_loss":0},{"damage_healed":0,"gold_gain":0,"cards_transformed":["Strike_R"],"player_choice":"Transformed","damage_taken":0,"max_hp_gain":0,"max_hp_loss":0,"event_name":"Transmorgrifier","floor":37,"gold_loss":0,"cards_obtained":["Dual Wield"]},{"damage_healed":0,"gold_gain":0,"player_choice":"Memory 1","damage_taken":0,"max_hp_gain":0,"max_hp_loss":0,"event_name":"SensoryStone","floor":39,"gold_loss":0}],"is_beta":false,"boss_relics":[{"not_picked":["Pandora\u0027s Box","Calling Bell"],"picked":"Empty Cage"},{"not_picked":["Snecko Eye","Tiny House"],"picked":"Busted Crown"}],"items_purged_floors":[3,14],"is_endless":false,"potions_floor_spawned":[2,12,13,16,18,23,33,35,38],"killed_by":"Nemesis","ascension_level":14}