{"gold_per_floor":[109,109,128,144,163,173,173,200,200,200,200],"floor_reached":11,"playtime":250,"items_purged":[],"score":105,"play_id":"be335421-c50d-49cd-a0d6-c7f71b881831","local_time":"20190401003045","is_ascension_mode":true,"campfire_choices":[{"data":"Recycle","floor":7,"key":"SMITH"},{"floor":10,"key":"REST"}],"neow_cost":"NONE","seed_source_timestamp":22811908561656,"circlet_count":0,"master_deck":["Strike_B","Strike_B","Strike_B","Strike_B","Defend_B","Defend_B","Defend_B","Defend_B","Zap","Dualcast","Barrage","Regret","Gash+1","Melter+1","Recycle+1","Cold Snap+1","Conserve Battery"],"relics":["Cracked Core","NeowsBlessing","Molten Egg 2","Bottled Lightning","Dodecahedron"],"potions_floor_usage":[8],"damage_taken":[{"damage":0,"enemies":"2 Louse","floor":1,"turns":1},{"damage":0,"enemies":"Jaw Worm","floor":3,"turns":1},{"damage":0,"enemies":"Cultist","floor":4,"turns":1},{"damage":17,"enemies":"Lots of Slimes","floor":5,"turns":4},{"damage":24,"enemies":"3 Louse","floor":6,"turns":3},{"damage":24,"enemies":"Gremlin Nob","floor":8,"turns":4},{"damage":38,"enemies":"Lagavulin","floor":11,"turns":3}],"seed_played":"-5605408356836779376","potions_obtained":[{"floor":3,"key":"SpeedPotion"},{"floor":8,"key":"Weak Potion"}],"is_trial":false,"path_per_floor":["M","?","M","M","M","M","R","E","T","R","E"],"character_chosen":"DEFECT","items_purchased":[],"campfire_rested":1,"item_purchase_floors":[],"current_hp_per_floor":[68,68,68,68,51,27,27,3,3,25,0],"gold":200,"neow_bonus":"THREE_ENEMY_KILL","is_prod":false,"is_daily":false,"chose_seed":false,"campfire_upgraded":1,"win_rate":0,"timestamp":1554046245,"path_taken":["M","?","M","M","M","M","R","E","T","R","E"],"build_version":"2019-01-23","purchased_purges":0,"victory":false,"max_hp_per_floor":[75,75,75,75,75,75,75,75,75,75,75],"card_choices":[{"not_picked":["Leap","Turbo"],"picked":"Barrage","floor":1},{"not_picked":["Go for the Eyes+1","Barrage+1"],"picked":"Gash+1","floor":3},{"not_picked":["Go for the Eyes+1","Redo"],"picked":"Melter+1","floor":4},{"not_picked":["White Noise","Cold Snap+1"],"picked":"Recycle","floor":5},{"not_picked":["Ball Lightning+1","Compile Driver+1"],"picked":"Cold Snap+1","floor":6},{"not_picked":["Turbo","BootSequence"],"picked":"Conserve Battery","floor":8}],"player_experience":652931,"relics_obtained":[{"floor":8,"key":"Bottled Lightning"},{"floor":9,"key":"Dodecahedron"}],"event_choices":[{"damage_healed":0,"gold_gain":0,"player_choice":"Box","damage_taken":0,"relics_obtained":["Molten Egg 2"],"max_hp_gain":0,"max_hp_loss":0,"event_name":"Big Fish","floor":2,"gold_loss":0,"cards_obtained":["Regret"]}],"is_beta":false,"boss_relics":[],"items_purged_floors":[],"is_endless":false,"potions_floor_spawned":[3,8],"killed_by":"Lagavulin","ascension_level":8}