{"gold_per_floor":[111,36,50,50,50,81,81,115,138,0,18,32,32,50,50,179,179,197,114,133,133],"floor_reached":21,"playtime":812,"items_purged":["Strike_B","Strike_B"],"score":257,"play_id":"732f217d-8a5b-4c9b-8523-cbbe3bf94b77","local_time":"20190315213522","is_ascension_mode":true,"campfire_choices":[{"data":"Scrape","floor":7.0,"key":"SMITH"},{"data":"Gash","floor":15.0,"key":"SMITH"}],"neow_cost":"NONE","seed_source_timestamp":19552241304287,"circlet_count":0,"master_deck":["Strike_B","Strike_B","Defend_B","Defend_B","Defend_B","Defend_B","Zap","Dualcast","Scrape+1","Beam Cell","Injury","Gash+1","Melter","Turbo","Hologram","Parasite","Redo","All For One","Glacier","Trip","Gash"],"special_seed":0,"relics":["Cracked Core","NeowsBlessing","Golden Idol","Potion Belt","DataDisk","Strawberry"],"potions_floor_usage":[],"damage_taken":[{"damage":0.0,"enemies":"Small Slimes","floor":1.0,"turns":1.0},{"damage":0.0,"enemies":"2 Louse","floor":3.0,"turns":1.0},{"damage":0.0,"enemies":"3 Sentries","floor":6.0,"turns":1.0},{"damage":25.0,"enemies":"Lagavulin","floor":8.0,"turns":5.0},{"damage":2.0,"enemies":"Jaw Worm","floor":11.0,"turns":3.0},{"damage":11.0,"enemies":"Looter","floor":12.0,"turns":2.0},{"damage":10.0,"enemies":"Exordium Thugs","floor":14.0,"turns":4.0},{"damage":50.0,"enemies":"The Guardian","floor":16.0,"turns":9.0},{"damage":14.0,"enemies":"Shell Parasite","floor":18.0,"turns":2.0},{"damage":38,"enemies":"2 Thieves","floor":20,"turns":4},{"damage":34,"enemies":"Centurion and Healer","floor":21,"turns":4}],"seed_played":"-5949667179012024027","potions_obtained":[{"floor":3.0,"key":"SkillPotion"},{"floor":6.0,"key":"FocusPotion"},{"floor":11.0,"key":"Explosive Potion"},{"floor":12.0,"key":"Fire Potion"},{"floor":14.0,"key":"EssenceOfSteel"}],"is_trial":false,"path_per_floor":["M","$","M","?","$","E","R","E","T","$","M","M","?","M","R","B",null,"M","$","M","M"],"character_chosen":"DEFECT","items_purchased":["Melter","Trip"],"campfire_rested":0,"item_purchase_floors":[10,19],"current_hp_per_floor":[75,75,75,75,75,75,75,50,57,57,55,44,64,54,54,4,82,68,68,30,0],"gold":133,"neow_bonus":"THREE_ENEMY_KILL","is_prod":false,"is_daily":false,"chose_seed":false,"campfire_upgraded":2,"win_rate":0,"timestamp":1552653322,"path_taken":["M","$","M","?","$","E","R","E","T","$","M","M","?","M","R","BOSS","M","$","M","M"],"build_version":"2019-01-23","purchased_purges":2,"victory":false,"max_hp_per_floor":[75,75,75,75,75,75,75,75,82,82,82,82,82,82,82,82,82,82,82,82,82],"card_choices":[{"not_picked":["Conserve Battery","Melter"],"picked":"Scrape","floor":1.0},{"not_picked":["Undo","Ball Lightning"],"picked":"Beam Cell","floor":3.0},{"not_picked":["Capacitor","Coolheaded","Auto Shields"],"picked":"SKIP","floor":6.0},{"not_picked":["Chaos","Reinforced Body"],"picked":"Gash","floor":8.0},{"not_picked":["Ball Lightning","Stack"],"picked":"Turbo","floor":11.0},{"not_picked":["Streamline","Turbo"],"picked":"Hologram","floor":12.0},{"not_picked":["Ball Lightning","Leap"],"picked":"Redo","floor":14.0},{"not_picked":["Thunder Strike","Reboot"],"picked":"All For One","floor":16.0},{"not_picked":["Go for the Eyes","Leap"],"picked":"Glacier","floor":18},{"not_picked":["Beam Cell","Go for the Eyes+1"],"picked":"Gash","floor":20}],"player_experience":381967,"relics_obtained":[{"floor":6.0,"key":"Potion Belt"},{"floor":8.0,"key":"DataDisk"},{"floor":9.0,"key":"Strawberry"}],"event_choices":[{"damage_healed":0.0,"max_hp_gain":0.0,"max_hp_loss":0.0,"gold_gain":0.0,"event_name":"Golden Idol","player_choice":"Take Wound","floor":4.0,"gold_loss":0.0,"damage_taken":0.0,"relics_obtained":["Golden Idol"],"cards_obtained":["Injury"]},{"damage_healed":20.0,"max_hp_gain":0.0,"max_hp_loss":0.0,"gold_gain":0.0,"event_name":"Mushrooms","player_choice":"Healed and dodged fight","floor":13.0,"gold_loss":0.0,"damage_taken":0.0,"cards_obtained":["Parasite"]}],"is_beta":false,"boss_relics":[{"not_picked":["Sozu","Coffee Dripper","Velvet Choker"]}],"items_purged_floors":[2,10],"is_endless":false,"potions_floor_spawned":[3,6,11,12,14],"killed_by":"Centurion and Healer","ascension_level":4}