{"gold_per_floor":[116,129,79,93,93,93,132,132,158,194,219,238,238,238,238,358,358,377,396,21,40,165,200,72,72,72,110,110,129,129,148,148,249,249,262,276,290,390,282,307,320,350,426,437,472,518,518,535,535,535],"floor_reached":51,"playtime":3496,"items_purged":[],"score":912,"play_id":"c5bc3a73-f31e-4a51-85d4-e39b5723c7a7","local_time":"20190415034304","is_ascension_mode":false,"campfire_choices":[{"data":"Perfected Strike","floor":6.0,"key":"SMITH"},{"data":"Armaments","floor":8.0,"key":"SMITH"},{"data":"Clothesline","floor":13.0,"key":"SMITH"},{"data":"Armaments","floor":15.0,"key":"SMITH"},{"data":"Corruption","floor":25.0,"key":"SMITH"},{"data":"Flex","floor":30,"key":"SMITH"},{"data":"Limit Break","floor":32,"key":"SMITH"},{"data":"Shockwave","floor":47,"key":"SMITH"},{"data":"Feel No Pain","floor":49,"key":"SMITH"}],"neow_cost":"NONE","seed_source_timestamp":0,"circlet_count":0,"master_deck":["Strike_R","Strike_R","Strike_R","Strike_R","Strike_R","Defend_R","Defend_R","Defend_R","Bash+1","Armaments+1","Perfected Strike+1","Shrug It Off","Armaments+1","True Grit+1","Clothesline+1","Limit Break+1","Uppercut","Anger","Corruption+1","Rampage","Perfected Strike","Infernal Blade+1","Battle Trance","Impervious","Flex+1","Shrug It Off","Feed","Rage","Shrug It Off","Headbutt","Ghostly Armor+1","Feel No Pain+1","Shockwave+1","Power Through+1","Metallicize","Power Through+1","True Grit","Shrug It Off"],"special_seed":0,"relics":["Burning Blood","Bloody Idol","Regal Pillow","Anchor","Juzu Bracelet","Velvet Choker","ClockworkSouvenir","Dead Branch","Bottled Tornado","Oddly Smooth Stone","Self Forming Clay","Lantern","Eternal Feather","Nunchaku","Singing Bowl","Bronze Scales","Frozen Egg 2","Prayer Wheel","Gambling Chip"],"potions_floor_usage":[33,40,50,50],"damage_taken":[{"damage":1.0,"enemies":"Jaw Worm","floor":1.0,"turns":5.0},{"damage":0.0,"enemies":"Small Slimes","floor":2.0,"turns":4.0},{"damage":0.0,"enemies":"2 Louse","floor":4.0,"turns":2.0},{"damage":2.0,"enemies":"3 Sentries","floor":7.0,"turns":9.0},{"damage":15.0,"enemies":"Lagavulin","floor":10.0,"turns":7.0},{"damage":0.0,"enemies":"Looter","floor":11.0,"turns":2.0},{"damage":10.0,"enemies":"Exordium Wildlife","floor":12.0,"turns":4.0},{"damage":29.0,"enemies":"The Guardian","floor":16.0,"turns":13.0},{"damage":7.0,"enemies":"Spheric Guardian","floor":18.0,"turns":4.0},{"damage":3.0,"enemies":"3 Byrds","floor":19.0,"turns":5.0},{"damage":6.0,"enemies":"Snecko","floor":21.0,"turns":4.0},{"damage":9.0,"enemies":"Colosseum Slavers","floor":22.0,"turns":6.0},{"damage":2.0,"enemies":"Colosseum Nobs","floor":22.0,"turns":5.0},{"damage":11.0,"enemies":"Book of Stabbing","floor":23.0,"turns":5.0},{"damage":42.0,"enemies":"Gremlin Leader","floor":27.0,"turns":10.0},{"damage":0,"enemies":"Centurion and Healer","floor":29,"turns":5},{"damage":4,"enemies":"Chosen and Byrds","floor":31,"turns":5},{"damage":25,"enemies":"Collector","floor":33,"turns":8},{"damage":13,"enemies":"3 Darklings","floor":35,"turns":6},{"damage":0,"enemies":"3 Shapes","floor":36,"turns":4},{"damage":0,"enemies":"Jaw Worm Horde","floor":37,"turns":4},{"damage":0,"enemies":"Mind Bloom Boss Battle","floor":38,"turns":5},{"damage":17,"enemies":"Reptomancer","floor":40,"turns":6},{"damage":0,"enemies":"Spire Growth","floor":41,"turns":4},{"damage":4,"enemies":"Nemesis","floor":42,"turns":5},{"damage":11,"enemies":"Sphere and 2 Shapes","floor":44,"turns":4},{"damage":4,"enemies":"Reptomancer","floor":45,"turns":5},{"damage":4,"enemies":"2 Orb Walkers","floor":46,"turns":4},{"damage":6,"enemies":"Writhing Mass","floor":48,"turns":4},{"damage":0,"enemies":"Donu and Deca","floor":50,"turns":9}],"seed_played":"-3569786495385227715","potions_obtained":[{"floor":1.0,"key":"SteroidPotion"},{"floor":4.0,"key":"Energy Potion"},{"floor":7.0,"key":"FearPotion"},{"floor":22.0,"key":"Fire Potion"},{"floor":23.0,"key":"BloodPotion"},{"floor":27,"key":"GamblersBrew"},{"floor":35,"key":"Explosive Potion"},{"floor":37,"key":"SpeedPotion"},{"floor":41,"key":"Ancient Potion"},{"floor":45,"key":"Weak Potion"},{"floor":48,"key":"SteroidPotion"}],"is_trial":false,"path_per_floor":["M","M","?","M","?","R","E","R","T","E","M","M","R","?","R","B",null,"M","M","$","M","?","E","$","R","T","E","?","M","R","M","R","B",null,"M","M","M","?","$","E","M","E","T","M","E","?","R","M","R","B",null],"character_chosen":"IRONCLAD","items_purchased":["Strength Potion","Strength Potion","ClockworkSouvenir","Corruption","Battle Trance","Fire Potion","Feel No Pain","Shockwave"],"campfire_rested":0,"item_purchase_floors":[20,20,20,20,24,24,39,39],"current_hp_per_floor":[80,80,80,80,60,60,64,64,64,55,61,57,57,57,57,34,80,79,80,80,80,80,75,75,75,75,47,47,58,58,65,65,51,80,82,87,87,87,87,81,91,93,93,96,98,98,98,100,100,100],"gold":535,"neow_bonus":"UPGRADE_CARD","is_prod":false,"is_daily":false,"chose_seed":false,"campfire_upgraded":9,"win_rate":1,"timestamp":1555324984,"path_taken":["M","M","?","M","?","R","E","R","T","E","M","M","R","?","R","BOSS","M","M","$","M","?","E","$","R","T","E","?","M","R","M","R","BOSS","M","M","M","?","$","E","M","E","T","M","E","?","R","M","R","BOSS"],"build_version":"2019-01-23","purchased_purges":0,"victory":true,"max_hp_per_floor":[80,80,80,80,80,80,80,80,80,80,80,80,80,80,80,80,80,80,80,80,80,80,80,80,80,80,80,80,80,80,80,80,80,80,84,87,87,87,87,87,91,93,93,96,98,98,98,100,100,100],"card_choices":[{"not_picked":["Sentinel","Ghostly Armor"],"picked":"Armaments","floor":1.0},{"not_picked":["Cleave","Clash"],"picked":"Perfected Strike","floor":2.0},{"not_picked":["Whirlwind","Twin Strike"],"picked":"Shrug It Off","floor":4.0},{"not_picked":["Barricade","Intimidate"],"picked":"Armaments","floor":7.0},{"not_picked":["Warcry","Sword Boomerang"],"picked":"True Grit","floor":10.0},{"not_picked":["Blood for Blood","Clash","Barricade"],"picked":"SKIP","floor":11.0},{"not_picked":["Infernal Blade","True Grit"],"picked":"Clothesline","floor":12.0},{"not_picked":["Barricade","Dark Embrace"],"picked":"Limit Break","floor":16.0},{"not_picked":["Perfected Strike","Twin Strike+1"],"picked":"Uppercut","floor":18.0},{"not_picked":["Rampage","Thunderclap"],"picked":"Anger","floor":19.0},{"not_picked":["Fire Breathing","Rampage","Blood for Blood"],"picked":"SKIP","floor":21.0},{"not_picked":["Fire Breathing","Blood for Blood"],"picked":"Rampage","floor":21.0},{"not_picked":["Body Slam+1","Twin Strike+1"],"picked":"Perfected Strike","floor":22.0},{"not_picked":["Clash","Evolve+1"],"picked":"Infernal Blade+1","floor":23.0},{"not_picked":["Wild Strike","Havoc+1"],"picked":"Impervious","floor":27},{"not_picked":["Havoc","Anger"],"picked":"Flex","floor":29},{"not_picked":["Uppercut","Cleave+1"],"picked":"Shrug It Off","floor":31},{"not_picked":["Dark Embrace","Bludgeon"],"picked":"Feed","floor":33},{"not_picked":["Searing Blow","Hemokinesis+1"],"picked":"Rage","floor":35},{"not_picked":["Clothesline","Armaments"],"picked":"Shrug It Off","floor":36},{"not_picked":["Burning Pact","Iron Wave"],"picked":"Headbutt","floor":37},{"not_picked":["Cleave","Flex"],"picked":"Ghostly Armor+1","floor":38},{"not_picked":["Body Slam+1","Second Wind"],"picked":"Power Through+1","floor":40},{"not_picked":["Clothesline","Pommel Strike"],"picked":"Metallicize","floor":41},{"not_picked":["Sword Boomerang","Entrench+1","Twin Strike"],"picked":"Singing Bowl","floor":42},{"not_picked":["Twin Strike","Clothesline"],"picked":"Power Through+1","floor":44},{"not_picked":["Immolate","Corruption+1","Wild Strike"],"picked":"Singing Bowl","floor":45},{"not_picked":["Hemokinesis+1","Wild Strike+1"],"picked":"True Grit","floor":46},{"not_picked":["Clothesline+1","Thunderclap+1","Warcry"],"picked":"Singing Bowl","floor":48},{"not_picked":["Thunderclap+1","Twin Strike+1"],"picked":"Shrug It Off","floor":48}],"player_experience":349807,"relics_obtained":[{"floor":7.0,"key":"Regal Pillow"},{"floor":9.0,"key":"Anchor"},{"floor":10.0,"key":"Juzu Bracelet"},{"floor":22.0,"key":"Dead Branch"},{"floor":22.0,"key":"Bottled Tornado"},{"floor":23.0,"key":"Oddly Smooth Stone"},{"floor":26.0,"key":"Self Forming Clay"},{"floor":27,"key":"Lantern"},{"floor":38,"key":"Nunchaku"},{"floor":40,"key":"Singing Bowl"},{"floor":42,"key":"Bronze Scales"},{"floor":43,"key":"Frozen Egg 2"},{"floor":45,"key":"Prayer Wheel"},{"floor":46,"key":"Gambling Chip"}],"event_choices":[{"cards_removed":["Defend_R"],"damage_healed":0.0,"max_hp_gain":0.0,"max_hp_loss":0.0,"gold_gain":0.0,"event_name":"The Cleric","player_choice":"Card Removal","floor":3.0,"gold_loss":50.0,"damage_taken":0.0},{"damage_healed":0.0,"max_hp_gain":0.0,"max_hp_loss":0.0,"gold_gain":0.0,"event_name":"Golden Idol","player_choice":"Take Damage","floor":5.0,"gold_loss":0.0,"damage_taken":20.0,"relics_obtained":["Golden Idol"]},{"damage_healed":0.0,"max_hp_gain":0.0,"max_hp_loss":0.0,"gold_gain":0.0,"event_name":"Living Wall","player_choice":"Grow","floor":14.0,"gold_loss":0.0,"damage_taken":0.0,"cards_upgraded":["True Grit"]},{"damage_healed":0.0,"max_hp_gain":0.0,"max_hp_loss":0.0,"gold_gain":0.0,"event_name":"Colosseum","player_choice":"Fight","floor":22.0,"gold_loss":0.0,"damage_taken":0.0},{"damage_healed":0.0,"max_hp_gain":0.0,"max_hp_loss":0.0,"gold_gain":0.0,"event_name":"Colosseum","player_choice":"Fought Nobs","floor":22.0,"gold_loss":0.0,"damage_taken":0.0},{"damage_healed":0,"gold_gain":0,"player_choice":"Gave Idol","damage_taken":0,"relics_obtained":["Bloody Idol"],"max_hp_gain":0,"max_hp_loss":0,"event_name":"Forgotten Altar","floor":28,"relics_lost":["Golden Idol"],"gold_loss":0},{"damage_healed":0,"gold_gain":0,"player_choice":"Fight","damage_taken":0,"max_hp_gain":0,"max_hp_loss":0,"event_name":"MindBloom","floor":38,"gold_loss":0},{"damage_healed":0,"gold_gain":0,"player_choice":"Fight","damage_taken":0,"max_hp_gain":0,"max_hp_loss":0,"event_name":"Mysterious Sphere","floor":46,"gold_loss":0}],"is_beta":false,"boss_relics":[{"not_picked":["Black Blood","Astrolabe"],"picked":"Velvet Choker"},{"not_picked":["Sozu","Empty Cage"],"picked":"Eternal Feather"}],"items_purged_floors":[],"is_endless":false,"potions_floor_spawned":[1,4,7,22,22,23,27,31,35,37,41,45,46,48],"ascension_level":0}