{"gold_per_floor":[367,383,383,345,372,384,416,443,479,115,145,165,165,175,175,175],"floor_reached":16,"playtime":688,"items_purged":["Strike_B"],"score":99,"play_id":"a80717a6-b281-40ee-9512-412d3f3f4630","local_time":"20190306042856","is_ascension_mode":true,"campfire_choices":[{"floor":6,"key":"RECALL"},{"floor":15,"key":"REST"}],"neow_cost":"TEN_PERCENT_HP_LOSS","seed_source_timestamp":30727501836374,"circlet_count":0,"master_deck":["Strike_B","Strike_B","Strike_B","Defend_B","Defend_B","Defend_B","Defend_B","Zap","Dualcast","Sunder","Skim","Cold Snap","Static Discharge","Darkness+1","Seek","Redo","Reinforced Body"],"relics":["Cracked Core","MawBank","Juzu Bracelet","Happy Flower"],"potions_floor_usage":[],"damage_taken":[{"damage":2,"enemies":"2 Louse","floor":1,"turns":2},{"damage":8,"enemies":"Jaw Worm","floor":2,"turns":3},{"damage":5,"enemies":"Small Slimes","floor":5,"turns":3},{"damage":4,"enemies":"Red Slaver","floor":7,"turns":4},{"damage":10,"enemies":"Exordium Thugs","floor":8,"turns":4},{"damage":12,"enemies":"Exordium Wildlife","floor":12,"turns":5},{"damage":20,"enemies":"Large Slime","floor":14,"turns":3},{"damage":28,"enemies":"Slime Boss","floor":16,"turns":7}],"seed_played":"2052987612349824253","potions_obtained":[{"floor":5,"key":"LiquidBronze"},{"floor":7,"key":"SpeedPotion"},{"floor":14,"key":"LiquidBronze"}],"is_trial":false,"path_per_floor":["M","M","?","?","M","R","M","M","T","$","?","M","?","M","R","B"],"character_chosen":"DEFECT","items_purchased":["Juzu Bracelet","Seek"],"campfire_rested":1,"item_purchase_floors":[10,10],"current_hp_per_floor":[66,58,58,58,53,53,49,39,39,39,39,27,27,7,27,0],"gold":175,"neow_bonus":"TWO_FIFTY_GOLD","is_prod":false,"is_daily":false,"chose_seed":false,"campfire_upgraded":0,"win_rate":0,"timestamp":1551814136,"path_taken":["M","M","?","?","M","R","M","M","T","$","?","M","?","M","R","BOSS"],"build_version":"2019-01-23","purchased_purges":1,"victory":false,"max_hp_per_floor":[68,68,68,68,68,68,68,68,68,68,68,68,68,68,68,68],"card_choices":[{"not_picked":["Turbo","Cold Snap"],"picked":"Sunder","floor":1},{"not_picked":["Gash","Rebound"],"picked":"Skim","floor":2},{"not_picked":["Streamline","Gash"],"picked":"Cold Snap","floor":5},{"not_picked":["Rebound","Turbo"],"picked":"Static Discharge","floor":7},{"not_picked":["White Noise","Conserve Battery"],"picked":"Darkness","floor":8},{"not_picked":["Machine Learning","Rip and Tear"],"picked":"Redo","floor":12},{"not_picked":["Rip and Tear","Ball Lightning"],"picked":"Reinforced Body","floor":14}],"player_experience":118313,"relics_obtained":[],"event_choices":[{"damage_healed":0,"gold_gain":0,"player_choice":"Box","damage_taken":0,"relics_obtained":["MawBank"],"max_hp_gain":0,"max_hp_loss":0,"event_name":"Big Fish","floor":3,"gold_loss":0,"cards_obtained":["Regret"]},{"cards_removed":["Regret"],"damage_healed":0,"gold_gain":0,"player_choice":"Card Removal","damage_taken":0,"max_hp_gain":0,"max_hp_loss":0,"event_name":"The Cleric","floor":4,"gold_loss":50},{"damage_healed":0,"gold_gain":30,"player_choice":"Searched \u00273\u0027 times","damage_taken":0,"relics_obtained":["Happy Flower"],"max_hp_gain":0,"max_hp_loss":0,"event_name":"Dead Adventurer","floor":11,"gold_loss":0},{"damage_healed":0,"gold_gain":0,"player_choice":"Grow","damage_taken":0,"max_hp_gain":0,"max_hp_loss":0,"event_name":"Living Wall","floor":13,"gold_loss":0,"cards_upgraded":["Darkness"]}],"is_beta":false,"boss_relics":[],"items_purged_floors":[10],"is_endless":false,"potions_floor_spawned":[5,7,14],"killed_by":"Slime Boss","ascension_level":1}