{"gold_per_floor":[110,110,110,110,133,133,174,192,222,68,104,154,172,191,191,191],"floor_reached":16,"playtime":438,"items_purged":["Injury"],"score":257,"play_id":"ba7957bd-1817-4456-b0a3-f147533699ad","local_time":"20190321182310","is_ascension_mode":true,"campfire_choices":[{"data":"Whirlwind","floor":6.0,"key":"SMITH"},{"data":"Demon Form","floor":15.0,"key":"SMITH"}],"neow_cost":"NONE","seed_source_timestamp":0,"circlet_count":0,"master_deck":["AscendersBane","Strike_R","Strike_R","Strike_R","Strike_R","Strike_R","Defend_R","Defend_R","Defend_R","Defend_R","Bash","Cleave","Whirlwind+1","Demon Form+1","Headbutt","Second Wind","Whirlwind"],"special_seed":0,"relics":["Burning Blood","NeowsBlessing","Ginger","Golden Idol","Mango","Regal Pillow","Tiny Chest","Bottled Tornado"],"potions_floor_usage":[16,16],"damage_taken":[{"damage":0.0,"enemies":"Cultist","floor":1.0,"turns":1.0},{"damage":0.0,"enemies":"Small Slimes","floor":5.0,"turns":1.0},{"damage":0.0,"enemies":"Lagavulin","floor":7.0,"turns":1.0},{"damage":14.0,"enemies":"Jaw Worm","floor":8.0,"turns":3.0},{"damage":30.0,"enemies":"3 Sentries","floor":11.0,"turns":5.0},{"damage":6.0,"enemies":"Exordium Wildlife","floor":13.0,"turns":2.0},{"damage":27.0,"enemies":"Red Slaver","floor":14.0,"turns":6.0},{"damage":19,"enemies":"The Guardian","floor":16,"turns":5}],"seed_played":"744413677170247735","potions_obtained":[{"floor":11.0,"key":"Swift Potion"},{"floor":13.0,"key":"Block Potion"},{"floor":14.0,"key":"SneckoOil"}],"is_trial":false,"path_per_floor":["M","?","?","T","M","R","E","M","T","$","E","?","M","M","R","B"],"character_chosen":"IRONCLAD","items_purchased":["Second Wind"],"campfire_rested":0,"item_purchase_floors":[10],"current_hp_per_floor":[74,63,63,77,83,83,89,81,81,81,57,49,49,28,28,9],"gold":191,"neow_bonus":"THREE_ENEMY_KILL","is_prod":false,"is_daily":false,"chose_seed":false,"campfire_upgraded":2,"win_rate":0,"timestamp":1553160190,"path_taken":["M","?","?","?","?","R","E","M","T","?","E","?","M","?","R","BOSS"],"build_version":"2019-01-23","purchased_purges":1,"victory":false,"max_hp_per_floor":[75,75,75,89,89,89,89,89,89,89,89,89,89,89,89,89],"card_choices":[{"not_picked":["Perfected Strike","True Grit"],"picked":"Cleave","floor":1.0},{"not_picked":["Twin Strike","Intimidate"],"picked":"Whirlwind","floor":5.0},{"not_picked":["Thunderclap","Twin Strike"],"picked":"Demon Form","floor":7.0},{"not_picked":["Rage","Perfected Strike"],"picked":"Headbutt","floor":8.0},{"not_picked":["Sword Boomerang","Immolate"],"picked":"Whirlwind","floor":11.0},{"not_picked":["Second Wind","Rupture","Iron Wave"],"picked":"SKIP","floor":13.0},{"not_picked":["True Grit","Cleave","Clash"],"picked":"SKIP","floor":14.0}],"player_experience":493330,"relics_obtained":[{"floor":4.0,"key":"Mango"},{"floor":7.0,"key":"Regal Pillow"},{"floor":9.0,"key":"Tiny Chest"},{"floor":11.0,"key":"Bottled Tornado"}],"event_choices":[{"damage_healed":0.0,"max_hp_gain":0.0,"max_hp_loss":0.0,"gold_gain":0.0,"event_name":"Scrap Ooze","player_choice":"Success","floor":2.0,"gold_loss":0.0,"damage_taken":11.0,"relics_obtained":["Ginger"]},{"damage_healed":0.0,"max_hp_gain":0.0,"max_hp_loss":0.0,"gold_gain":0.0,"event_name":"Golden Idol","player_choice":"Take Wound","floor":3.0,"gold_loss":0.0,"damage_taken":0.0,"relics_obtained":["Golden Idol"],"cards_obtained":["Injury"]},{"damage_healed":0.0,"max_hp_gain":0.0,"max_hp_loss":0.0,"gold_gain":50.0,"event_name":"FaceTrader","player_choice":"Touch","floor":12.0,"gold_loss":0.0,"damage_taken":8.0}],"is_beta":false,"boss_relics":[],"items_purged_floors":[10],"is_endless":false,"potions_floor_spawned":[11,13,14],"killed_by":"The Guardian","ascension_level":18}