{"gold_per_floor":[111,36,53,3,14,14,340,340,340,340,364,364,390,405,405,510,510,525,600,36,54,54,54,64,90,90,5,20,20,20,38,38,137,137,149,166,4,0,19,19,29,129,154,184,184,184,34,54,54,54,54,54,5,39,39],"floor_reached":55,"playtime":5380,"items_purged":["Strike_G","Well Laid Plans+1","Shame","Decay"],"score":862,"play_id":"fdcccfca-e5c6-4257-a186-0648c9f54528","local_time":"20190307022238","is_ascension_mode":true,"campfire_choices":[{"data":"Well Laid Plans","floor":6,"key":"SMITH"},{"floor":8,"key":"RECALL"},{"floor":10,"key":"REST"},{"floor":15,"key":"REST"},{"data":"Noxious Fumes","floor":23,"key":"SMITH"},{"floor":32,"key":"REST"},{"data":"Wraith Form v2","floor":40,"key":"SMITH"},{"data":"Calculated Gamble","floor":45,"key":"SMITH"},{"data":"Mayhem","floor":49,"key":"SMITH"},{"data":"Malaise","floor":52,"key":"SMITH"}],"neow_cost":"NONE","seed_source_timestamp":23474812361355,"circlet_count":0,"master_deck":["Defend_G","Defend_G","Defend_G","Defend_G","Survivor","Neutralize","Blur","Backstab+1","Deadly Poison","Cloak And Dagger","Poisoned Stab","Wraith Form v2+1","Cloak And Dagger","Noxious Fumes+1","Mayhem+1","Distraction","Distraction","Bouncing Flask","Deadly Poison","Crippling Poison","Bite","Bite","Bite","Bite+1","Bite","Bouncing Flask+1","Corpse Explosion","Parasite","Bouncing Flask","Noxious Fumes+1","Calculated Gamble+1","Malaise+1","Backflip","Distraction+1"],"relics":["Ring of the Snake","Old Coin","Thread and Needle","Juzu Bracelet","Runic Pyramid","Happy Flower","Orichalcum","Gambling Chip","Unceasing Top","Calling Bell","Blood Vial","Pocketwatch","Ninja Scroll","Red Mask","Tough Bandages","Whetstone","Kunai","Incense Burner"],"potions_floor_usage":[7,13,25,33,33,39,39,50,55],"damage_taken":[{"damage":5,"enemies":"2 Louse","floor":1,"turns":2},{"damage":0,"enemies":"Jaw Worm","floor":3,"turns":7},{"damage":4,"enemies":"Cultist","floor":5,"turns":6},{"damage":23,"enemies":"Lagavulin","floor":7,"turns":12},{"damage":31,"enemies":"3 Sentries","floor":13,"turns":18},{"damage":4,"enemies":"Lots of Slimes","floor":14,"turns":5},{"damage":0,"enemies":"The Guardian","floor":16,"turns":12},{"damage":0,"enemies":"Chosen","floor":18,"turns":6},{"damage":9,"enemies":"3 Byrds","floor":21,"turns":7},{"damage":1,"enemies":"Snecko","floor":24,"turns":5},{"damage":40,"enemies":"Slavers","floor":25,"turns":7},{"damage":0,"enemies":"Cultist and Chosen","floor":28,"turns":5},{"damage":5,"enemies":"Sentry and Sphere","floor":31,"turns":6},{"damage":45,"enemies":"Collector","floor":33,"turns":9},{"damage":23,"enemies":"3 Darklings","floor":35,"turns":3},{"damage":0,"enemies":"3 Shapes","floor":36,"turns":1},{"damage":15,"enemies":"Writhing Mass","floor":39,"turns":6},{"damage":15,"enemies":"Maw","floor":41,"turns":8},{"damage":14,"enemies":"Mind Bloom Boss Battle","floor":42,"turns":7},{"damage":0,"enemies":"Nemesis","floor":44,"turns":7},{"damage":0,"enemies":"3 Darklings","floor":48,"turns":3},{"damage":32,"enemies":"Donu and Deca","floor":50,"turns":8},{"damage":58,"enemies":"Shield and Spear","floor":54,"turns":8},{"damage":22,"enemies":"The Heart","floor":55,"turns":8}],"seed_played":"-1557042415589387355","potions_obtained":[{"floor":1,"key":"GamblersBrew"},{"floor":5,"key":"PowerPotion"},{"floor":7,"key":"FearPotion"},{"floor":12,"key":"SmokeBomb"},{"floor":12,"key":"Regen Potion"},{"floor":16,"key":"SteroidPotion"},{"floor":24,"key":"Fire Potion"},{"floor":25,"key":"Poison Potion"},{"floor":33,"key":"GhostInAJar"},{"floor":35,"key":"Regen Potion"},{"floor":36,"key":"SkillPotion"},{"floor":41,"key":"Explosive Potion"}],"is_trial":false,"path_per_floor":["M","$","M","?","M","R","E","R","T","R","T","?","E","M","R","B",null,"M","?","$","M","$","R","M","E","T","?","M","?","$","M","R","B",null,"M","M","$","?","M","R","M","?","T","E","R","?","$","M","R","B",null,"R","$","E","B"],"character_chosen":"THE_SILENT","items_purchased":["Noxious Fumes","Mayhem","Happy Flower","Distraction","Calculated Gamble","Backflip"],"campfire_rested":3,"item_purchase_floors":[20,20,20,20,37,53],"current_hp_per_floor":[72,72,72,72,68,68,45,45,45,68,68,68,48,44,67,67,77,77,70,70,61,61,61,60,20,20,20,20,20,20,23,38,7,53,34,38,38,38,50,50,45,41,41,53,53,53,53,53,53,32,53,53,53,8,0],"gold":39,"neow_bonus":"TEN_PERCENT_HP_BONUS","is_prod":false,"is_daily":false,"chose_seed":false,"campfire_upgraded":6,"win_rate":0,"timestamp":1551892958,"path_taken":["M","$","M","?","M","R","E","R","T","R","?","?","E","M","R","BOSS","M","?","$","M","?","R","M","E","T","?","M","?","?","M","R","BOSS","M","M","$","?","M","R","M","?","T","E","R","?","?","M","R","BOSS","R","$","E","BOSS"],"build_version":"2019-01-23","purchased_purges":4,"victory":false,"max_hp_per_floor":[77,77,77,77,77,77,77,77,77,77,77,77,77,77,77,77,77,77,77,77,77,77,77,77,77,77,77,77,53,53,53,53,53,53,53,53,53,53,53,53,53,53,53,53,53,53,53,53,53,53,53,53,53,53,53],"card_choices":[{"not_picked":["Deflect","Slice"],"picked":"Blur","floor":1},{"not_picked":["Prepared","Bouncing Flask"],"picked":"Well Laid Plans","floor":3},{"not_picked":["Dagger Spray","Outmaneuver"],"picked":"Backstab","floor":5},{"not_picked":["Calculated Gamble","Expertise"],"picked":"Deadly Poison","floor":7},{"not_picked":["Poisoned Stab","Dodge and Roll"],"picked":"Cloak And Dagger","floor":13},{"not_picked":["Dagger Throw","Dagger Spray"],"picked":"Poisoned Stab","floor":14},{"not_picked":["Glass Knife","Bullet Time"],"picked":"Wraith Form v2","floor":16},{"not_picked":["Prepared","Backstab"],"picked":"Cloak And Dagger","floor":18},{"not_picked":["Accuracy","Bane+1"],"picked":"Distraction","floor":21},{"not_picked":["Backstab","Dagger Spray"],"picked":"Bouncing Flask","floor":24},{"not_picked":["Masterful Stab","Dodge and Roll"],"picked":"Deadly Poison","floor":25},{"not_picked":["All Out Attack","Underhanded Strike"],"picked":"Crippling Poison","floor":28},{"not_picked":["Deflect","Skewer+1"],"picked":"Bouncing Flask+1","floor":31},{"not_picked":["Die Die Die","Burst"],"picked":"Corpse Explosion","floor":33},{"not_picked":["Outmaneuver","Bane"],"picked":"Bouncing Flask","floor":35},{"not_picked":["Backstab","Slice"],"picked":"Noxious Fumes+1","floor":36},{"not_picked":["Finisher+1","Blade Dance","Outmaneuver"],"picked":"SKIP","floor":39},{"not_picked":["Acrobatics+1","Dagger Throw","Eviscerate"],"picked":"SKIP","floor":41},{"not_picked":["Masterful Stab","Crippling Poison+1"],"picked":"Malaise","floor":42},{"not_picked":["Distraction","Bouncing Flask","Skewer+1"],"picked":"SKIP","floor":44},{"not_picked":["All Out Attack+1","Flying Knee","Prepared+1"],"picked":"SKIP","floor":48},{"not_picked":["Flying Knee+1","Flechettes+1"],"picked":"Distraction+1","floor":54}],"player_experience":144811,"relics_obtained":[{"floor":7,"key":"Old Coin"},{"floor":9,"key":"Thread and Needle"},{"floor":13,"key":"Juzu Bracelet"},{"floor":25,"key":"Orichalcum"},{"floor":26,"key":"Gambling Chip"},{"floor":34,"key":"Blood Vial"},{"floor":34,"key":"Pocketwatch"},{"floor":34,"key":"Ninja Scroll"},{"floor":42,"key":"Tough Bandages"},{"floor":43,"key":"Whetstone"},{"floor":44,"key":"Kunai"},{"floor":54,"key":"Incense Burner"}],"event_choices":[{"cards_removed":["Strike_G"],"damage_healed":0,"gold_gain":0,"player_choice":"Card Removal","damage_taken":0,"max_hp_gain":0,"max_hp_loss":0,"event_name":"The Cleric","floor":4,"gold_loss":50},{"damage_healed":0,"gold_gain":0,"player_choice":"Got Potions","damage_taken":0,"max_hp_gain":0,"max_hp_loss":0,"event_name":"Lab","floor":12,"gold_loss":0},{"damage_healed":0,"gold_gain":75,"player_choice":"Touch","damage_taken":7,"max_hp_gain":0,"max_hp_loss":0,"event_name":"FaceTrader","floor":19,"gold_loss":0},{"damage_healed":0,"gold_gain":0,"player_choice":"Obtained Relic","damage_taken":0,"relics_obtained":["Unceasing Top"],"max_hp_gain":0,"max_hp_loss":0,"event_name":"Addict","floor":27,"gold_loss":85},{"damage_healed":0,"gold_gain":0,"player_choice":"Became a vampire","damage_taken":0,"max_hp_gain":0,"max_hp_loss":24,"event_name":"Vampires","floor":29,"gold_loss":0,"cards_obtained":["Bite","Bite","Bite","Bite","Bite"]},{"damage_healed":0,"gold_gain":0,"player_choice":"Paid","damage_taken":0,"relics_obtained":["Red Mask"],"max_hp_gain":0,"max_hp_loss":0,"event_name":"Tomb of Lord Red Mask","floor":38,"gold_loss":4},{"damage_healed":0,"gold_gain":0,"player_choice":"Fight","damage_taken":0,"max_hp_gain":0,"max_hp_loss":0,"event_name":"MindBloom","floor":42,"gold_loss":0},{"cards_removed":["Defend_G"],"damage_healed":0,"gold_gain":0,"player_choice":"Removed Skill","damage_taken":0,"max_hp_gain":0,"max_hp_loss":0,"event_name":"Falling","floor":46,"gold_loss":0}],"is_beta":false,"boss_relics":[{"not_picked":["WristBlade","Coffee Dripper"],"picked":"Runic Pyramid"},{"not_picked":["Cursed Key","Philosopher\u0027s Stone"],"picked":"Calling Bell"}],"items_purged_floors":[2,20,37,47],"is_endless":false,"potions_floor_spawned":[1,5,7,16,24,25,31,33,35,36,41],"killed_by":"The Heart","ascension_level":1}