{"gold_per_floor":[112,112,112,112,37,37,56,56,79,79,79,105,122,140,140,244,244,260,271,23,35,35,67,67,79,79,89,109,125,125,0,0,103,103,121,136,150,169,169,169,244,244,269,299,339,362,374,432,444,456],"floor_reached":50,"playtime":6873,"items_purged":["Strike_R","Strike_R","Defend_R+1"],"score":544,"play_id":"3effc796-6992-45e5-8b46-83b17adaf952","local_time":"20190307172112","is_ascension_mode":false,"campfire_choices":[{"floor":6.0,"key":"RECALL"},{"data":"Body Slam","floor":8.0,"key":"SMITH"},{"data":"Bash","floor":10.0,"key":"SMITH"},{"data":"Body Slam","floor":15.0,"key":"SMITH"},{"data":"Entrench","floor":32.0,"key":"SMITH"},{"floor":40.0,"key":"REST"},{"data":"Barricade","floor":42.0,"key":"SMITH"},{"data":"Warcry","floor":47.0,"key":"SMITH"},{"floor":49.0,"key":"REST"}],"neow_cost":"NONE","seed_source_timestamp":0,"circlet_count":0,"master_deck":["Defend_R+1","Defend_R+1","Bash+1","Body Slam+1","Body Slam+1","Warcry","Body Slam+1","Warcry+1","Shrug It Off+1","Entrench+1","Barricade+1","Warcry+1","Parasite","Flame Barrier"],"special_seed":0,"relics":["Burning Blood","NeowsBlessing","Ice Cream","Vajra","Empty Cage","Anchor","Bird Faced Urn","War Paint","Pantograph","Self Forming Clay","MawBank","Juzu Bracelet","Torii"],"potions_floor_usage":[50,50,50],"damage_taken":[{"damage":0.0,"enemies":"Small Slimes","floor":1.0,"turns":1.0},{"damage":0.0,"enemies":"2 Louse","floor":7.0,"turns":1.0},{"damage":0.0,"enemies":"3 Sentries","floor":12.0,"turns":1.0},{"damage":0.0,"enemies":"Cultist","floor":13.0,"turns":2.0},{"damage":0.0,"enemies":"Blue Slaver","floor":14.0,"turns":3.0},{"damage":73.0,"enemies":"Slime Boss","floor":16.0,"turns":16.0},{"damage":23.0,"enemies":"Shell Parasite","floor":18.0,"turns":5.0},{"damage":7.0,"enemies":"2 Thieves","floor":19.0,"turns":4.0},{"damage":18.0,"enemies":"Centurion and Healer","floor":21.0,"turns":4.0},{"damage":8.0,"enemies":"Gremlin Leader","floor":23.0,"turns":3.0},{"damage":2.0,"enemies":"Sentry and Sphere","floor":25.0,"turns":5.0},{"damage":20.0,"enemies":"Snecko","floor":27.0,"turns":4.0},{"damage":0.0,"enemies":"Snake Plant","floor":28.0,"turns":2.0},{"damage":0.0,"enemies":"Centurion and Healer","floor":29.0,"turns":4.0},{"damage":14.0,"enemies":"Collector","floor":33.0,"turns":4.0},{"damage":0.0,"enemies":"Orb Walker","floor":35.0,"turns":1.0},{"damage":31.0,"enemies":"3 Shapes","floor":36.0,"turns":4.0},{"damage":38.0,"enemies":"Transient","floor":37.0,"turns":5.0},{"damage":18.0,"enemies":"Jaw Worm Horde","floor":38.0,"turns":3.0},{"damage":0.0,"enemies":"Writhing Mass","floor":44.0,"turns":3.0},{"damage":20.0,"enemies":"Nemesis","floor":45.0,"turns":5.0},{"damage":0.0,"enemies":"3 Darklings","floor":46.0,"turns":3.0},{"damage":34.0,"enemies":"2 Orb Walkers","floor":48.0,"turns":7.0},{"damage":74,"enemies":"Donu and Deca","floor":50,"turns":8}],"seed_played":"5825416414240735205","potions_obtained":[{"floor":1.0,"key":"Poison Potion"},{"floor":14.0,"key":"Energy Potion"},{"floor":16.0,"key":"Ancient Potion"},{"floor":19.0,"key":"SneckoOil"},{"floor":21.0,"key":"SkillPotion"},{"floor":28.0,"key":"AttackPotion"},{"floor":33.0,"key":"Explosive Potion"},{"floor":48.0,"key":"Poison Potion"}],"is_trial":false,"path_per_floor":["M","?","?","?","$","R","M","R","T","R","?","E","M","M","R","B",null,"M","M","$","M","?","E","?","M","T","M","M","M","?","$","R","B",null,"M","M","M","M","$","R","T","R","T","M","E","M","R","?","R","B"],"character_chosen":"IRONCLAD","items_purchased":["Anchor"],"campfire_rested":2,"item_purchase_floors":[20],"current_hp_per_floor":[80,73,57,50,50,50,56,56,56,56,56,62,68,74,74,7,80,63,62,62,50,50,48,48,52,52,38,44,50,50,50,50,67,80,80,56,26,16,16,40,40,40,40,48,36,44,44,18,42,0],"gold":456,"neow_bonus":"THREE_ENEMY_KILL","is_prod":false,"is_daily":false,"chose_seed":false,"campfire_upgraded":6,"win_rate":0,"timestamp":1551946872,"path_taken":["M","?","?","?","$","R","M","R","T","R","?","E","M","M","R","BOSS","M","?","$","M","?","E","?","M","T","?","M","?","?","$","R","BOSS","M","M","M","M","$","R","?","R","T","M","E","M","R","?","R","BOSS"],"build_version":"2019-01-23","purchased_purges":3,"victory":false,"max_hp_per_floor":[80,80,80,80,80,80,80,80,80,80,80,80,80,80,80,80,80,80,80,80,80,80,80,80,80,80,80,80,80,80,80,80,80,80,80,80,80,80,80,80,80,80,80,80,80,80,80,80,80,80],"card_choices":[{"not_picked":["Bloodletting","Dropkick"],"picked":"Body Slam","floor":1.0},{"not_picked":["Searing Blow","Warcry"],"picked":"Body Slam","floor":7.0},{"not_picked":["Sword Boomerang","Pommel Strike","Twin Strike"],"picked":"SKIP","floor":12.0},{"not_picked":["Searing Blow","Evolve"],"picked":"Warcry","floor":13.0},{"not_picked":["Clothesline","Heavy Blade"],"picked":"Body Slam","floor":14.0},{"not_picked":["Anger","Armaments"],"picked":"Warcry+1","floor":18.0},{"not_picked":["Heavy Blade","Havoc+1","Combust+1"],"picked":"SKIP","floor":19.0},{"not_picked":["Heavy Blade","Havoc+1","Combust+1"],"picked":"SKIP","floor":19.0},{"not_picked":["Inflame+1","Twin Strike","Perfected Strike+1"],"picked":"SKIP","floor":21.0},{"not_picked":["Inflame","Thunderclap"],"picked":"Shrug It Off+1","floor":23.0},{"not_picked":["Thunderclap","Whirlwind","Second Wind+1"],"picked":"SKIP","floor":25.0},{"not_picked":["Thunderclap+1","Whirlwind+1","Armaments"],"picked":"SKIP","floor":27.0},{"not_picked":["Pommel Strike+1","Rampage+1"],"picked":"Entrench","floor":28.0},{"not_picked":["Reaper","Reckless Charge","Sword Boomerang"],"picked":"SKIP","floor":29.0},{"not_picked":["Juggernaut","Offering"],"picked":"Barricade","floor":33.0},{"not_picked":["Burning Pact","Clothesline+1","Armaments+1"],"picked":"SKIP","floor":35.0},{"not_picked":["Pummel+1","Twin Strike","Wild Strike+1"],"picked":"SKIP","floor":36.0},{"not_picked":["Sword Boomerang","Anger"],"picked":"Warcry","floor":37.0},{"not_picked":["Combust+1","Limit Break","Thunderclap"],"picked":"SKIP","floor":38.0},{"not_picked":["Intimidate+1","Searing Blow","Cleave+1"],"picked":"SKIP","floor":44.0},{"not_picked":["Bloodletting+1","Wild Strike+1","Twin Strike"],"picked":"SKIP","floor":45.0},{"not_picked":["Bloodletting+1","Wild Strike+1","Twin Strike"],"picked":"SKIP","floor":45.0},{"not_picked":["Headbutt","Clothesline+1"],"picked":"Flame Barrier","floor":46.0}],"player_experience":175782,"relics_obtained":[{"floor":12.0,"key":"Vajra"},{"floor":23.0,"key":"War Paint"},{"floor":26.0,"key":"Pantograph"},{"floor":41.0,"key":"Self Forming Clay"},{"floor":43.0,"key":"MawBank"},{"floor":45.0,"key":"Juzu Bracelet"},{"floor":48.0,"key":"Torii"}],"event_choices":[{"damage_healed":0.0,"max_hp_gain":0.0,"max_hp_loss":0.0,"gold_gain":0.0,"event_name":"Scrap Ooze","player_choice":"Success","floor":2.0,"gold_loss":0.0,"damage_taken":7.0,"relics_obtained":["Ice Cream"]},{"damage_healed":0.0,"max_hp_gain":0.0,"max_hp_loss":0.0,"gold_gain":0.0,"event_name":"Shining Light","player_choice":"Entered Light","floor":3.0,"gold_loss":0.0,"damage_taken":16.0,"cards_upgraded":["Body Slam","Defend_R"]},{"cards_removed":["Strike_R"],"damage_healed":0.0,"max_hp_gain":0.0,"max_hp_loss":0.0,"gold_gain":0.0,"event_name":"Golden Wing","player_choice":"Card Removal","floor":4.0,"gold_loss":0.0,"damage_taken":7.0},{"damage_healed":0.0,"max_hp_gain":0.0,"max_hp_loss":0.0,"gold_gain":0.0,"event_name":"The Woman in Blue","player_choice":"Bought 0 Potions","floor":11.0,"gold_loss":0.0,"damage_taken":0.0},{"damage_healed":0.0,"max_hp_gain":0.0,"max_hp_loss":0.0,"gold_gain":0.0,"event_name":"Addict","player_choice":"Stole Relic","floor":22.0,"gold_loss":0.0,"damage_taken":0.0,"relics_obtained":["Bird Faced Urn"],"cards_obtained":["Shame"]},{"cards_removed":["Shame"],"damage_healed":0.0,"max_hp_gain":0.0,"max_hp_loss":0.0,"gold_gain":0.0,"event_name":"Fountain of Cleansing","player_choice":"Removed Curses","floor":24.0,"gold_loss":0.0,"damage_taken":0.0},{"cards_removed":["Defend_R"],"damage_healed":0.0,"max_hp_gain":0.0,"max_hp_loss":0.0,"gold_gain":0.0,"event_name":"Purifier","player_choice":"Purged","floor":30.0,"gold_loss":0.0,"damage_taken":0.0},{"damage_healed":0.0,"max_hp_gain":0.0,"max_hp_loss":0.0,"gold_gain":0.0,"event_name":"Mysterious Sphere","player_choice":"Fight","floor":48.0,"gold_loss":0.0,"damage_taken":0.0}],"is_beta":false,"boss_relics":[{"not_picked":["Tiny House","Runic Pyramid"],"picked":"Empty Cage"},{"not_picked":["Astrolabe","Coffee Dripper","Cursed Key"]}],"items_purged_floors":[5,20,31],"is_endless":false,"potions_floor_spawned":[1,14,16,19,21,28,33,35,37,48],"killed_by":"Donu and Deca","ascension_level":0}