{"gold_per_floor":[119,70,70,70,17,17,31,31,31,65,30,50,50,60,60,164,164,180,194,194,194,207,207,207],"floor_reached":24,"playtime":1036,"items_purged":[],"score":281,"play_id":"277c8cb4-0861-48aa-91cf-44e148c43c0c","local_time":"20190405180909","is_ascension_mode":true,"campfire_choices":[{"data":"Trip","floor":6,"key":"SMITH"},{"floor":8,"key":"REST"},{"data":"Hologram","floor":13,"key":"SMITH"},{"data":"Hologram","floor":15,"key":"SMITH"},{"floor":23,"key":"REST"}],"neow_cost":"NONE","seed_source_timestamp":20125426900849,"circlet_count":0,"master_deck":["Strike_B","Strike_B","Strike_B","Defend_B","Defend_B","Defend_B","Defend_B","Zap","Dualcast","Trip+1","Rebound","Gash","Conserve Battery","Go for the Eyes","Hologram+1","Hologram+1","Sweeping Beam","Seek","Leap","Go for the Eyes","Steam"],"relics":["Cracked Core","Ornamental Fan","Dodecahedron","Matryoshka","Gambling Chip","Cursed Key","Smiling Mask"],"potions_floor_usage":[16,16],"damage_taken":[{"damage":3,"enemies":"Jaw Worm","floor":1,"turns":4},{"damage":1,"enemies":"2 Louse","floor":7,"turns":2},{"damage":15,"enemies":"Lagavulin","floor":10,"turns":7},{"damage":0,"enemies":"Cultist","floor":12,"turns":2},{"damage":8,"enemies":"Exordium Thugs","floor":14,"turns":6},{"damage":31,"enemies":"Slime Boss","floor":16,"turns":7},{"damage":13,"enemies":"2 Thieves","floor":18,"turns":4},{"damage":16,"enemies":"3 Byrds","floor":19,"turns":6},{"damage":20,"enemies":"Snake Plant","floor":22,"turns":5},{"damage":34,"enemies":"Gremlin Leader","floor":24,"turns":6}],"seed_played":"-1125670919697268684","potions_obtained":[{"floor":1,"key":"AttackPotion"},{"floor":12,"key":"PowerPotion"},{"floor":14,"key":"EssenceOfSteel"}],"is_trial":false,"path_per_floor":["M","$","?","T","$","R","M","R","T","E","?","M","R","M","R","B",null,"M","M","?","?","M","R","E"],"character_chosen":"DEFECT","items_purchased":["Gash","Conserve Battery"],"campfire_rested":2,"item_purchase_floors":[2,5],"current_hp_per_floor":[65,65,32,32,32,32,31,53,53,38,56,56,56,48,48,17,61,48,32,32,32,12,34,0],"gold":207,"neow_bonus":"RANDOM_COLORLESS","is_prod":false,"is_daily":false,"chose_seed":false,"campfire_upgraded":3,"win_rate":0,"timestamp":1554480549,"path_taken":["M","$","?","?","$","R","M","R","T","E","?","?","R","M","R","BOSS","M","?","?","?","M","R","E"],"build_version":"2019-01-23","purchased_purges":0,"victory":false,"max_hp_per_floor":[75,75,75,75,75,75,75,75,75,75,75,75,75,75,75,75,75,75,75,75,75,75,75,75],"card_choices":[{"not_picked":["Reprogram","Steam"],"picked":"Rebound","floor":1},{"not_picked":["Hologram","Heatsinks"],"picked":"Go for the Eyes","floor":7},{"not_picked":["Lockon","Static Discharge"],"picked":"Hologram","floor":10},{"not_picked":["Conserve Battery","Static Discharge"],"picked":"Hologram","floor":12},{"not_picked":["Consume","Undo"],"picked":"Sweeping Beam","floor":14},{"not_picked":["Machine Learning","Reboot"],"picked":"Seek","floor":16},{"not_picked":["Stack","Barrage"],"picked":"Leap","floor":18},{"not_picked":["Heatsinks","Defragment"],"picked":"Go for the Eyes","floor":19},{"not_picked":["Redo","Darkness+1"],"picked":"Steam","floor":22}],"player_experience":225497,"relics_obtained":[{"floor":4,"key":"Dodecahedron"},{"floor":9,"key":"Matryoshka"},{"floor":10,"key":"Gambling Chip"}],"event_choices":[{"damage_healed":0,"gold_gain":0,"player_choice":"Success","damage_taken":33,"relics_obtained":["Ornamental Fan"],"max_hp_gain":0,"max_hp_loss":0,"event_name":"Scrap Ooze","floor":3,"gold_loss":0},{"damage_healed":18,"gold_gain":0,"player_choice":"Healed","damage_taken":0,"max_hp_gain":0,"max_hp_loss":0,"event_name":"The Cleric","floor":11,"gold_loss":35},{"damage_healed":0,"gold_gain":0,"player_choice":"Opened","damage_taken":0,"relics_obtained":["Smiling Mask"],"max_hp_gain":0,"max_hp_loss":0,"event_name":"The Mausoleum","floor":20,"gold_loss":0},{"cards_removed":["Strike_B"],"damage_healed":0,"gold_gain":0,"player_choice":"Purged","damage_taken":0,"max_hp_gain":0,"max_hp_loss":0,"event_name":"Purifier","floor":21,"gold_loss":0}],"is_beta":false,"boss_relics":[{"not_picked":["Inserter","Busted Crown"],"picked":"Cursed Key"}],"items_purged_floors":[],"is_endless":false,"potions_floor_spawned":[1,12,14],"killed_by":"Gremlin Leader","ascension_level":9}