{"gold_per_floor":[116,130,130,145,155,155,166,183,183,201,5,20,20,38,38,38],"floor_reached":16,"playtime":1319,"items_purged":["Strike_R"],"score":98,"play_id":"f9e6573f-d7e8-498d-9f8f-f3ce2861327e","local_time":"20190411130452","is_ascension_mode":false,"campfire_choices":[{"data":"Rampage","floor":6,"key":"SMITH"},{"data":"Seeing Red","floor":13,"key":"SMITH"},{"data":"Searing Blow","floor":15,"key":"SMITH"}],"neow_cost":"NONE","seed_source_timestamp":13874711483304,"circlet_count":0,"master_deck":["Strike_R","Strike_R","Strike_R","Defend_R","Defend_R","Defend_R","Defend_R","Entrench","Hemokinesis","Rampage+1","Searing Blow+1","Body Slam","Seeing Red+1","Evolve"],"relics":["Burning Blood","Ancient Tea Set"],"potions_floor_usage":[12,16,16,16],"damage_taken":[{"damage":0,"enemies":"2 Louse","floor":1,"turns":3},{"damage":6,"enemies":"Cultist","floor":2,"turns":4},{"damage":7,"enemies":"Jaw Worm","floor":4,"turns":3},{"damage":10,"enemies":"Looter","floor":5,"turns":5},{"damage":22,"enemies":"Gremlin Gang","floor":7,"turns":5},{"damage":16,"enemies":"Large Slime","floor":8,"turns":8},{"damage":11,"enemies":"Red Slaver","floor":10,"turns":5},{"damage":7,"enemies":"Gremlin Gang","floor":12,"turns":4},{"damage":11,"enemies":"Exordium Thugs","floor":14,"turns":5},{"damage":40,"enemies":"The Guardian","floor":16,"turns":7}],"seed_played":"-2297527530033203367","potions_obtained":[{"floor":2,"key":"SpeedPotion"},{"floor":4,"key":"SpeedPotion"},{"floor":10,"key":"Poison Potion"},{"floor":12,"key":"Poison Potion"}],"is_trial":false,"path_per_floor":["M","M","?","M","M","R","M","M","T","M","$","M","R","M","R","B"],"character_chosen":"IRONCLAD","items_purchased":["Body Slam","Seeing Red"],"campfire_rested":0,"item_purchase_floors":[11,11],"current_hp_per_floor":[80,80,80,79,75,75,59,49,49,44,44,43,43,38,38,0],"gold":38,"neow_bonus":"REMOVE_CARD","is_prod":false,"is_daily":false,"chose_seed":false,"campfire_upgraded":3,"win_rate":0.0,"timestamp":1554980692,"path_taken":["M","M","?","M","M","R","M","M","T","M","$","?","R","M","R","BOSS"],"build_version":"2019-01-23","purchased_purges":1,"victory":false,"max_hp_per_floor":[80,80,80,80,80,80,80,80,80,80,80,80,80,80,80,80],"card_choices":[{"not_picked":["Clothesline","Rage"],"picked":"Entrench","floor":1},{"not_picked":["Pommel Strike","Fire Breathing","Clash"],"picked":"SKIP","floor":2},{"not_picked":["Second Wind","Anger","Reckless Charge"],"picked":"SKIP","floor":4},{"not_picked":["Disarm","Thunderclap"],"picked":"Rampage","floor":5},{"not_picked":["Feel No Pain","Evolve","Pommel Strike"],"picked":"SKIP","floor":7},{"not_picked":["Fire Breathing","Heavy Blade","Combust"],"picked":"SKIP","floor":8},{"not_picked":["Body Slam","Limit Break"],"picked":"Searing Blow","floor":10},{"not_picked":["Cleave","Sword Boomerang","Perfected Strike"],"picked":"SKIP","floor":12},{"not_picked":["Carnage","Second Wind"],"picked":"Evolve","floor":14}],"player_experience":40665,"relics_obtained":[{"floor":9,"key":"Ancient Tea Set"}],"event_choices":[{"damage_healed":0,"gold_gain":0,"cards_transformed":["Strike_R"],"player_choice":"Transformed","damage_taken":0,"max_hp_gain":0,"max_hp_loss":0,"event_name":"Transmorgrifier","floor":3,"gold_loss":0,"cards_obtained":["Hemokinesis"]}],"is_beta":false,"boss_relics":[],"items_purged_floors":[11],"is_endless":false,"potions_floor_spawned":[2,4,10,12],"killed_by":"The Guardian","ascension_level":0}