{"gold_per_floor":[109,124,46,11,21,51,51,21,46,10,10,43,62,75,75,152,152,163,88,105,155,173,173,202,202],"floor_reached":25,"playtime":1131,"items_purged":["Parasite"],"score":461,"play_id":"877de362-bf00-41e9-bf21-fe81082c958c","local_time":"20190402224258","is_ascension_mode":true,"campfire_choices":[{"data":"Cloak And Dagger","floor":7,"key":"SMITH"},{"data":"Caltrops","floor":15,"key":"SMITH"},{"floor":23,"key":"REST"}],"neow_cost":"CURSE","seed_source_timestamp":9794919619250,"circlet_count":0,"master_deck":["AscendersBane","Defend_G","Defend_G","Defend_G","Defend_G","Defend_G","Strike_G","Survivor","Neutralize","Bouncing Flask","Deadly Poison","Caltrops+1","Cloak And Dagger+1","Dash","Backflip","Escape Plan","Footwork","Sucker Punch","A Thousand Cuts","Caltrops+1","Riddle With Holes+1","Cloak And Dagger+1","Prepared","Noxious Fumes","Backflip","Backflip+1","Blur+1"],"relics":["Ring of the Snake","Ginger","Orichalcum","Dream Catcher","Art of War","Astrolabe","Frozen Egg 2"],"potions_floor_usage":[6,12,12,18,20,22,22],"damage_taken":[{"damage":5,"enemies":"Jaw Worm","floor":1,"turns":6},{"damage":7,"enemies":"Small Slimes","floor":2,"turns":4},{"damage":8,"enemies":"2 Louse","floor":5,"turns":3},{"damage":25,"enemies":"Gremlin Nob","floor":6,"turns":4},{"damage":0,"enemies":"3 Sentries","floor":12,"turns":6},{"damage":22,"enemies":"Exordium Thugs","floor":13,"turns":5},{"damage":1,"enemies":"Blue Slaver","floor":14,"turns":3},{"damage":5,"enemies":"Hexaghost","floor":16,"turns":9},{"damage":5,"enemies":"Chosen","floor":18,"turns":5},{"damage":0,"enemies":"3 Byrds","floor":20,"turns":2},{"damage":32,"enemies":"Snake Plant","floor":22,"turns":4},{"damage":21,"enemies":"Book of Stabbing","floor":24,"turns":5},{"damage":20,"enemies":"Centurion and Healer","floor":25,"turns":6}],"seed_played":"8598800444081218412","potions_obtained":[{"floor":1,"key":"FearPotion"},{"floor":5,"key":"Explosive Potion"},{"floor":6,"key":"Fire Potion"},{"floor":16,"key":"SkillPotion"},{"floor":18,"key":"Block Potion"},{"floor":20,"key":"SkillPotion"},{"floor":22,"key":"Fruit Juice"}],"is_trial":false,"path_per_floor":["M","M","$","?","M","E","R","$","T","$","?","E","M","M","R","B",null,"M","$","M","?","M","R","E","M"],"character_chosen":"THE_SILENT","items_purchased":["Caltrops","Backflip","Escape Plan"],"campfire_rested":1,"item_purchase_floors":[3,8,10],"current_hp_per_floor":[54,47,47,63,55,30,30,30,30,30,30,30,8,7,7,2,50,45,45,45,45,18,38,17,0],"gold":202,"neow_bonus":"ONE_RARE_RELIC","is_prod":false,"is_daily":false,"chose_seed":false,"campfire_upgraded":2,"win_rate":0,"timestamp":1554212578,"path_taken":["M","M","$","?","M","E","R","$","T","$","?","E","M","M","R","BOSS","M","$","M","?","M","R","E","M"],"build_version":"2019-01-23","purchased_purges":1,"victory":false,"max_hp_per_floor":[66,66,66,66,66,66,66,66,66,66,66,66,66,66,66,66,66,66,63,63,63,68,68,68,68],"card_choices":[{"not_picked":["Dash","Dodge and Roll"],"picked":"Bouncing Flask","floor":1},{"not_picked":["PiercingWail","Outmaneuver"],"picked":"Deadly Poison","floor":2},{"not_picked":["Flechettes","Dodge and Roll"],"picked":"Cloak And Dagger","floor":5},{"not_picked":["PiercingWail","Outmaneuver"],"picked":"Dash","floor":6},{"not_picked":["Acrobatics","Outmaneuver"],"picked":"Footwork","floor":12},{"not_picked":["Deadly Poison","Backstab"],"picked":"Sucker Punch","floor":13},{"not_picked":["Flechettes","Dagger Spray","Die Die Die"],"picked":"SKIP","floor":14},{"not_picked":["Glass Knife","Bullet Time"],"picked":"A Thousand Cuts","floor":16},{"not_picked":["Sucker Punch","Finisher"],"picked":"Prepared","floor":18},{"not_picked":["Bane","Dagger Spray"],"picked":"Noxious Fumes","floor":20},{"not_picked":["Noxious Fumes+1","Dagger Throw"],"picked":"Backflip","floor":22},{"not_picked":["Expertise","Backstab+1"],"picked":"Backflip+1","floor":23},{"not_picked":["Reflex+1","Distraction+1"],"picked":"Blur+1","floor":24}],"player_experience":665731,"relics_obtained":[{"floor":6,"key":"Orichalcum"},{"floor":9,"key":"Dream Catcher"},{"floor":12,"key":"Art of War"},{"floor":24,"key":"Frozen Egg 2"}],"event_choices":[{"damage_healed":16,"gold_gain":0,"player_choice":"Healed","damage_taken":0,"max_hp_gain":0,"max_hp_loss":0,"event_name":"The Cleric","floor":4,"gold_loss":35},{"cards_removed":["Strike_G"],"damage_healed":0,"gold_gain":0,"player_choice":"Forget","damage_taken":0,"max_hp_gain":0,"max_hp_loss":0,"event_name":"Living Wall","floor":11,"gold_loss":0},{"damage_healed":0,"gold_gain":50,"player_choice":"Stole From Cult","damage_taken":0,"max_hp_gain":0,"max_hp_loss":0,"event_name":"Nest","floor":21,"gold_loss":0}],"is_beta":false,"boss_relics":[{"not_picked":["Eternal Feather","Fusion Hammer"],"picked":"Astrolabe"}],"items_purged_floors":[19],"is_endless":false,"potions_floor_spawned":[1,5,6,16,18,20,22],"killed_by":"Centurion and Healer","ascension_level":16}