{"gold_per_floor":[118,136,136,156,32,64,64,239,266,282,311,336,362,374,386,499,511,542,568,580,51,51,51,51],"floor_reached":24,"playtime":1825,"items_purged":["Pummel"],"score":206,"play_id":"f12276d2-30be-4b0d-80eb-645fd69ff11b","local_time":"20190307184920","is_ascension_mode":false,"campfire_choices":[{"floor":7,"key":"REST"},{"data":"Armaments","floor":15,"key":"SMITH"},{"data":"Infernal Blade","floor":23,"key":"SMITH"}],"neow_cost":"NONE","seed_source_timestamp":1894471113055072,"circlet_count":0,"master_deck":["Strike_R","Strike_R","Strike_R","Strike_R","Defend_R","Defend_R","Defend_R","Defend_R","Bash","Perfected Strike","Perfected Strike","Armaments+1","Thunderclap","Shrug It Off","Offering","Thunderclap","Perfected Strike","Infernal Blade+1"],"relics":["Busted Crown","CultistMask","Omamori","MawBank","Velvet Choker","Meat on the Bone","Singing Bowl"],"potions_floor_usage":[6,16,16,16],"damage_taken":[{"damage":1,"enemies":"Jaw Worm","floor":1,"turns":3},{"damage":6,"enemies":"Cultist","floor":2,"turns":3},{"damage":5,"enemies":"Small Slimes","floor":4,"turns":4},{"damage":18,"enemies":"3 Sentries","floor":6,"turns":6},{"damage":0,"enemies":"Gremlin Gang","floor":10,"turns":5},{"damage":21,"enemies":"Lagavulin","floor":11,"turns":5},{"damage":10,"enemies":"Looter","floor":12,"turns":2},{"damage":0,"enemies":"2 Fungi Beasts","floor":13,"turns":2},{"damage":35,"enemies":"The Guardian","floor":16,"turns":7},{"damage":11,"enemies":"Chosen","floor":18,"turns":3},{"damage":16,"enemies":"Spheric Guardian","floor":19,"turns":3},{"damage":31,"enemies":"Book of Stabbing","floor":24,"turns":3}],"seed_played":"9002742160449888759","potions_obtained":[{"floor":2,"key":"AttackPotion"},{"floor":4,"key":"Strength Potion"},{"floor":6,"key":"Dexterity Potion"},{"floor":13,"key":"LiquidBronze"}],"is_trial":false,"path_per_floor":["M","M","?","M","$","E","R","?","T","M","E","M","M","?","R","B",null,"M","M","?","$","?","R","E"],"character_chosen":"IRONCLAD","items_purchased":["Perfected Strike","Perfected Strike","Meat on the Bone","Singing Bowl"],"campfire_rested":1,"item_purchase_floors":[5,21,21,21],"current_hp_per_floor":[79,73,73,68,68,50,74,74,74,74,53,43,43,43,43,8,80,69,53,38,38,38,38,7],"gold":51,"neow_bonus":"BOSS_RELIC","is_prod":false,"is_daily":false,"chose_seed":false,"campfire_upgraded":2,"win_rate":0,"timestamp":1551952160,"path_taken":["M","M","?","?","$","E","R","?","T","M","E","M","M","?","R","BOSS","M","?","?","$","?","R","E"],"build_version":"2019-01-23","purchased_purges":1,"victory":false,"max_hp_per_floor":[80,80,80,80,80,80,80,80,80,80,80,80,80,80,80,80,80,80,80,85,85,85,85,85],"card_choices":[{"not_picked":["Anger"],"picked":"SKIP","floor":1},{"not_picked":[],"picked":"Pummel","floor":2},{"not_picked":[],"picked":"Perfected Strike","floor":4},{"not_picked":[],"picked":"Armaments","floor":6},{"not_picked":["Havoc"],"picked":"SKIP","floor":10},{"not_picked":["Havoc"],"picked":"SKIP","floor":11},{"not_picked":[],"picked":"Thunderclap","floor":12},{"not_picked":[],"picked":"Shrug It Off","floor":13},{"not_picked":[],"picked":"Offering","floor":16},{"not_picked":[],"picked":"Thunderclap","floor":18},{"not_picked":["Ghostly Armor"],"picked":"SKIP","floor":19}],"player_experience":185902,"relics_obtained":[{"floor":6,"key":"Omamori"},{"floor":11,"key":"MawBank"}],"event_choices":[{"damage_healed":0,"gold_gain":0,"player_choice":"Trade","damage_taken":0,"relics_obtained":["CultistMask"],"max_hp_gain":0,"max_hp_loss":0,"event_name":"FaceTrader","floor":3,"gold_loss":0},{"damage_healed":0,"gold_gain":175,"player_choice":"AGREE","damage_taken":0,"max_hp_gain":0,"max_hp_loss":0,"event_name":"Liars Game","floor":8,"gold_loss":0,"cards_obtained":["Doubt"]},{"cards_removed":["Strike_R"],"damage_healed":0,"gold_gain":0,"player_choice":"Offered Basic","damage_taken":0,"max_hp_gain":0,"max_hp_loss":0,"event_name":"Bonfire Elementals","floor":14,"gold_loss":0},{"damage_healed":0,"gold_gain":0,"player_choice":"Shed Blood","damage_taken":20,"max_hp_gain":5,"max_hp_loss":0,"event_name":"Forgotten Altar","floor":20,"gold_loss":0},{"damage_healed":0,"gold_gain":0,"player_choice":"Read","damage_taken":0,"max_hp_gain":0,"max_hp_loss":0,"event_name":"The Library","floor":22,"gold_loss":0,"cards_obtained":["Infernal Blade"]}],"is_beta":false,"boss_relics":[{"not_picked":["Coffee Dripper","Astrolabe"],"picked":"Velvet Choker"}],"items_purged_floors":[5],"is_endless":false,"potions_floor_spawned":[2,4,6,13],"killed_by":"Book of Stabbing","ascension_level":0}