{"gold_per_floor":[112,126,76,76,76,76,96,96,96,129,129,150,150,225,225,225],"floor_reached":16,"playtime":687,"items_purged":[],"score":97,"play_id":"3a17fde3-be7e-444a-a786-f16e3473a338","local_time":"20190409004037","is_ascension_mode":false,"campfire_choices":[{"data":"Bash","floor":6,"key":"SMITH"},{"floor":15,"key":"REST"}],"neow_cost":"NONE","seed_source_timestamp":1905494484246900,"circlet_count":0,"master_deck":["Strike_R","Strike_R+1","Defend_R+1","Defend_R","Defend_R","Defend_R","Bash+1","Hemokinesis","Exhume","Armaments","Impervious"],"relics":["Burning Blood","Juzu Bracelet","Golden Idol","Gremlin Horn","Shuriken","Spirit Poop"],"potions_floor_usage":[10],"damage_taken":[{"damage":0,"enemies":"2 Louse","floor":1,"turns":3},{"damage":14,"enemies":"Jaw Worm","floor":2,"turns":2},{"damage":0,"enemies":"Small Slimes","floor":7,"turns":5},{"damage":33,"enemies":"Lagavulin","floor":10,"turns":6},{"damage":5,"enemies":"2 Fungi Beasts","floor":12,"turns":3},{"damage":43,"enemies":"Hexaghost","floor":16,"turns":11}],"seed_played":"3045648205063222246","potions_obtained":[{"floor":1,"key":"PowerPotion"}],"is_trial":false,"path_per_floor":["M","M","?","?","?","R","M","?","T","E","?","M","?","?","R","B"],"character_chosen":"IRONCLAD","items_purchased":[],"campfire_rested":1,"item_purchase_floors":[],"current_hp_per_floor":[80,72,72,65,49,49,55,55,55,28,28,29,29,18,42,0],"gold":225,"neow_bonus":"RANDOM_COMMON_RELIC","is_prod":false,"is_daily":false,"chose_seed":false,"campfire_upgraded":1,"win_rate":0,"timestamp":1554795637,"path_taken":["M","M","?","?","?","R","M","?","T","E","?","M","?","?","R","BOSS"],"build_version":"2019-01-23","purchased_purges":0,"victory":false,"max_hp_per_floor":[80,80,80,80,80,80,80,80,80,80,80,80,80,80,80,80],"card_choices":[{"not_picked":["Havoc","Pommel Strike"],"picked":"Hemokinesis","floor":1},{"not_picked":["Thunderclap","Twin Strike","Perfected Strike"],"picked":"SKIP","floor":2},{"not_picked":["Cleave","Corruption","Clothesline"],"picked":"SKIP","floor":7},{"not_picked":["Fire Breathing","Flame Barrier"],"picked":"Exhume","floor":10},{"not_picked":["True Grit","Entrench"],"picked":"Armaments","floor":12}],"player_experience":148036,"relics_obtained":[{"floor":9,"key":"Gremlin Horn"},{"floor":10,"key":"Shuriken"}],"event_choices":[{"cards_removed":["Strike_R"],"damage_healed":0,"gold_gain":0,"player_choice":"Card Removal","damage_taken":0,"max_hp_gain":0,"max_hp_loss":0,"event_name":"The Cleric","floor":3,"gold_loss":50},{"cards_removed":["Strike_R"],"damage_healed":0,"gold_gain":0,"player_choice":"Card Removal","damage_taken":7,"max_hp_gain":0,"max_hp_loss":0,"event_name":"Golden Wing","floor":4,"gold_loss":0},{"damage_healed":0,"gold_gain":0,"player_choice":"Entered Light","damage_taken":16,"max_hp_gain":0,"max_hp_loss":0,"event_name":"Shining Light","floor":5,"gold_loss":0,"cards_upgraded":["Strike_R","Defend_R"]},{"damage_healed":0,"gold_gain":0,"player_choice":"Take Wound","damage_taken":0,"relics_obtained":["Golden Idol"],"max_hp_gain":0,"max_hp_loss":0,"event_name":"Golden Idol","floor":8,"gold_loss":0,"cards_obtained":["Injury"]},{"cards_removed":["Injury"],"damage_healed":0,"gold_gain":0,"player_choice":"Offered Curse","damage_taken":0,"relics_obtained":["Spirit Poop"],"max_hp_gain":0,"max_hp_loss":0,"event_name":"Bonfire Elementals","floor":11,"gold_loss":0},{"damage_healed":0,"gold_gain":0,"cards_transformed":["Strike_R"],"player_choice":"Change","damage_taken":0,"max_hp_gain":0,"max_hp_loss":0,"event_name":"Living Wall","floor":13,"gold_loss":0,"cards_obtained":["Impervious"]},{"damage_healed":0,"gold_gain":75,"player_choice":"Gather Gold","damage_taken":11,"max_hp_gain":0,"max_hp_loss":0,"event_name":"World of Goop","floor":14,"gold_loss":0}],"is_beta":false,"boss_relics":[],"items_purged_floors":[],"is_endless":false,"potions_floor_spawned":[1],"killed_by":"Hexaghost","ascension_level":0}