{"gold_per_floor":[116,133,133,1,20,20,50,50,75,75],"floor_reached":10,"playtime":372,"items_purged":["Strike_R"],"score":132,"play_id":"8052179a-dac6-4617-b161-433872be80a7","local_time":"20190413121903","is_ascension_mode":true,"campfire_choices":[{"data":"Body Slam","floor":6.0,"key":"SMITH"},{"floor":8.0,"key":"REST"}],"neow_cost":"NONE","seed_source_timestamp":48256339897800,"circlet_count":0,"master_deck":["AscendersBane","Strike_R","Strike_R","Strike_R","Strike_R","Defend_R","Defend_R","Defend_R","Defend_R","Bash","Body Slam","Body Slam+1","Berserk","Iron Wave","True Grit","Armaments"],"special_seed":0,"relics":["Burning Blood","Bronze Scales","Potion Belt"],"potions_floor_usage":[],"damage_taken":[{"damage":9.0,"enemies":"2 Louse","floor":1.0,"turns":3.0},{"damage":8.0,"enemies":"Cultist","floor":2.0,"turns":5.0},{"damage":9.0,"enemies":"Small Slimes","floor":5.0,"turns":5.0},{"damage":58.0,"enemies":"Lagavulin","floor":7.0,"turns":8.0},{"damage":31,"enemies":"Gremlin Nob","floor":10,"turns":3}],"seed_played":"-6691134941990146875","potions_obtained":[{"floor":7.0,"key":"Explosive Potion"}],"is_trial":false,"path_per_floor":["M","M","?","$","M","R","E","R","T","E"],"character_chosen":"IRONCLAD","items_purchased":["True Grit"],"campfire_rested":1,"item_purchase_floors":[4],"current_hp_per_floor":[65,63,63,63,60,60,8,30,30,0],"gold":75,"neow_bonus":"THREE_CARDS","is_prod":false,"is_daily":false,"chose_seed":false,"campfire_upgraded":1,"win_rate":0,"timestamp":1555172343,"path_taken":["M","M","?","$","M","R","E","R","T","E"],"build_version":"2019-01-23","purchased_purges":1,"victory":false,"max_hp_per_floor":[75,75,75,75,75,75,75,75,75,75],"card_choices":[{"not_picked":["Anger","Wild Strike"],"picked":"Body Slam","floor":0.0},{"not_picked":["Perfected Strike","Second Wind","Spot Weakness"],"picked":"SKIP","floor":1.0},{"not_picked":["Sentinel","Havoc"],"picked":"Body Slam","floor":2.0},{"not_picked":["Anger","Dual Wield","Perfected Strike"],"picked":"SKIP","floor":5.0},{"not_picked":["Body Slam","Hemokinesis"],"picked":"Armaments","floor":7.0}],"player_experience":305023,"relics_obtained":[{"floor":7.0,"key":"Bronze Scales"},{"floor":9.0,"key":"Potion Belt"}],"event_choices":[{"damage_healed":0.0,"max_hp_gain":0.0,"max_hp_loss":0.0,"gold_gain":0.0,"event_name":"Match and Keep!","player_choice":"2 cards matched","floor":3.0,"gold_loss":0.0,"damage_taken":0.0,"cards_obtained":["Berserk","Iron Wave"]}],"is_beta":false,"boss_relics":[],"items_purged_floors":[4],"is_endless":false,"potions_floor_spawned":[7],"killed_by":"Gremlin Nob","ascension_level":20}