{"gold_per_floor":[14,24,36,36,211,211,246,246,246,27,45,57,26,43,43,143,143,160,160,259,278,203,237,237],"floor_reached":24,"playtime":1471,"items_purged":["Doubt"],"score":284,"play_id":"104010c1-43b6-4e82-9f55-8e34b93c7444","local_time":"20190311173810","is_ascension_mode":true,"campfire_choices":[{"data":"Infernal Blade","floor":6,"key":"SMITH"},{"floor":8,"key":"REST"},{"data":"Demon Form","floor":15,"key":"SMITH"}],"neow_cost":"NO_GOLD","seed_source_timestamp":2236174207046403,"circlet_count":0,"master_deck":["Strike_R","Strike_R","Defend_R","Defend_R","Defend_R","Defend_R","Bash","Battle Trance","Burning Pact","Infernal Blade+1","Whirlwind","Flame Barrier","Warcry","Rupture","Demon Form+1","Pommel Strike","Dark Embrace","Shame","Decay","True Grit","Ghostly","Ghostly","Ghostly","Ghostly","Ghostly","Seeing Red+1","Disarm"],"relics":["Burning Blood","Calipers","StoneCalendar","Bag of Marbles","Calling Bell","Strawberry","Darkstone Periapt","Thread and Needle","PreservedInsect"],"potions_floor_usage":[16,16,18,23,23],"damage_taken":[{"damage":9,"enemies":"2 Louse","floor":1,"turns":4},{"damage":0,"enemies":"Small Slimes","floor":2,"turns":1},{"damage":11,"enemies":"Jaw Worm","floor":3,"turns":5},{"damage":61,"enemies":"Gremlin Nob","floor":7,"turns":7},{"damage":6,"enemies":"3 Louse","floor":11,"turns":3},{"damage":16,"enemies":"Large Slime","floor":12,"turns":5},{"damage":3,"enemies":"Looter","floor":14,"turns":5},{"damage":7,"enemies":"The Guardian","floor":16,"turns":10},{"damage":56,"enemies":"Chosen","floor":18,"turns":7},{"damage":6,"enemies":"3 Byrds","floor":21,"turns":5},{"damage":28,"enemies":"Book of Stabbing","floor":23,"turns":7},{"damage":35,"enemies":"Snecko","floor":24,"turns":6}],"seed_played":"664004180716953961","potions_obtained":[{"floor":3,"key":"SpeedPotion"},{"floor":11,"key":"Block Potion"},{"floor":16,"key":"SteroidPotion"},{"floor":18,"key":"Fruit Juice"},{"floor":21,"key":"SteroidPotion"}],"is_trial":false,"path_per_floor":["M","M","M","?","?","R","E","R","T","$","M","M","?","M","R","B",null,"M","?","?","M","?","E","M"],"character_chosen":"IRONCLAD","items_purchased":["Bag of Marbles"],"campfire_rested":1,"item_purchase_floors":[10],"current_hp_per_floor":[77,80,75,68,68,68,13,37,37,37,37,27,27,30,30,29,87,42,42,42,42,42,20,0],"gold":237,"neow_bonus":"TRANSFORM_TWO_CARDS","is_prod":false,"is_daily":false,"chose_seed":false,"campfire_upgraded":2,"win_rate":0,"timestamp":1552293490,"path_taken":["M","M","M","?","?","R","E","R","T","$","M","M","?","M","R","BOSS","M","?","?","M","?","E","M"],"build_version":"2019-01-23","purchased_purges":1,"victory":false,"max_hp_per_floor":[80,80,80,80,80,80,80,80,80,80,80,80,80,80,80,80,87,92,46,46,46,46,46,46],"card_choices":[{"not_picked":["Armaments","Perfected Strike"],"picked":"Infernal Blade","floor":1},{"not_picked":["Flex","Uppercut"],"picked":"Whirlwind","floor":2},{"not_picked":["Perfected Strike","Clash"],"picked":"Flame Barrier","floor":3},{"not_picked":["Thunderclap","Shrug It Off"],"picked":"Warcry","floor":7},{"not_picked":["Hemokinesis","Perfected Strike"],"picked":"Rupture","floor":11},{"not_picked":["Thunderclap","Clash"],"picked":"Demon Form","floor":12},{"not_picked":["Sword Boomerang","Searing Blow"],"picked":"Pommel Strike","floor":14},{"not_picked":["Barricade","Bludgeon"],"picked":"Dark Embrace","floor":16},{"not_picked":["Twin Strike","Thunderclap"],"picked":"True Grit","floor":18},{"not_picked":["Shrug It Off","Thunderclap+1"],"picked":"Seeing Red+1","floor":21},{"not_picked":["Anger","Cleave"],"picked":"Disarm","floor":23}],"player_experience":317157,"relics_obtained":[{"floor":7,"key":"Calipers"},{"floor":9,"key":"StoneCalendar"},{"floor":17,"key":"Strawberry"},{"floor":17,"key":"Darkstone Periapt"},{"floor":17,"key":"Thread and Needle"},{"floor":23,"key":"PreservedInsect"}],"event_choices":[{"cards_removed":["Strike_R"],"damage_healed":0,"gold_gain":0,"player_choice":"Card Removal","damage_taken":7,"max_hp_gain":0,"max_hp_loss":0,"event_name":"Golden Wing","floor":4,"gold_loss":0},{"damage_healed":0,"gold_gain":175,"player_choice":"AGREE","damage_taken":0,"max_hp_gain":0,"max_hp_loss":0,"event_name":"Liars Game","floor":5,"gold_loss":0,"cards_obtained":["Doubt"]},{"damage_healed":0,"gold_gain":0,"player_choice":"Left Gold","damage_taken":0,"max_hp_gain":0,"max_hp_loss":0,"event_name":"World of Goop","floor":13,"gold_loss":31},{"damage_healed":0,"gold_gain":0,"player_choice":"Became a Ghost","damage_taken":0,"max_hp_gain":0,"max_hp_loss":46,"event_name":"Ghosts","floor":19,"gold_loss":0,"cards_obtained":["Ghostly","Ghostly","Ghostly","Ghostly","Ghostly"]},{"damage_healed":0,"gold_gain":99,"player_choice":"Stole From Cult","damage_taken":0,"max_hp_gain":0,"max_hp_loss":0,"event_name":"Nest","floor":20,"gold_loss":0},{"cards_removed":["Pain"],"damage_healed":0,"gold_gain":0,"player_choice":"Gave Gold","damage_taken":0,"max_hp_gain":0,"max_hp_loss":0,"event_name":"Beggar","floor":22,"gold_loss":75}],"is_beta":false,"boss_relics":[{"not_picked":["Busted Crown","Fusion Hammer"],"picked":"Calling Bell"}],"items_purged_floors":[10],"is_endless":false,"potions_floor_spawned":[3,11,16,18,21],"killed_by":"Snecko","ascension_level":4}