{"gold_per_floor":[113,132,132,132,63,91,91,122,122,135,162,162,173,173,173,276,276,286,43,43,60,71,71,71,85,109,109,109,109,109],"floor_reached":30,"playtime":1740,"items_purged":[],"score":283,"play_id":"9bfc465a-7393-481c-801c-7ec6caf32f65","local_time":"20190306054455","is_ascension_mode":true,"campfire_choices":[{"floor":7,"key":"REST"},{"floor":12,"key":"REST"},{"floor":15,"key":"REST"},{"data":"Infinite Blades","floor":23,"key":"SMITH"}],"neow_cost":"NONE","seed_source_timestamp":34233462000023,"circlet_count":0,"master_deck":["Defend_G+1","Defend_G","Defend_G","Defend_G","Survivor","Neutralize","Infinite Blades","Cloak And Dagger","Crippling Poison","Dagger Throw","Glass Knife","Blade Dance","Malaise","Noxious Fumes+1","Envenom","PiercingWail","Accuracy","PiercingWail","Flechettes","Infinite Blades+1","Escape Plan","Footwork","Self Repair","Master of Strategy","Bite","Bite","Bite","Bite","Bite"],"relics":["Ring of the Snake","Anchor","Bag of Preparation","Ninja Scroll","Kunai","Orrery","PrismaticShard","Pen Nib","StoneCalendar"],"potions_floor_usage":[16,30],"damage_taken":[{"damage":0,"enemies":"Cultist","floor":1,"turns":4},{"damage":0,"enemies":"Small Slimes","floor":2,"turns":4},{"damage":18,"enemies":"Gremlin Nob","floor":6,"turns":6},{"damage":40,"enemies":"Lagavulin","floor":8,"turns":12},{"damage":0,"enemies":"2 Louse","floor":10,"turns":2},{"damage":7,"enemies":"Gremlin Nob","floor":11,"turns":4},{"damage":0,"enemies":"Looter","floor":13,"turns":2},{"damage":31,"enemies":"The Guardian","floor":16,"turns":10},{"damage":0,"enemies":"Chosen","floor":18,"turns":4},{"damage":26,"enemies":"2 Thieves","floor":21,"turns":5},{"damage":20,"enemies":"Shelled Parasite and Fungi","floor":22,"turns":8},{"damage":30,"enemies":"Sentry and Sphere","floor":25,"turns":6},{"damage":16,"enemies":"Cultist and Chosen","floor":30,"turns":4}],"seed_played":"-7454604043165539091","potions_obtained":[{"floor":1,"key":"SkillPotion"},{"floor":2,"key":"FearPotion"},{"floor":6,"key":"SpeedPotion"}],"is_trial":false,"path_per_floor":["M","M","?","?","$","E","R","E","T","M","E","R","M","?","R","B",null,"M","$","?","M","M","R","?","M","T","?","T","?","M"],"character_chosen":"THE_SILENT","items_purchased":["Crippling Poison","Footwork","PrismaticShard"],"campfire_rested":3,"item_purchase_floors":[5,19,19],"current_hp_per_floor":[77,77,62,62,62,44,67,27,27,27,20,43,43,43,66,35,77,77,77,77,51,38,38,38,8,8,8,8,8,0],"gold":109,"neow_bonus":"TEN_PERCENT_HP_BONUS","is_prod":false,"is_daily":false,"chose_seed":false,"campfire_upgraded":1,"win_rate":0,"timestamp":1551818695,"path_taken":["M","?","?","?","$","E","R","E","T","?","E","R","?","?","R","BOSS","M","$","?","M","M","R","?","?","T","?","?","?","M"],"build_version":"2019-01-23","purchased_purges":0,"victory":false,"max_hp_per_floor":[77,77,77,77,77,77,77,77,77,77,77,77,77,77,77,77,77,77,77,77,77,77,77,77,77,77,53,53,53,53],"card_choices":[{"not_picked":["Finisher","Dagger Throw"],"picked":"Infinite Blades","floor":1},{"not_picked":["Flying Knee","Dagger Spray"],"picked":"Cloak And Dagger","floor":2},{"not_picked":["Poisoned Stab","Bane"],"picked":"Dagger Throw","floor":6},{"not_picked":["Masterful Stab","Underhanded Strike"],"picked":"Glass Knife","floor":8},{"not_picked":["Slice","Sucker Punch"],"picked":"Blade Dance","floor":10},{"not_picked":["Prepared","Poisoned Stab"],"picked":"Malaise","floor":11},{"not_picked":["Dash","Deflect"],"picked":"Noxious Fumes","floor":13},{"not_picked":["Phantasmal Killer","Burst"],"picked":"Envenom","floor":16},{"not_picked":["Dagger Spray","Underhanded Strike"],"picked":"PiercingWail","floor":17},{"not_picked":["Flying Knee","Backflip"],"picked":"Accuracy","floor":17},{"not_picked":["Bane","Sucker Punch"],"picked":"PiercingWail","floor":17},{"not_picked":["Bane","Outmaneuver"],"picked":"Flechettes","floor":17},{"not_picked":["Outmaneuver","Die Die Die"],"picked":"Infinite Blades","floor":17},{"not_picked":["Sucker Punch+1","PiercingWail+1"],"picked":"Escape Plan","floor":18},{"not_picked":["Sword Boomerang","Twin Strike"],"picked":"Self Repair","floor":21},{"not_picked":["Outmaneuver","Quick Slash","Bane"],"picked":"SKIP","floor":22},{"not_picked":["Quick Slash+1","Dagger Spray"],"picked":"Master of Strategy","floor":25}],"player_experience":121688,"relics_obtained":[{"floor":6,"key":"Anchor"},{"floor":8,"key":"Bag of Preparation"},{"floor":9,"key":"Ninja Scroll"},{"floor":11,"key":"Kunai"},{"floor":26,"key":"Pen Nib"},{"floor":28,"key":"StoneCalendar"}],"event_choices":[{"damage_healed":0,"gold_gain":0,"player_choice":"Entered Light","damage_taken":15,"max_hp_gain":0,"max_hp_loss":0,"event_name":"Shining Light","floor":3,"gold_loss":0,"cards_upgraded":["Strike_G","Defend_G"]},{"cards_removed":["Strike_G"],"damage_healed":0,"gold_gain":0,"player_choice":"Offered Basic","damage_taken":0,"max_hp_gain":0,"max_hp_loss":0,"event_name":"Bonfire Elementals","floor":4,"gold_loss":0},{"damage_healed":0,"gold_gain":0,"player_choice":"Ignored","damage_taken":0,"max_hp_gain":0,"max_hp_loss":0,"event_name":"Liars Game","floor":14,"gold_loss":0},{"damage_healed":0,"gold_gain":0,"player_choice":"Ignored","damage_taken":0,"max_hp_gain":0,"max_hp_loss":0,"event_name":"Ghosts","floor":20,"gold_loss":0},{"damage_healed":0,"gold_gain":0,"player_choice":"Upgraded","damage_taken":0,"max_hp_gain":0,"max_hp_loss":0,"event_name":"Upgrade Shrine","floor":24,"gold_loss":0,"cards_upgraded":["Noxious Fumes"]},{"damage_healed":0,"gold_gain":0,"player_choice":"Became a vampire","damage_taken":0,"max_hp_gain":0,"max_hp_loss":24,"event_name":"Vampires","floor":27,"gold_loss":0,"cards_obtained":["Bite","Bite","Bite","Bite","Bite"]},{"cards_removed":["Defend_G"],"damage_healed":0,"gold_gain":0,"player_choice":"Elegance","damage_taken":0,"max_hp_gain":0,"max_hp_loss":0,"event_name":"Back to Basics","floor":29,"gold_loss":0}],"is_beta":false,"boss_relics":[{"not_picked":["Empty Cage","Runic Dome"],"picked":"Orrery"}],"items_purged_floors":[],"is_endless":false,"potions_floor_spawned":[1,2,6,13],"killed_by":"Cultist and Chosen","ascension_level":1}