{"gold_per_floor":[110,110,121,133,133,163,113,113],"floor_reached":8,"playtime":4219,"items_purged":[],"score":78,"play_id":"1880a5be-6185-4ff3-b2f9-9dc8a944a2b4","local_time":"20190325133442","is_ascension_mode":true,"campfire_choices":[],"neow_cost":"NONE","seed_source_timestamp":353317722604087,"circlet_count":0,"master_deck":["Defend_G","Defend_G","Defend_G","Defend_G","Strike_G","Strike_G","Strike_G","Strike_G","Survivor","Neutralize","Reflex","Acrobatics","Backflip","Envenom"],"relics":["Ring of the Snake","NeowsBlessing","Turnip","Regal Pillow"],"potions_floor_usage":[6,8],"damage_taken":[{"damage":0,"enemies":"2 Louse","floor":1,"turns":1},{"damage":0,"enemies":"Jaw Worm","floor":3,"turns":1},{"damage":0,"enemies":"Small Slimes","floor":4,"turns":1},{"damage":25,"enemies":"Lagavulin","floor":6,"turns":10},{"damage":32,"enemies":"3 Sentries","floor":8,"turns":7}],"seed_played":"7147696452073902119","potions_obtained":[{"floor":3,"key":"GhostInAJar"},{"floor":4,"key":"SkillPotion"}],"is_trial":false,"path_per_floor":["M","?","M","M","?","E","?","E"],"character_chosen":"THE_SILENT","items_purchased":[],"campfire_rested":0,"item_purchase_floors":[],"current_hp_per_floor":[63,60,60,60,60,35,35,3],"gold":113,"neow_bonus":"THREE_ENEMY_KILL","is_prod":false,"is_daily":false,"chose_seed":false,"campfire_upgraded":0,"win_rate":0,"timestamp":1553488482,"path_taken":["M","?","M","M","?","E","?","E"],"build_version":"2019-01-23","purchased_purges":0,"victory":false,"max_hp_per_floor":[70,70,70,70,70,70,70,70],"card_choices":[{"not_picked":["Dagger Spray","Underhanded Strike"],"picked":"Reflex","floor":1},{"not_picked":["Expertise","Predator"],"picked":"Acrobatics","floor":3},{"not_picked":["Calculated Gamble","Flying Knee"],"picked":"Backflip","floor":4},{"not_picked":["Wraith Form v2","Underhanded Strike"],"picked":"Envenom","floor":6}],"player_experience":576832,"relics_obtained":[{"floor":6,"key":"Regal Pillow"}],"event_choices":[{"damage_healed":0,"gold_gain":0,"player_choice":"Success","damage_taken":3,"relics_obtained":["Turnip"],"max_hp_gain":0,"max_hp_loss":0,"event_name":"Scrap Ooze","floor":2,"gold_loss":0},{"cards_removed":["Strike_G"],"damage_healed":0,"gold_gain":0,"player_choice":"Forget","damage_taken":0,"max_hp_gain":0,"max_hp_loss":0,"event_name":"Living Wall","floor":5,"gold_loss":0},{"cards_removed":["Defend_G"],"damage_healed":0,"gold_gain":0,"player_choice":"Card Removal","damage_taken":0,"max_hp_gain":0,"max_hp_loss":0,"event_name":"The Cleric","floor":7,"gold_loss":50}],"is_beta":false,"boss_relics":[],"items_purged_floors":[],"is_endless":false,"potions_floor_spawned":[3,4],"killed_by":"3 Sentries","ascension_level":8}