{"gold_per_floor":[109,109,34,48,48,48,66,66,92,92,111,123,123,51,51,148,148,165,165,175,90,365,375,395,409,409,409,409,409,409,409,409,506,506,525,525,525,525,525,525,538,538,538,387,404,404,418,29,29,29],"floor_reached":50,"playtime":3107,"items_purged":["Strike_B"],"score":478,"play_id":"a67c5442-21cb-4dfa-a021-95f9c3373b7d","local_time":"20190409002853","is_ascension_mode":false,"campfire_choices":[{"data":"Zap","floor":6.0,"key":"SMITH"},{"data":"Dualcast","floor":8.0,"key":"SMITH"},{"data":"Static Discharge","floor":10.0,"key":"SMITH"},{"data":"Static Discharge","floor":15.0,"key":"SMITH"},{"floor":28,"key":"REST"},{"data":"Electrodynamics","floor":30,"key":"SMITH"},{"data":"Heatsinks","floor":32,"key":"SMITH"},{"floor":40,"key":"REST"},{"data":"Creative AI","floor":42,"key":"SMITH"},{"data":"Defend_B","floor":46,"key":"PURGE"},{"data":"Parasite","floor":49,"key":"PURGE"}],"neow_cost":"NONE","seed_source_timestamp":0,"circlet_count":0,"master_deck":["Defend_B","Defend_B","Defend_B","Zap+1","Dualcast+1","Cold Snap+1","Static Discharge+1","Coolheaded+1","Hologram","Static Discharge+1","Electrodynamics+1","Cold Snap+1","Heatsinks+1","Conserve Battery","Consume+1","Bite","Bite","Bite","Bite","Bite","Creative AI+1","Self Repair","Madness","Enlightenment","Madness","Madness","Capacitor+1","Storm+1","Blizzard"],"special_seed":0,"relics":["Cracked Core","NeowsBlessing","Vajra","Philosopher\u0027s Stone","Enchiridion","Unceasing Top","Regal Pillow","Thread and Needle","Velvet Choker","Peace Pipe","Bag of Preparation","Mango"],"potions_floor_usage":[16,16,24,35,50,50],"damage_taken":[{"damage":0.0,"enemies":"Jaw Worm","floor":1.0,"turns":1.0},{"damage":0.0,"enemies":"Cultist","floor":4.0,"turns":1.0},{"damage":0.0,"enemies":"2 Louse","floor":7.0,"turns":1.0},{"damage":6.0,"enemies":"Large Slime","floor":11.0,"turns":5.0},{"damage":10.0,"enemies":"Blue Slaver","floor":12.0,"turns":2.0},{"damage":15,"enemies":"The Guardian","floor":16,"turns":7},{"damage":1,"enemies":"Spheric Guardian","floor":18,"turns":3},{"damage":12,"enemies":"Chosen","floor":20,"turns":2},{"damage":11,"enemies":"3 Cultists","floor":23,"turns":3},{"damage":18,"enemies":"Centurion and Healer","floor":24,"turns":3},{"damage":5,"enemies":"Cultist and Chosen","floor":25,"turns":4},{"damage":10,"enemies":"Automaton","floor":33,"turns":9},{"damage":18,"enemies":"3 Darklings","floor":35,"turns":3},{"damage":0,"enemies":"3 Shapes","floor":41,"turns":4},{"damage":7,"enemies":"Jaw Worm Horde","floor":45,"turns":1},{"damage":2,"enemies":"Writhing Mass","floor":47,"turns":4},{"damage":96,"enemies":"Awakened One","floor":50,"turns":6}],"seed_played":"1190966303474146437","potions_obtained":[{"floor":2.0,"key":"Swift Potion"},{"floor":2.0,"key":"SneckoOil"},{"floor":2.0,"key":"AttackPotion"},{"floor":7.0,"key":"Swift Potion"},{"floor":18,"key":"AttackPotion"},{"floor":25,"key":"Fire Potion"},{"floor":33,"key":"GamblersBrew"},{"floor":45,"key":"Regen Potion"}],"is_trial":false,"path_per_floor":["M","?","$","M","$","R","M","R","T","R","M","M","?","$","R","B",null,"M","?","M","?","?","M","M","M","T","?","R","T","R","?","R","B",null,"M","?","?","?","?","R","M","R","T","$","M","R","M","$","R","B"],"character_chosen":"DEFECT","items_purchased":["Static Discharge","Bag of Preparation","Blizzard","Mango"],"campfire_rested":2,"item_purchase_floors":[14,44,48,48],"current_hp_per_floor":[75,75,75,75,75,75,75,75,75,75,69,59,44,44,44,29,75,74,58,46,46,46,35,17,12,12,12,42,42,42,42,42,52,52,38,28,28,28,21,51,52,52,52,52,45,45,52,66,63,0],"gold":29,"neow_bonus":"THREE_ENEMY_KILL","is_prod":false,"is_daily":false,"chose_seed":false,"campfire_upgraded":7,"win_rate":0.0,"timestamp":1554794933,"path_taken":["M","?","?","?","$","R","M","R","T","R","M","M","?","?","R","BOSS","M","?","M","?","?","M","?","M","T","?","R","?","R","?","R","BOSS","M","?","?","?","?","R","?","R","T","$","M","R","M","$","R","BOSS"],"build_version":"2019-01-23","purchased_purges":1,"victory":false,"max_hp_per_floor":[75,75,75,75,75,75,75,75,75,75,75,75,75,75,75,75,75,75,75,75,75,75,75,75,75,75,52,52,52,52,52,52,52,52,52,52,52,52,52,52,52,52,52,52,52,52,52,66,63,63],"card_choices":[{"not_picked":["Ball Lightning","Darkness"],"picked":"Cold Snap","floor":1.0},{"not_picked":["Go for the Eyes","Sweeping Beam"],"picked":"Static Discharge","floor":4.0},{"not_picked":["Self Repair","Skim"],"picked":"Coolheaded","floor":7.0},{"not_picked":["Go for the Eyes","Streamline"],"picked":"Hologram","floor":11.0},{"not_picked":["Beam Cell","Go for the Eyes","Leap"],"picked":"SKIP","floor":12.0},{"not_picked":["Amplify","Fission"],"picked":"Electrodynamics","floor":16},{"not_picked":["Gash","Hologram+1"],"picked":"Cold Snap+1","floor":18},{"not_picked":["Leap","Double Energy"],"picked":"Heatsinks","floor":20},{"not_picked":["Beam Cell+1","Leap"],"picked":"Conserve Battery","floor":23},{"not_picked":["Sweeping Beam","Stack"],"picked":"Consume+1","floor":24},{"not_picked":["Stack","Reinforced Body+1","Compile Driver"],"picked":"SKIP","floor":25},{"not_picked":["Reboot","Fission"],"picked":"Creative AI","floor":33},{"not_picked":["Hologram","Static Discharge"],"picked":"Self Repair","floor":35},{"not_picked":["Swift Strike","Good Instincts"],"picked":"Madness","floor":36},{"not_picked":["Forethought","Swift Strike"],"picked":"Enlightenment","floor":36},{"not_picked":["Leap+1","Rip and Tear","Hologram+1"],"picked":"SKIP","floor":41},{"not_picked":["Leap+1","Rip and Tear","Hologram+1"],"picked":"SKIP","floor":41},{"not_picked":["Ball Lightning","Coolheaded+1"],"picked":"Capacitor+1","floor":45},{"not_picked":["Leap","Skim"],"picked":"Storm+1","floor":47}],"player_experience":144929,"relics_obtained":[{"floor":9.0,"key":"Vajra"},{"floor":19,"key":"Enchiridion"},{"floor":26,"key":"Regal Pillow"},{"floor":29,"key":"Thread and Needle"},{"floor":43,"key":"Peace Pipe"}],"event_choices":[{"damage_healed":0.0,"max_hp_gain":0.0,"max_hp_loss":0.0,"gold_gain":0.0,"event_name":"Lab","player_choice":"Got Potions","floor":2.0,"gold_loss":0.0,"damage_taken":0.0},{"damage_healed":0.0,"max_hp_gain":0.0,"max_hp_loss":0.0,"gold_gain":0.0,"event_name":"Shining Light","player_choice":"Entered Light","floor":13.0,"gold_loss":0.0,"damage_taken":15.0,"cards_upgraded":["Cold Snap","Coolheaded"]},{"damage_healed":0,"gold_gain":0,"player_choice":"Obtained Book","damage_taken":16,"max_hp_gain":0,"max_hp_loss":0,"event_name":"Cursed Tome","floor":19,"gold_loss":0},{"damage_healed":0,"gold_gain":0,"player_choice":"Obtained Relic","damage_taken":0,"relics_obtained":["Unceasing Top"],"max_hp_gain":0,"max_hp_loss":0,"event_name":"Addict","floor":21,"gold_loss":85},{"damage_healed":0,"gold_gain":275,"player_choice":"Desecrate","damage_taken":0,"max_hp_gain":0,"max_hp_loss":0,"event_name":"Golden Shrine","floor":22,"gold_loss":0,"cards_obtained":["Regret"]},{"damage_healed":0,"gold_gain":0,"player_choice":"Became a vampire","damage_taken":0,"max_hp_gain":0,"max_hp_loss":23,"event_name":"Vampires","floor":27,"gold_loss":0,"cards_obtained":["Bite","Bite","Bite","Bite","Bite"]},{"cards_removed":["Regret"],"damage_healed":0,"gold_gain":0,"player_choice":"Purged","damage_taken":0,"max_hp_gain":0,"max_hp_loss":0,"event_name":"Purifier","floor":31,"gold_loss":0},{"damage_healed":0,"gold_gain":0,"player_choice":"Memory 3","damage_taken":10,"max_hp_gain":0,"max_hp_loss":0,"event_name":"SensoryStone","floor":36,"gold_loss":0},{"damage_healed":0,"gold_gain":0,"player_choice":"Ignored","damage_taken":0,"max_hp_gain":0,"max_hp_loss":0,"event_name":"Tomb of Lord Red Mask","floor":37,"gold_loss":0},{"damage_healed":0,"gold_gain":0,"player_choice":"Ignored","damage_taken":0,"max_hp_gain":0,"max_hp_loss":0,"event_name":"Mysterious Sphere","floor":38,"gold_loss":0},{"damage_healed":0,"gold_gain":0,"player_choice":"Embrace Madness","damage_taken":7,"max_hp_gain":0,"max_hp_loss":0,"event_name":"Winding Halls","floor":39,"gold_loss":0,"cards_obtained":["Madness","Madness"]}],"is_beta":false,"boss_relics":[{"not_picked":["Calling Bell","Fusion Hammer"],"picked":"Philosopher\u0027s Stone"},{"not_picked":["Black Star","Snecko Eye"],"picked":"Velvet Choker"}],"items_purged_floors":[3],"is_endless":false,"potions_floor_spawned":[7,11,18,25,33,45],"killed_by":"Awakened One","ascension_level":0}