{"gold_per_floor":[117,134,147,147,80,80,115,130,201,201,215,231,231,248,248,350,350,361,361,374,384,401,159,171,171,225,225,237,257,267,177,177,177],"floor_reached":33,"playtime":2512,"items_purged":[],"score":280,"play_id":"39ab0342-1bd1-4925-9c6e-19eb1151c732","local_time":"20190411013222","is_ascension_mode":false,"campfire_choices":[{"data":"Bash","floor":6.0,"key":"SMITH"},{"data":"True Grit","floor":10.0,"key":"SMITH"},{"data":"Inflame","floor":15.0,"key":"SMITH"},{"data":"Armaments","floor":25.0,"key":"SMITH"},{"floor":32,"key":"REST"}],"neow_cost":"NONE","seed_source_timestamp":0,"circlet_count":0,"master_deck":["Strike_R","Strike_R","Strike_R","Strike_R","Defend_R","Defend_R","Defend_R","Bash+1","Inflame+1","Havoc","Heavy Blade","True Grit+1","Metallicize","Rupture","True Grit","Headbutt","Demon Form+1","Shrug It Off+1","Demon Form","Heavy Blade","Brutality","Armaments+1","Heavy Blade+1","Reaper"],"special_seed":0,"relics":["Burning Blood","Nunchaku","Self Forming Clay","CultistMask","Lizard Tail","Meat on the Bone","Strawberry","Question Card"],"potions_floor_usage":[29,29,30],"damage_taken":[{"damage":6.0,"enemies":"Cultist","floor":1.0,"turns":3.0},{"damage":0.0,"enemies":"Small Slimes","floor":2.0,"turns":3.0},{"damage":0.0,"enemies":"2 Louse","floor":3.0,"turns":3.0},{"damage":34.0,"enemies":"3 Sentries","floor":7.0,"turns":11.0},{"damage":16.0,"enemies":"Red Slaver","floor":8.0,"turns":4.0},{"damage":3.0,"enemies":"Exordium Thugs","floor":11.0,"turns":4.0},{"damage":1.0,"enemies":"2 Fungi Beasts","floor":12.0,"turns":5.0},{"damage":13.0,"enemies":"Red Slaver","floor":14.0,"turns":5.0},{"damage":39.0,"enemies":"Hexaghost","floor":16.0,"turns":8.0},{"damage":10.0,"enemies":"Chosen","floor":18.0,"turns":4.0},{"damage":12.0,"enemies":"Shell Parasite","floor":20.0,"turns":6.0},{"damage":39.0,"enemies":"Shelled Parasite and Fungi","floor":21.0,"turns":11.0},{"damage":22.0,"enemies":"3 Cultists","floor":22.0,"turns":5.0},{"damage":47.0,"enemies":"Cultist and Chosen","floor":24.0,"turns":6.0},{"damage":43.0,"enemies":"Shelled Parasite and Fungi","floor":28.0,"turns":6.0},{"damage":28,"enemies":"Chosen and Byrds","floor":29,"turns":8},{"damage":14,"enemies":"Cultist and Chosen","floor":30,"turns":6},{"damage":64,"enemies":"Automaton","floor":33,"turns":6}],"seed_played":"7825243449703402961","potions_obtained":[{"floor":1.0,"key":"Strength Potion"},{"floor":3.0,"key":"EssenceOfSteel"},{"floor":8.0,"key":"AttackPotion"},{"floor":20.0,"key":"GamblersBrew"},{"floor":21.0,"key":"GamblersBrew"},{"floor":28.0,"key":"Swift Potion"},{"floor":29,"key":"SkillPotion"}],"is_trial":false,"path_per_floor":["M","M","M","?","$","R","E","M","T","R","M","M","?","M","R","B",null,"M","?","M","M","M","$","M","R","T","T","M","M","M","?","R","B"],"character_chosen":"IRONCLAD","items_purchased":["Metallicize","Meat on the Bone"],"campfire_rested":1,"item_purchase_floors":[5,23],"current_hp_per_floor":[80,80,80,80,80,80,52,42,42,42,45,50,50,43,43,10,80,76,76,70,37,21,21,48,48,55,55,30,20,24,24,50,0],"gold":177,"neow_bonus":"THREE_CARDS","is_prod":false,"is_daily":false,"chose_seed":false,"campfire_upgraded":4,"win_rate":0,"timestamp":1554971542,"path_taken":["M","?","M","?","$","R","E","?","T","R","M","M","?","?","R","BOSS","M","?","M","?","M","$","M","R","T","?","M","M","M","?","R","BOSS"],"build_version":"2019-01-23","purchased_purges":0,"victory":false,"max_hp_per_floor":[80,80,80,80,80,80,80,80,80,80,80,80,80,80,80,80,80,80,80,80,80,80,80,80,80,87,87,87,87,87,87,87,87],"card_choices":[{"not_picked":["Wild Strike","Power Through"],"picked":"Inflame","floor":0.0},{"not_picked":["Body Slam","Dropkick"],"picked":"Havoc","floor":1.0},{"not_picked":["Perfected Strike","Flame Barrier"],"picked":"Heavy Blade","floor":2.0},{"not_picked":["Fire Breathing","Headbutt"],"picked":"True Grit","floor":3.0},{"not_picked":["Pommel Strike","Bludgeon"],"picked":"Rupture","floor":7.0},{"not_picked":["Corruption","Cleave","Searing Blow"],"picked":"SKIP","floor":8.0},{"not_picked":["Entrench","Headbutt"],"picked":"True Grit","floor":11.0},{"not_picked":["Rage","Flex","Pommel Strike"],"picked":"SKIP","floor":12.0},{"not_picked":["Searing Blow","Warcry"],"picked":"Headbutt","floor":14.0},{"not_picked":["Barricade","Double Tap"],"picked":"Demon Form","floor":16.0},{"not_picked":["Twin Strike+1","Cleave"],"picked":"Shrug It Off+1","floor":18.0},{"not_picked":["Body Slam","Clothesline"],"picked":"Heavy Blade","floor":20.0},{"not_picked":["Battle Trance","Armaments"],"picked":"Brutality","floor":21.0},{"not_picked":["Rupture","Clash+1","Cleave+1"],"picked":"SKIP","floor":22.0},{"not_picked":["Perfected Strike","Shrug It Off"],"picked":"Armaments","floor":24.0},{"not_picked":["Intimidate","Cleave+1","Rampage","Iron Wave"],"picked":"SKIP","floor":28.0},{"not_picked":["Wild Strike","Power Through","Clothesline"],"picked":"Heavy Blade+1","floor":29},{"not_picked":["True Grit","Cleave","Clothesline"],"picked":"Reaper","floor":30}],"player_experience":158020,"relics_obtained":[{"floor":7.0,"key":"Nunchaku"},{"floor":9.0,"key":"Self Forming Clay"},{"floor":26.0,"key":"Strawberry"},{"floor":27.0,"key":"Question Card"}],"event_choices":[{"cards_removed":["Strike_R"],"damage_healed":0.0,"max_hp_gain":0.0,"max_hp_loss":0.0,"gold_gain":0.0,"event_name":"Purifier","player_choice":"Purged","floor":4.0,"gold_loss":0.0,"damage_taken":0.0},{"damage_healed":0.0,"max_hp_gain":0.0,"max_hp_loss":0.0,"gold_gain":0.0,"event_name":"FaceTrader","player_choice":"Trade","floor":13.0,"gold_loss":0.0,"damage_taken":0.0,"relics_obtained":["CultistMask"]},{"damage_healed":0.0,"max_hp_gain":0.0,"max_hp_loss":0.0,"gold_gain":0.0,"event_name":"Duplicator","player_choice":"Copied","floor":19.0,"gold_loss":0.0,"damage_taken":0.0,"cards_obtained":["Demon Form"]},{"cards_removed":["Defend_R"],"damage_healed":0,"gold_gain":0,"player_choice":"Upgrade and Remove","damage_taken":0,"max_hp_gain":0,"max_hp_loss":0,"event_name":"Designer","floor":31,"gold_loss":90,"cards_upgraded":["Demon Form"]}],"is_beta":false,"boss_relics":[{"not_picked":["Snecko Eye","Eternal Feather"],"picked":"Lizard Tail"}],"items_purged_floors":[],"is_endless":false,"potions_floor_spawned":[1,3,8,14,20,21,28,29],"killed_by":"Automaton","ascension_level":0}