{"gold_per_floor":[109,119,35,35,51,51,51,63,63,76,76],"floor_reached":11,"playtime":299,"items_purged":[],"score":127,"play_id":"21abed62-6e2e-4e64-8e61-37a766a1fd67","local_time":"20190408174537","is_ascension_mode":true,"campfire_choices":[{"data":"Blade Dance","floor":7,"key":"SMITH"}],"neow_cost":"NONE","seed_source_timestamp":25078280638636,"circlet_count":0,"master_deck":["AscendersBane","Defend_G+1","Defend_G","Defend_G","Defend_G","Defend_G","Strike_G","Strike_G","Strike_G","Strike_G","Strike_G+1","Survivor","Neutralize","Dagger Throw","Footwork","Burst","Blade Dance+1","Calculated Gamble","Dagger Throw"],"relics":["Ring of the Snake","NeowsBlessing","Dodecahedron"],"potions_floor_usage":[11],"damage_taken":[{"damage":0,"enemies":"2 Louse","floor":1,"turns":1},{"damage":0,"enemies":"Jaw Worm","floor":2,"turns":1},{"damage":0,"enemies":"Cultist","floor":5,"turns":1},{"damage":12,"enemies":"2 Fungi Beasts","floor":8,"turns":3},{"damage":14,"enemies":"Exordium Thugs","floor":10,"turns":6},{"damage":24,"enemies":"Gremlin Nob","floor":11,"turns":3}],"seed_played":"2138308703623675153","potions_obtained":[{"floor":1,"key":"Energy Potion"},{"floor":5,"key":"SteroidPotion"}],"is_trial":false,"path_per_floor":["M","M","$","?","M","?","R","M","T","M","E"],"character_chosen":"THE_SILENT","items_purchased":["Burst"],"campfire_rested":0,"item_purchase_floors":[3],"current_hp_per_floor":[59,59,59,59,59,39,39,27,27,13,0],"gold":76,"neow_bonus":"THREE_ENEMY_KILL","is_prod":false,"is_daily":false,"chose_seed":false,"campfire_upgraded":1,"win_rate":0,"timestamp":1554713137,"path_taken":["M","M","$","?","M","?","R","M","T","M","E"],"build_version":"2019-01-23","purchased_purges":0,"victory":false,"max_hp_per_floor":[66,66,66,66,66,66,66,66,66,66,66],"card_choices":[{"not_picked":["Crippling Poison","Flying Knee"],"picked":"Dagger Throw","floor":1},{"not_picked":["Underhanded Strike","Blade Dance"],"picked":"Footwork","floor":2},{"not_picked":["Dagger Throw","Prepared"],"picked":"Blade Dance","floor":5},{"not_picked":["Blade Dance","Riddle With Holes"],"picked":"Calculated Gamble","floor":8},{"not_picked":["Crippling Poison","Underhanded Strike"],"picked":"Dagger Throw","floor":10}],"player_experience":698636,"relics_obtained":[{"floor":9,"key":"Dodecahedron"}],"event_choices":[{"damage_healed":0,"gold_gain":0,"player_choice":"Leave","damage_taken":0,"max_hp_gain":0,"max_hp_loss":0,"event_name":"The Cleric","floor":4,"gold_loss":0},{"damage_healed":0,"gold_gain":0,"player_choice":"Entered Light","damage_taken":20,"max_hp_gain":0,"max_hp_loss":0,"event_name":"Shining Light","floor":6,"gold_loss":0,"cards_upgraded":["Defend_G","Strike_G"]}],"is_beta":false,"boss_relics":[],"items_purged_floors":[],"is_endless":false,"potions_floor_spawned":[1,5,8],"killed_by":"Gremlin Nob","ascension_level":19}