{"gold_per_floor":[116,116,191,203,214,214,241,241,241,252,252,287,307,317,317,417,417,417,417,417,417,33,33,33,33,33,33,33,33,33,33,33,33,33,33,33,33,0,0,0,0,0,0,0,0,0,0,0,0,0],"floor_reached":51,"playtime":3525,"items_purged":[],"score":1003,"play_id":"a9722ea1-d28f-4e45-a991-06e4888b2a3b","local_time":"20190412142625","is_ascension_mode":true,"campfire_choices":[{"data":"Zap","floor":6.0,"key":"SMITH"},{"data":"Genetic Algorithm","floor":8.0,"key":"SMITH"},{"floor":11.0,"key":"REST"},{"floor":15.0,"key":"REST"},{"data":"Chill","floor":28.0,"key":"SMITH"},{"floor":32.0,"key":"REST"},{"data":"Double Energy","floor":40.0,"key":"SMITH"},{"floor":42.0,"key":"REST"},{"data":"Madness","floor":44.0,"key":"SMITH"},{"floor":49.0,"key":"REST"}],"neow_cost":"NONE","seed_source_timestamp":10226854545454,"circlet_count":0,"master_deck":["AscendersBane","Strike_B","Defend_B","Defend_B","Zap+1","Dualcast","Reinforced Body","Genetic Algorithm+1","Reinforced Body","Ball Lightning+1","Coolheaded","Recycle","Go for the Eyes+1","Thunder Strike+1","White Noise+1","Hologram+1","Barrage+1","Echo Form","Chill+1","Glacier","Double Energy+1","Reinforced Body","Buffer+1","Blizzard+1","Static Discharge+1","Compile Driver+1","Cold Snap+1","Beam Cell+1","Leap+1","Madness+1","Madness","Master of Strategy","Mayhem+1"],"special_seed":0,"relics":["Empty Cage","Molten Egg 2","Bronze Scales","Smiling Mask","Ectoplasm","Frozen Egg 2","Pen Nib","Orrery","Turnip","Red Mask","Kunai"],"potions_floor_usage":[50,50],"damage_taken":[{"damage":0.0,"enemies":"Small Slimes","floor":1.0,"turns":3.0},{"damage":4.0,"enemies":"Cultist","floor":4.0,"turns":4.0},{"damage":0.0,"enemies":"Jaw Worm","floor":5.0,"turns":4.0},{"damage":32.0,"enemies":"Lagavulin","floor":7.0,"turns":10.0},{"damage":5.0,"enemies":"Exordium Thugs","floor":10.0,"turns":7.0},{"damage":20.0,"enemies":"3 Sentries","floor":12.0,"turns":8.0},{"damage":2.0,"enemies":"Large Slime","floor":13.0,"turns":5.0},{"damage":15.0,"enemies":"Gremlin Gang","floor":14.0,"turns":5.0},{"damage":12.0,"enemies":"The Guardian","floor":16.0,"turns":13.0},{"damage":0.0,"enemies":"3 Byrds","floor":18.0,"turns":3.0},{"damage":2.0,"enemies":"Chosen","floor":20.0,"turns":5.0},{"damage":19.0,"enemies":"Centurion and Healer","floor":21.0,"turns":8.0},{"damage":16.0,"enemies":"Snecko","floor":23.0,"turns":5.0},{"damage":3.0,"enemies":"3 Cultists","floor":24.0,"turns":5.0},{"damage":6.0,"enemies":"Chosen and Byrds","floor":29.0,"turns":7.0},{"damage":19.0,"enemies":"Centurion and Healer","floor":30.0,"turns":7.0},{"damage":10.0,"enemies":"Automaton","floor":33.0,"turns":8.0},{"damage":6.0,"enemies":"3 Shapes","floor":35.0,"turns":9.0},{"damage":11.0,"enemies":"3 Darklings","floor":36.0,"turns":9.0},{"damage":0.0,"enemies":"Mind Bloom Boss Battle","floor":37.0,"turns":9.0},{"damage":45.0,"enemies":"Spire Growth","floor":45.0,"turns":7.0},{"damage":0.0,"enemies":"Maw","floor":46.0,"turns":8.0},{"damage":1.0,"enemies":"Writhing Mass","floor":48.0,"turns":11.0},{"damage":25,"enemies":"Awakened One","floor":50,"turns":15}],"seed_played":"-5529851574953489320","potions_obtained":[{"floor":4.0,"key":"Regen Potion"},{"floor":5.0,"key":"GamblersBrew"},{"floor":12.0,"key":"GamblersBrew"},{"floor":13.0,"key":"Block Potion"},{"floor":14.0,"key":"AttackPotion"},{"floor":21.0,"key":"Fruit Juice"},{"floor":30.0,"key":"Fire Potion"},{"floor":33.0,"key":"FearPotion"},{"floor":35.0,"key":"EntropicBrew"},{"floor":45.0,"key":"FocusPotion"},{"floor":46.0,"key":"FocusPotion"}],"is_trial":false,"path_per_floor":["M","?","?","M","M","R","E","R","T","M","R","E","M","M","R","B",null,"M","?","M","M","$","M","M","?","T","$","R","M","M","?","R","B",null,"M","M","?","?","?","R","?","R","T","R","M","M","$","M","R","B",null],"character_chosen":"DEFECT","items_purchased":["Echo Form","Frozen Egg 2"],"campfire_rested":5,"item_purchase_floors":[22,22],"current_hp_per_floor":[68,68,61,57,57,57,37,37,37,32,54,34,32,17,39,27,63,63,75,73,59,59,43,40,40,40,40,40,34,15,15,39,29,67,61,50,50,50,40,40,35,59,59,59,14,14,14,13,37,12],"gold":0,"neow_bonus":"BOSS_RELIC","is_prod":false,"is_daily":false,"chose_seed":false,"campfire_upgraded":5,"win_rate":0,"timestamp":1555046785,"path_taken":["M","?","?","M","M","R","E","R","T","M","R","E","M","?","R","BOSS","M","?","?","M","$","M","M","?","T","?","R","M","M","?","R","BOSS","M","?","?","?","?","R","?","R","T","R","M","?","$","M","R","BOSS"],"build_version":"2019-01-23","purchased_purges":0,"victory":true,"max_hp_per_floor":[75,75,75,75,75,75,75,75,75,75,75,75,75,75,75,75,75,75,75,75,80,80,80,80,80,80,80,80,80,80,80,80,80,80,80,80,80,80,80,80,80,80,80,80,80,80,80,80,80,80],"card_choices":[{"not_picked":["Beam Cell","Streamline"],"picked":"Reinforced Body","floor":1.0},{"not_picked":["Streamline","BootSequence"],"picked":"Genetic Algorithm","floor":4.0},{"not_picked":["Force Field","Leap","Redo"],"picked":"SKIP","floor":5.0},{"not_picked":["Thunder Strike","Reprogram"],"picked":"Reinforced Body","floor":7.0},{"not_picked":["Streamline+1","Rebound+1"],"picked":"Ball Lightning+1","floor":10.0},{"not_picked":["Barrage+1","Steam"],"picked":"Coolheaded","floor":12.0},{"not_picked":["Double Energy","Coolheaded"],"picked":"Recycle","floor":13.0},{"not_picked":["Loop","Conserve Battery"],"picked":"Go for the Eyes+1","floor":14.0},{"not_picked":["Multi-Cast","Buffer"],"picked":"Thunder Strike+1","floor":16.0},{"not_picked":["Barrage+1","BootSequence"],"picked":"White Noise+1","floor":18.0},{"not_picked":["Coolheaded","Turbo"],"picked":"Hologram+1","floor":20.0},{"not_picked":["Chaos","Coolheaded"],"picked":"Barrage+1","floor":21.0},{"not_picked":["Stack+1","Leap"],"picked":"Chill","floor":23.0},{"not_picked":["Sweeping Beam+1","FTL+1"],"picked":"Glacier","floor":24.0},{"not_picked":["Chill+1","Hologram","Stack"],"picked":"SKIP","floor":29.0},{"not_picked":["Stack","Compile Driver+1"],"picked":"Double Energy","floor":30.0},{"not_picked":["Amplify","Rainbow"],"picked":"Buffer+1","floor":33.0},{"not_picked":["Steam","Coolheaded"],"picked":"Blizzard+1","floor":34.0},{"not_picked":["Compile Driver+1","Cold Snap+1"],"picked":"Static Discharge+1","floor":34.0},{"not_picked":["Leap","Auto Shields"],"picked":"Compile Driver+1","floor":34.0},{"not_picked":["Consume","Aggregate"],"picked":"Cold Snap+1","floor":34.0},{"not_picked":["Redo","Genetic Algorithm"],"picked":"Beam Cell+1","floor":34.0},{"not_picked":["Rebound+1","Blizzard+1","Go for the Eyes+1"],"picked":"SKIP","floor":35.0},{"not_picked":["Multi-Cast","Ball Lightning+1","Undo"],"picked":"SKIP","floor":36.0},{"not_picked":["Static Discharge+1","Turbo+1"],"picked":"Leap+1","floor":37.0},{"not_picked":["HandOfGreed+1","Purity"],"picked":"Master of Strategy","floor":41.0},{"not_picked":["Purity","Good Instincts"],"picked":"Mayhem+1","floor":41.0},{"not_picked":["Steam+1","Leap","Static Discharge+1"],"picked":"SKIP","floor":45.0},{"not_picked":["Redo","Beam Cell+1","Streamline+1"],"picked":"SKIP","floor":46.0},{"not_picked":["Beam Cell+1","Cold Snap+1","Rebound+1"],"picked":"SKIP","floor":48.0}],"player_experience":554191,"relics_obtained":[{"floor":7.0,"key":"Molten Egg 2"},{"floor":9.0,"key":"Bronze Scales"},{"floor":12.0,"key":"Smiling Mask"},{"floor":26.0,"key":"Pen Nib"},{"floor":37.0,"key":"Turnip"},{"floor":43.0,"key":"Kunai"}],"event_choices":[{"cards_removed":["Strike_B"],"damage_healed":0.0,"max_hp_gain":0.0,"max_hp_loss":0.0,"gold_gain":0.0,"event_name":"Living Wall","player_choice":"Forget","floor":2.0,"gold_loss":0.0,"damage_taken":0.0},{"damage_healed":0.0,"max_hp_gain":0.0,"max_hp_loss":0.0,"gold_gain":75.0,"event_name":"FaceTrader","player_choice":"Touch","floor":3.0,"gold_loss":0.0,"damage_taken":7.0},{"damage_healed":12.0,"max_hp_gain":0.0,"max_hp_loss":0.0,"gold_gain":0.0,"event_name":"Wheel of Change","player_choice":"Full Heal","floor":19.0,"gold_loss":0.0,"damage_taken":0.0},{"cards_removed":["Strike_B"],"damage_healed":0.0,"max_hp_gain":0.0,"max_hp_loss":0.0,"gold_gain":0.0,"event_name":"Purifier","player_choice":"Purged","floor":25.0,"gold_loss":0.0,"damage_taken":0.0},{"damage_healed":0.0,"max_hp_gain":0.0,"max_hp_loss":0.0,"gold_gain":0.0,"cards_transformed":["Defend_B"],"event_name":"Transmorgrifier","player_choice":"Transformed","floor":31.0,"gold_loss":0.0,"damage_taken":0.0,"cards_obtained":["Reinforced Body"]},{"damage_healed":0.0,"max_hp_gain":0.0,"max_hp_loss":0.0,"gold_gain":0.0,"event_name":"MindBloom","player_choice":"Fight","floor":37.0,"gold_loss":0.0,"damage_taken":0.0},{"damage_healed":0.0,"max_hp_gain":0.0,"max_hp_loss":0.0,"gold_gain":0.0,"event_name":"Tomb of Lord Red Mask","player_choice":"Paid","floor":38.0,"gold_loss":33.0,"damage_taken":0.0,"relics_obtained":["Red Mask"]},{"damage_healed":0.0,"max_hp_gain":0.0,"max_hp_loss":0.0,"gold_gain":0.0,"event_name":"Winding Halls","player_choice":"Embrace Madness","floor":39.0,"gold_loss":0.0,"damage_taken":10.0,"cards_obtained":["Madness","Madness"]},{"damage_healed":0.0,"max_hp_gain":0.0,"max_hp_loss":0.0,"gold_gain":0.0,"event_name":"SensoryStone","player_choice":"Memory 2","floor":41.0,"gold_loss":0.0,"damage_taken":5.0}],"is_beta":false,"boss_relics":[{"not_picked":["Snecko Eye","Velvet Choker"],"picked":"Ectoplasm"},{"not_picked":["Pandora\u0027s Box","Fusion Hammer"],"picked":"Orrery"}],"items_purged_floors":[],"is_endless":false,"potions_floor_spawned":[4,5,12,13,14,18,21,30,33,35,45,46,48],"ascension_level":12}