{"gold_per_floor":[117,117,136,148,148,180,195,40,91,91,121,178,178,191,191,264,264,280,298,106,117,117,150,150],"floor_reached":24,"playtime":1672,"items_purged":["Strike_G","Strike_G"],"score":452,"play_id":"c0dc6ba0-f2ea-4cc6-9368-d435a7e87e14","local_time":"20190413103309","is_ascension_mode":true,"campfire_choices":[{"floor":10.0,"key":"REST"},{"data":"Neutralize","floor":13.0,"key":"SMITH"},{"floor":15.0,"key":"REST"}],"neow_cost":"NONE","seed_source_timestamp":40201515800200,"circlet_count":0,"master_deck":["AscendersBane","Defend_G","Defend_G","Defend_G","Defend_G","Defend_G","Strike_G","Strike_G","Strike_G","Survivor","Neutralize+1","Poisoned Stab","Noxious Fumes+1","Wraith Form v2+1","PiercingWail","Well Laid Plans+1","Dodge and Roll","Deadly Poison","Bouncing Flask","Tools of the Trade+1","Well Laid Plans+1","Blur","Bandage Up","Blur","Burst","Footwork+1"],"special_seed":0,"relics":["Ring of the Snake","Frozen Egg 2","Smiling Mask","Strawberry","Shuriken","Philosopher\u0027s Stone","Ninja Scroll"],"potions_floor_usage":[],"damage_taken":[{"damage":9.0,"enemies":"Cultist","floor":1.0,"turns":6.0},{"damage":4.0,"enemies":"Jaw Worm","floor":3.0,"turns":5.0},{"damage":6.0,"enemies":"2 Louse","floor":4.0,"turns":5.0},{"damage":12.0,"enemies":"3 Sentries","floor":6.0,"turns":9.0},{"damage":13.0,"enemies":"Red Slaver","floor":7.0,"turns":5.0},{"damage":7.0,"enemies":"Lagavulin","floor":11.0,"turns":9.0},{"damage":12.0,"enemies":"3 Sentries","floor":12.0,"turns":7.0},{"damage":0.0,"enemies":"Looter","floor":14.0,"turns":4.0},{"damage":13.0,"enemies":"The Guardian","floor":16.0,"turns":8.0},{"damage":4.0,"enemies":"2 Thieves","floor":18.0,"turns":5.0},{"damage":0.0,"enemies":"Spheric Guardian","floor":19.0,"turns":3.0},{"damage":17.0,"enemies":"Snake Plant","floor":21.0,"turns":4.0},{"damage":42.0,"enemies":"Slavers","floor":23.0,"turns":8.0},{"damage":29,"enemies":"Snecko","floor":24,"turns":5}],"seed_played":"1702114642144301114","potions_obtained":[{"floor":4.0,"key":"Block Potion"},{"floor":7.0,"key":"Dexterity Potion"},{"floor":11.0,"key":"AttackPotion"},{"floor":12.0,"key":"Block Potion"},{"floor":18.0,"key":"EssenceOfSteel"}],"is_trial":false,"path_per_floor":["M","?","M","M","?","E","M","$","T","R","E","?","R","M","R","B",null,"M","M","$","M","?","E","M"],"character_chosen":"THE_SILENT","items_purchased":["Well Laid Plans+1","Blur","Bandage Up"],"campfire_rested":2,"item_purchase_floors":[8,20,20],"current_hp_per_floor":[56,56,52,46,46,34,21,21,21,42,42,30,30,30,53,40,69,65,65,65,52,52,14,0],"gold":150,"neow_bonus":"TEN_PERCENT_HP_BONUS","is_prod":false,"is_daily":false,"chose_seed":false,"campfire_upgraded":1,"win_rate":0,"timestamp":1555165989,"path_taken":["M","?","M","M","?","E","?","?","T","R","E","?","R","M","R","BOSS","M","M","$","M","?","E","?"],"build_version":"2019-01-23","purchased_purges":2,"victory":false,"max_hp_per_floor":[72,72,72,72,72,72,72,72,72,72,79,79,79,79,79,79,79,79,79,79,79,79,79,79],"card_choices":[{"not_picked":["Bane","Dodge and Roll"],"picked":"Poisoned Stab","floor":1.0},{"not_picked":["Bane","Calculated Gamble","Flying Knee"],"picked":"SKIP","floor":3.0},{"not_picked":["PiercingWail","Prepared"],"picked":"Noxious Fumes","floor":4.0},{"not_picked":["Crippling Poison","Underhanded Strike"],"picked":"Wraith Form v2","floor":6.0},{"not_picked":["Slice","Sucker Punch"],"picked":"PiercingWail","floor":7.0},{"not_picked":["Eviscerate","Outmaneuver"],"picked":"Dodge and Roll","floor":11.0},{"not_picked":["Flying Knee","Underhanded Strike"],"picked":"Deadly Poison","floor":12.0},{"not_picked":["Grand Finale","Quick Slash"],"picked":"Bouncing Flask","floor":14.0},{"not_picked":["Die Die Die","Glass Knife"],"picked":"Tools of the Trade+1","floor":16.0},{"not_picked":["Poisoned Stab","Choke"],"picked":"Well Laid Plans+1","floor":18.0},{"not_picked":["Underhanded Strike","Deflect","Outmaneuver"],"picked":"SKIP","floor":19.0},{"not_picked":["Acrobatics","Cloak And Dagger"],"picked":"Blur","floor":21.0},{"not_picked":["Quick Slash+1","Backflip"],"picked":"Footwork+1","floor":23.0}],"player_experience":301113,"relics_obtained":[{"floor":6.0,"key":"Frozen Egg 2"},{"floor":9.0,"key":"Smiling Mask"},{"floor":11.0,"key":"Strawberry"},{"floor":12.0,"key":"Shuriken"},{"floor":23.0,"key":"Ninja Scroll"}],"event_choices":[{"damage_healed":0.0,"max_hp_gain":0.0,"max_hp_loss":0.0,"gold_gain":0.0,"event_name":"Liars Game","player_choice":"Ignored","floor":2.0,"gold_loss":0.0,"damage_taken":0.0},{"damage_healed":0.0,"max_hp_gain":0.0,"max_hp_loss":0.0,"gold_gain":0.0,"event_name":"Upgrade Shrine","player_choice":"Upgraded","floor":5.0,"gold_loss":0.0,"damage_taken":0.0,"cards_upgraded":["Noxious Fumes"]},{"damage_healed":0.0,"max_hp_gain":0.0,"max_hp_loss":0.0,"gold_gain":30.0,"event_name":"Dead Adventurer","player_choice":"Searched \u00272\u0027 times","floor":12.0,"gold_loss":0.0,"damage_taken":0.0},{"damage_healed":0.0,"max_hp_gain":0.0,"max_hp_loss":0.0,"gold_gain":0.0,"event_name":"Match and Keep!","player_choice":"1 cards matched","floor":22.0,"gold_loss":0.0,"damage_taken":0.0,"cards_obtained":["Burst"]},{"damage_healed":0.0,"max_hp_gain":0.0,"max_hp_loss":0.0,"gold_gain":0.0,"event_name":"Match and Keep!","player_choice":"1 cards matched","floor":22.0,"gold_loss":0.0,"damage_taken":0.0,"cards_obtained":["Burst"]}],"is_beta":false,"boss_relics":[{"not_picked":["Ring of the Serpent","Astrolabe"],"picked":"Philosopher\u0027s Stone"}],"items_purged_floors":[8,20],"is_endless":false,"potions_floor_spawned":[4,7,11,12,18],"killed_by":"Snecko","ascension_level":20}