{"gold_per_floor":[114,64,64,15,15,15,49,49,49,84,84,103,103,103,103,103],"floor_reached":16,"playtime":691,"items_purged":[],"score":172,"play_id":"9fa28ae1-b823-4f24-8ff5-91332f03f385","local_time":"20190412191546","is_ascension_mode":true,"campfire_choices":[{"data":"Zap","floor":6.0,"key":"SMITH"},{"floor":8.0,"key":"REST"},{"floor":13,"key":"REST"},{"floor":15,"key":"DIG"}],"neow_cost":"NONE","seed_source_timestamp":31152777235251,"circlet_count":0,"master_deck":["AscendersBane","Strike_B","Strike_B","Defend_B","Defend_B","Defend_B","Defend_B","Zap+1","Dualcast","Fission+1","Conserve Battery+1","Core Surge","Melter","Cold Snap"],"special_seed":0,"relics":["Calling Bell","Juzu Bracelet","Toxic Egg 2","Shovel","Omamori","Kunai","Sundial","Golden Idol","Torii"],"potions_floor_usage":[16],"damage_taken":[{"damage":13.0,"enemies":"Jaw Worm","floor":1.0,"turns":4.0},{"damage":14.0,"enemies":"3 Sentries","floor":7.0,"turns":14.0},{"damage":44.0,"enemies":"Gremlin Nob","floor":10.0,"turns":6.0},{"damage":3,"enemies":"2 Louse","floor":12,"turns":3},{"damage":32,"enemies":"Hexaghost","floor":16,"turns":16}],"seed_played":"-3946998717636153410","potions_obtained":[{"floor":1.0,"key":"Dexterity Potion"},{"floor":12,"key":"SkillPotion"}],"is_trial":false,"path_per_floor":["M","?","?","$","?","R","E","R","T","E","?","M","R","?","R","B"],"character_chosen":"DEFECT","items_purchased":["Conserve Battery+1"],"campfire_rested":2,"item_purchase_floors":[4],"current_hp_per_floor":[55,55,48,48,48,48,34,56,56,12,12,9,31,31,31,0],"gold":103,"neow_bonus":"BOSS_RELIC","is_prod":false,"is_daily":false,"chose_seed":false,"campfire_upgraded":1,"win_rate":0,"timestamp":1555064146,"path_taken":["M","?","?","$","?","R","E","R","T","E","?","M","R","?","R","BOSS"],"build_version":"2019-01-23","purchased_purges":0,"victory":false,"max_hp_per_floor":[75,75,75,75,75,75,75,75,75,75,75,75,75,69,69,69],"card_choices":[{"not_picked":["Redo+1","Cold Snap"],"picked":"Fission+1","floor":1.0},{"not_picked":["Steam+1","Sweeping Beam"],"picked":"Core Surge","floor":7.0},{"not_picked":["Blizzard","Turbo+1"],"picked":"Melter","floor":10.0},{"not_picked":["Redo+1","Loop"],"picked":"Cold Snap","floor":12}],"player_experience":557716,"relics_obtained":[{"floor":0.0,"key":"Juzu Bracelet"},{"floor":0.0,"key":"Toxic Egg 2"},{"floor":0.0,"key":"Shovel"},{"floor":7.0,"key":"Omamori"},{"floor":9.0,"key":"Kunai"},{"floor":10.0,"key":"Sundial"},{"floor":15,"key":"Torii"}],"event_choices":[{"cards_removed":["Strike_B"],"damage_healed":0.0,"max_hp_gain":0.0,"max_hp_loss":0.0,"gold_gain":0.0,"event_name":"The Cleric","player_choice":"Card Removal","floor":2.0,"gold_loss":50.0,"damage_taken":0.0},{"cards_removed":["Strike_B"],"damage_healed":0.0,"max_hp_gain":0.0,"max_hp_loss":0.0,"gold_gain":0.0,"event_name":"Golden Wing","player_choice":"Card Removal","floor":3.0,"gold_loss":0.0,"damage_taken":7.0},{"damage_healed":0.0,"max_hp_gain":0.0,"max_hp_loss":0.0,"gold_gain":0.0,"event_name":"Liars Game","player_choice":"Ignored","floor":5.0,"gold_loss":0.0,"damage_taken":0.0},{"damage_healed":0.0,"max_hp_gain":0.0,"max_hp_loss":0.0,"gold_gain":0.0,"event_name":"Shining Light","player_choice":"Ignored","floor":11.0,"gold_loss":0.0,"damage_taken":0.0},{"damage_healed":0,"gold_gain":0,"player_choice":"Lose Max HP","damage_taken":0,"relics_obtained":["Golden Idol"],"max_hp_gain":0,"max_hp_loss":6,"event_name":"Golden Idol","floor":14,"gold_loss":0}],"is_beta":false,"boss_relics":[],"items_purged_floors":[],"is_endless":false,"potions_floor_spawned":[1,12],"killed_by":"Hexaghost","ascension_level":13}