{"gold_per_floor":[114,114,125,125,139,139,174,189,213,228,151,151,168,188,188,259,259,274,28,44,44,44,44,44],"floor_reached":24,"playtime":1254,"items_purged":["Strike_G"],"score":376,"play_id":"fb440a26-23dd-4c94-a137-09486eae6f80","local_time":"20190406183051","is_ascension_mode":true,"campfire_choices":[{"data":"Cloak And Dagger","floor":6,"key":"SMITH"},{"floor":12,"key":"REST"},{"floor":15,"key":"REST"},{"data":"Adrenaline","floor":23,"key":"SMITH"}],"neow_cost":"NONE","seed_source_timestamp":6372028974406,"circlet_count":0,"master_deck":["AscendersBane","Defend_G","Defend_G","Defend_G","Defend_G","Defend_G","Strike_G","Strike_G","Strike_G","Survivor","Neutralize","Heel Hook","Cloak And Dagger+1","Crippling Poison","Acrobatics","Well Laid Plans","Noxious Fumes","Tactician","Adrenaline+1","Reflex+1","Slice","Blur","Ghostly","Ghostly","Ghostly"],"relics":["Ring of the Snake","NeowsBlessing","Pen Nib","Snake Skull","Boot","WristBlade","Orichalcum"],"potions_floor_usage":[7,16,16,24],"damage_taken":[{"damage":0,"enemies":"Small Slimes","floor":1,"turns":1},{"damage":0,"enemies":"Cultist","floor":3,"turns":1},{"damage":0,"enemies":"Jaw Worm","floor":5,"turns":1},{"damage":26,"enemies":"Gremlin Nob","floor":7,"turns":4},{"damage":6,"enemies":"Exordium Wildlife","floor":8,"turns":4},{"damage":11,"enemies":"Looter","floor":10,"turns":3},{"damage":11,"enemies":"3 Louse","floor":13,"turns":3},{"damage":7,"enemies":"Exordium Thugs","floor":14,"turns":4},{"damage":25,"enemies":"The Guardian","floor":16,"turns":10},{"damage":19,"enemies":"2 Thieves","floor":18,"turns":4},{"damage":14,"enemies":"Spheric Guardian","floor":20,"turns":6},{"damage":33,"enemies":"Snecko","floor":24,"turns":5}],"seed_played":"3388377440039864276","potions_obtained":[{"floor":5,"key":"FearPotion"},{"floor":7,"key":"Strength Potion"},{"floor":10,"key":"LiquidBronze"},{"floor":14,"key":"Dexterity Potion"},{"floor":18,"key":"GamblersBrew"}],"is_trial":false,"path_per_floor":["M","?","M","?","M","R","E","M","T","M","$","R","M","M","R","B",null,"M","$","M","?","?","R","M"],"character_chosen":"THE_SILENT","items_purchased":["Noxious Fumes","Orichalcum"],"campfire_rested":2,"item_purchase_floors":[11,19],"current_hp_per_floor":[59,59,59,59,59,59,33,27,27,16,16,35,24,17,36,11,52,33,33,19,19,19,19,0],"gold":44,"neow_bonus":"THREE_ENEMY_KILL","is_prod":false,"is_daily":false,"chose_seed":false,"campfire_upgraded":2,"win_rate":0,"timestamp":1554543051,"path_taken":["M","?","?","?","?","R","E","M","T","M","?","R","M","M","R","BOSS","M","$","?","?","?","R","M"],"build_version":"2019-01-23","purchased_purges":1,"victory":false,"max_hp_per_floor":[66,66,66,66,66,66,66,66,66,66,66,66,66,66,66,66,66,66,66,66,66,33,33,33],"card_choices":[{"not_picked":["Slice","Bane","Outmaneuver"],"picked":"SKIP","floor":1},{"not_picked":["Riddle With Holes","Underhanded Strike"],"picked":"Heel Hook","floor":3},{"not_picked":["Dodge and Roll","PiercingWail"],"picked":"Cloak And Dagger","floor":5},{"not_picked":["PiercingWail","Setup"],"picked":"Crippling Poison","floor":7},{"not_picked":["PiercingWail","Flechettes"],"picked":"Acrobatics","floor":8},{"not_picked":["Acrobatics","Cloak And Dagger"],"picked":"Well Laid Plans","floor":10},{"not_picked":["Dagger Spray","Outmaneuver","Die Die Die"],"picked":"SKIP","floor":13},{"not_picked":["Endless Agony","Deflect"],"picked":"Tactician","floor":14},{"not_picked":["Die Die Die","Bullet Time"],"picked":"Adrenaline","floor":16},{"not_picked":["Poisoned Stab","Setup"],"picked":"Reflex+1","floor":18},{"not_picked":["Dodge and Roll","Bouncing Flask"],"picked":"Slice","floor":20}],"player_experience":690980,"relics_obtained":[{"floor":4,"key":"Pen Nib"},{"floor":7,"key":"Snake Skull"},{"floor":9,"key":"Boot"}],"event_choices":[{"cards_removed":["Strike_G"],"damage_healed":0,"gold_gain":0,"player_choice":"Offered Basic","damage_taken":0,"max_hp_gain":0,"max_hp_loss":0,"event_name":"Bonfire Elementals","floor":2,"gold_loss":0},{"damage_healed":0,"gold_gain":0,"player_choice":"Relic","damage_taken":0,"max_hp_gain":0,"max_hp_loss":0,"event_name":"Wheel of Change","floor":4,"gold_loss":0},{"damage_healed":0,"gold_gain":0,"player_choice":"Read","damage_taken":0,"max_hp_gain":0,"max_hp_loss":0,"event_name":"The Library","floor":21,"gold_loss":0,"cards_obtained":["Blur"]},{"damage_healed":0,"gold_gain":0,"player_choice":"Became a Ghost","damage_taken":0,"max_hp_gain":0,"max_hp_loss":33,"event_name":"Ghosts","floor":22,"gold_loss":0,"cards_obtained":["Ghostly","Ghostly","Ghostly"]}],"is_beta":false,"boss_relics":[{"not_picked":["HoveringKite","Runic Pyramid"],"picked":"WristBlade"}],"items_purged_floors":[19],"is_endless":false,"potions_floor_spawned":[5,7,10,14,18],"killed_by":"Snecko","ascension_level":18}