{"gold_per_floor":[363,363,380,226,241,241,276,276,276,314,346,358],"floor_reached":12,"playtime":573,"items_purged":["Strike_B"],"score":88,"play_id":"d755e675-07f4-4a64-a960-7ba0485f534c","local_time":"20190409005037","is_ascension_mode":false,"campfire_choices":[{"data":"Zap","floor":6,"key":"SMITH"},{"floor":8,"key":"REST"}],"neow_cost":"TEN_PERCENT_HP_LOSS","seed_source_timestamp":1906207698493600,"circlet_count":0,"master_deck":["Strike_B","Strike_B","Strike_B","Defend_B","Defend_B","Defend_B","Defend_B","Zap+1","Dualcast","Fusion","Defragment","Loop","Creative AI"],"relics":["Cracked Core","Toxic Egg 2","MawBank","Dead Branch"],"potions_floor_usage":[7,10],"damage_taken":[{"damage":6,"enemies":"Cultist","floor":1,"turns":3},{"damage":13,"enemies":"Jaw Worm","floor":3,"turns":3},{"damage":3,"enemies":"Small Slimes","floor":5,"turns":3},{"damage":31,"enemies":"Gremlin Nob","floor":7,"turns":4},{"damage":21,"enemies":"Lagavulin","floor":10,"turns":5},{"damage":20,"enemies":"Exordium Wildlife","floor":11,"turns":6},{"damage":11,"enemies":"Large Slime","floor":12,"turns":1}],"seed_played":"-480497472766204760","potions_obtained":[{"floor":2,"key":"FairyPotion"},{"floor":2,"key":"SneckoOil"},{"floor":2,"key":"LiquidBronze"},{"floor":3,"key":"SteroidPotion"},{"floor":7,"key":"Ancient Potion"}],"is_trial":false,"path_per_floor":["M","?","M","$","M","R","E","R","T","E","M","M"],"character_chosen":"DEFECT","items_purchased":["Defragment"],"campfire_rested":1,"item_purchase_floors":[4],"current_hp_per_floor":[62,62,49,49,46,46,15,35,35,14,1,0],"gold":358,"neow_bonus":"TWO_FIFTY_GOLD","is_prod":false,"is_daily":false,"chose_seed":false,"campfire_upgraded":1,"win_rate":0.0,"timestamp":1554796237,"path_taken":["M","?","M","$","M","R","E","R","T","E","?","M"],"build_version":"2019-01-23","purchased_purges":1,"victory":false,"max_hp_per_floor":[68,68,68,68,68,68,68,68,68,68,68,68],"card_choices":[{"not_picked":["Barrage","Steam","Melter"],"picked":"SKIP","floor":1},{"not_picked":["BootSequence","Consume"],"picked":"Fusion","floor":3},{"not_picked":["Leap","Genetic Algorithm","Aggregate"],"picked":"SKIP","floor":5},{"not_picked":["Lockon","Genetic Algorithm"],"picked":"Loop","floor":7},{"not_picked":["Beam Cell","Amplify+1"],"picked":"Creative AI","floor":10},{"not_picked":["Lockon","Go for the Eyes","Blizzard"],"picked":"SKIP","floor":11}],"player_experience":148723,"relics_obtained":[{"floor":7,"key":"Toxic Egg 2"},{"floor":9,"key":"MawBank"},{"floor":10,"key":"Dead Branch"}],"event_choices":[{"damage_healed":0,"gold_gain":0,"player_choice":"Got Potions","damage_taken":0,"max_hp_gain":0,"max_hp_loss":0,"event_name":"Lab","floor":2,"gold_loss":0}],"is_beta":false,"boss_relics":[],"items_purged_floors":[4],"is_endless":false,"potions_floor_spawned":[3,7],"killed_by":"Large Slime","ascension_level":0}