{"gold_per_floor":[110,110,42,42,42,42,65,108,133,168,93,126,141,141],"floor_reached":14,"playtime":309,"items_purged":["Regret"],"score":183,"play_id":"3d120280-d9a1-4099-b6b7-00c8404125fb","local_time":"20190401002620","is_ascension_mode":true,"campfire_choices":[{"data":"Zap","floor":6,"key":"SMITH"}],"neow_cost":"NONE","seed_source_timestamp":22488706516730,"circlet_count":0,"master_deck":["Strike_B","Strike_B","Strike_B","Defend_B","Defend_B","Defend_B","Defend_B","Zap+1","Dualcast","Ball Lightning","Capacitor","Cold Snap","Ball Lightning","Compile Driver","Cold Snap"],"relics":["Cracked Core","NeowsBlessing","Oddly Smooth Stone","Golden Idol","Bottled Tornado","Lantern","Matryoshka","StoneCalendar"],"potions_floor_usage":[14],"damage_taken":[{"damage":0,"enemies":"2 Louse","floor":1,"turns":1},{"damage":0,"enemies":"Small Slimes","floor":7,"turns":1},{"damage":0,"enemies":"Lagavulin","floor":8,"turns":1},{"damage":28,"enemies":"3 Sentries","floor":10,"turns":6},{"damage":6,"enemies":"Gremlin Nob","floor":12,"turns":3},{"damage":10,"enemies":"Jaw Worm","floor":13,"turns":2},{"damage":20,"enemies":"Lots of Slimes","floor":14,"turns":2}],"seed_played":"6383383841107442421","potions_obtained":[{"floor":8,"key":"SpeedPotion"},{"floor":10,"key":"LiquidBronze"},{"floor":12,"key":"LiquidBronze"}],"is_trial":false,"path_per_floor":["M","?","$","?","?","R","M","E","T","E","$","E","M","M"],"character_chosen":"DEFECT","items_purchased":["Capacitor"],"campfire_rested":0,"item_purchase_floors":[3],"current_hp_per_floor":[68,61,61,61,61,61,61,61,61,33,33,27,17,0],"gold":141,"neow_bonus":"THREE_ENEMY_KILL","is_prod":false,"is_daily":false,"chose_seed":false,"campfire_upgraded":1,"win_rate":0,"timestamp":1554045980,"path_taken":["M","?","$","?","?","R","M","E","T","E","$","E","?","?"],"build_version":"2019-01-23","purchased_purges":1,"victory":false,"max_hp_per_floor":[75,75,75,75,69,69,69,69,69,69,69,69,69,69],"card_choices":[{"not_picked":["Conserve Battery","Go for the Eyes"],"picked":"Ball Lightning","floor":1},{"not_picked":["Rebound","All For One"],"picked":"Cold Snap","floor":7},{"not_picked":["Melter","Chaos"],"picked":"Ball Lightning","floor":8},{"not_picked":["Beam Cell","Steam"],"picked":"Compile Driver","floor":10},{"not_picked":["Barrage","FTL"],"picked":"Cold Snap","floor":12},{"not_picked":["Streamline","Storm","Compile Driver"],"picked":"SKIP","floor":13}],"player_experience":652622,"relics_obtained":[{"floor":8,"key":"Bottled Tornado"},{"floor":9,"key":"Lantern"},{"floor":10,"key":"Matryoshka"},{"floor":12,"key":"StoneCalendar"}],"event_choices":[{"cards_removed":["Strike_B"],"damage_healed":0,"gold_gain":0,"player_choice":"Card Removal","damage_taken":7,"max_hp_gain":0,"max_hp_loss":0,"event_name":"Golden Wing","floor":2,"gold_loss":0},{"damage_healed":0,"gold_gain":0,"player_choice":"Box","damage_taken":0,"relics_obtained":["Oddly Smooth Stone"],"max_hp_gain":0,"max_hp_loss":0,"event_name":"Big Fish","floor":4,"gold_loss":0,"cards_obtained":["Regret"]},{"damage_healed":0,"gold_gain":0,"player_choice":"Lose Max HP","damage_taken":0,"relics_obtained":["Golden Idol"],"max_hp_gain":0,"max_hp_loss":6,"event_name":"Golden Idol","floor":5,"gold_loss":0}],"is_beta":false,"boss_relics":[],"items_purged_floors":[11],"is_endless":false,"potions_floor_spawned":[8,10,12],"killed_by":"Lots of Slimes","ascension_level":8}