{"gold_per_floor":[216,291,316,139,139,139,15,15,15,15,33,33,33,47,47,150,150,161,149,99,115,133,133,133,133,133,58,58,8,8,24,24,24],"floor_reached":33,"playtime":1630,"items_purged":["Strike_R","Strike_R","Regret","Defend_R"],"score":256,"play_id":"8b26d4cf-1761-4cbc-a691-f5ab4a3f0781","local_time":"20190411220559","is_ascension_mode":false,"campfire_choices":[{"data":"Armaments","floor":6,"key":"SMITH"},{"data":"Bash","floor":8,"key":"SMITH"},{"data":"Inflame","floor":15,"key":"SMITH"},{"floor":23,"key":"REST"},{"data":"Demon Form","floor":30,"key":"SMITH"},{"data":"True Grit","floor":32,"key":"SMITH"}],"neow_cost":"NONE","seed_source_timestamp":93325126945700,"circlet_count":0,"master_deck":["Strike_R","Strike_R+1","Defend_R+1","Defend_R","Bash+1","Iron Wave","Inflame","Armaments+1","Inflame+1","Metallicize","Headbutt","Demon Form+1","Warcry+1","True Grit+1","Disarm+1","Heavy Blade+1"],"relics":["Burning Blood","Smiling Mask","Ice Cream","Mango","Pear","Mark of Pain","Dead Branch"],"potions_floor_usage":[19,21,33],"damage_taken":[{"damage":11,"enemies":"Jaw Worm","floor":1,"turns":3},{"damage":2,"enemies":"2 Louse","floor":11,"turns":3},{"damage":7,"enemies":"Small Slimes","floor":14,"turns":4},{"damage":14,"enemies":"Slime Boss","floor":16,"turns":11},{"damage":39,"enemies":"3 Byrds","floor":18,"turns":6},{"damage":26,"enemies":"2 Thieves","floor":19,"turns":4},{"damage":33,"enemies":"Sentry and Sphere","floor":21,"turns":8},{"damage":36,"enemies":"3 Cultists","floor":22,"turns":6},{"damage":13,"enemies":"Snake Plant","floor":31,"turns":2},{"damage":97,"enemies":"Collector","floor":33,"turns":5}],"seed_played":"-3545740966868900596","potions_obtained":[{"floor":1,"key":"Swift Potion"},{"floor":16,"key":"FairyPotion"},{"floor":18,"key":"BloodPotion"},{"floor":31,"key":"FearPotion"}],"is_trial":false,"path_per_floor":["M","?","T","$","?","R","$","R","T","?","M","$","T","M","R","B",null,"M","M","$","M","M","R","?","?","T","?","?","$","R","M","R","B"],"character_chosen":"IRONCLAD","items_purchased":["Inflame","Armaments","Inflame"],"campfire_rested":1,"item_purchase_floors":[4,4,7],"current_hp_per_floor":[75,64,64,64,48,48,48,48,48,62,66,66,76,75,75,67,104,71,51,51,34,16,47,47,47,47,47,81,81,81,74,74,0],"gold":24,"neow_bonus":"HUNDRED_GOLD","is_prod":false,"is_daily":false,"chose_seed":false,"campfire_upgraded":5,"win_rate":0,"timestamp":1555045559,"path_taken":["M","?","?","$","?","R","?","R","T","?","M","$","?","M","R","BOSS","M","M","$","M","M","R","?","?","T","?","?","?","R","M","R","BOSS"],"build_version":"2019-01-23","purchased_purges":4,"victory":false,"max_hp_per_floor":[80,80,80,80,80,80,80,80,80,94,94,94,104,104,104,104,104,104,104,104,104,104,104,104,104,104,104,104,104,104,104,104,104],"card_choices":[{"not_picked":["Battle Trance","Twin Strike"],"picked":"Iron Wave","floor":1},{"not_picked":["Wild Strike","Body Slam"],"picked":"Metallicize","floor":11},{"not_picked":["Warcry","Armaments"],"picked":"Headbutt","floor":14},{"not_picked":["Berserk","Bludgeon"],"picked":"Demon Form","floor":16},{"not_picked":["Twin Strike","Wild Strike"],"picked":"Warcry+1","floor":18},{"not_picked":["Iron Wave+1","Thunderclap+1"],"picked":"True Grit","floor":19},{"not_picked":["Clash+1","Power Through"],"picked":"Disarm+1","floor":21},{"not_picked":["Flame Barrier","Bludgeon"],"picked":"Heavy Blade+1","floor":22},{"not_picked":["Perfected Strike+1","Warcry","Reckless Charge"],"picked":"SKIP","floor":31}],"player_experience":162559,"relics_obtained":[{"floor":3,"key":"Smiling Mask"},{"floor":9,"key":"Ice Cream"},{"floor":13,"key":"Pear"},{"floor":26,"key":"Dead Branch"}],"event_choices":[{"damage_healed":0,"gold_gain":75,"player_choice":"Gather Gold","damage_taken":11,"max_hp_gain":0,"max_hp_loss":0,"event_name":"World of Goop","floor":2,"gold_loss":0},{"damage_healed":0,"gold_gain":0,"player_choice":"Entered Light","damage_taken":16,"max_hp_gain":0,"max_hp_loss":0,"event_name":"Shining Light","floor":5,"gold_loss":0,"cards_upgraded":["Strike_R","Defend_R"]},{"damage_healed":0,"gold_gain":0,"player_choice":"Box","damage_taken":0,"relics_obtained":["Mango"],"max_hp_gain":0,"max_hp_loss":0,"event_name":"Big Fish","floor":10,"gold_loss":0,"cards_obtained":["Regret"]},{"damage_healed":0,"gold_gain":0,"player_choice":"Ignored","damage_taken":0,"max_hp_gain":0,"max_hp_loss":0,"event_name":"Ghosts","floor":24,"gold_loss":0},{"cards_removed":["Strike_R"],"damage_healed":0,"gold_gain":0,"player_choice":"Elegance","damage_taken":0,"max_hp_gain":0,"max_hp_loss":0,"event_name":"Back to Basics","floor":25,"gold_loss":0},{"cards_removed":["Defend_R"],"damage_healed":0,"gold_gain":0,"player_choice":"Gave Gold","damage_taken":0,"max_hp_gain":0,"max_hp_loss":0,"event_name":"Beggar","floor":27,"gold_loss":75},{"damage_healed":34,"gold_gain":0,"player_choice":"Heal","damage_taken":0,"max_hp_gain":0,"max_hp_loss":0,"event_name":"The Library","floor":28,"gold_loss":0}],"is_beta":false,"boss_relics":[{"not_picked":["Fusion Hammer","Astrolabe"],"picked":"Mark of Pain"}],"items_purged_floors":[4,7,20,29],"is_endless":false,"potions_floor_spawned":[1,16,18,31],"killed_by":"Collector","ascension_level":0}