{"gold_per_floor":[219,219,12,23,34,34,34,52,52,52,52,65,82,102,102,200,200,219,309,328,338,116,116,126,140,167,182,199,210,210,230,230,325,325,341,358,358,358,203,238,238,254,254,254,254,273,27,42,42,42],"floor_reached":50,"playtime":8226,"items_purged":["Tactician+1","Defend_G"],"score":472,"play_id":"df6606c8-60a4-4016-b0a6-369d5ee35b9e","local_time":"20190412132854","is_ascension_mode":false,"campfire_choices":[{"data":"Terror","floor":6,"key":"SMITH"},{"data":"Doppelganger","floor":10,"key":"SMITH"},{"data":"Poisoned Stab","floor":15,"key":"SMITH"},{"data":"Bouncing Flask","floor":23,"key":"SMITH"},{"data":"Well Laid Plans","floor":30,"key":"SMITH"},{"data":"Leg Sweep","floor":32,"key":"SMITH"},{"floor":41,"key":"REST"},{"data":"Infinite Blades","floor":45,"key":"SMITH"},{"data":"Madness","floor":49,"key":"SMITH"}],"neow_cost":"NONE","seed_source_timestamp":9180679688918,"circlet_count":0,"master_deck":["Defend_G","Defend_G","Defend_G","Strike_G","Strike_G","Strike_G","Strike_G","Survivor","Neutralize+1","Backstab","Poisoned Stab+1","Flash of Steel","Terror+1","Leg Sweep+1","Doppelganger+1","Deflect","Well Laid Plans+1","After Image","Outmaneuver","Bouncing Flask+1","After Image","Caltrops+1","After Image","Adrenaline","Deflect+1","Madness","Madness+1","Infinite Blades+1","Deflect+1"],"relics":["Ring of the Snake","Meat on the Bone","White Beast Statue","Vajra","Empty Cage","Molten Egg 2","Omamori","Blood Vial"],"potions_floor_usage":[16,16,20,20,21,21,21,24,25,28,33,42,46,46,50,50],"damage_taken":[{"damage":0,"enemies":"2 Louse","floor":1,"turns":3},{"damage":0,"enemies":"Cultist","floor":4,"turns":2},{"damage":1,"enemies":"Jaw Worm","floor":5,"turns":2},{"damage":0,"enemies":"2 Fungi Beasts","floor":8,"turns":4},{"damage":0,"enemies":"Exordium Wildlife","floor":12,"turns":4},{"damage":5,"enemies":"Gremlin Gang","floor":13,"turns":7},{"damage":1,"enemies":"Blue Slaver","floor":14,"turns":2},{"damage":47,"enemies":"Slime Boss","floor":16,"turns":12},{"damage":0,"enemies":"Shell Parasite","floor":18,"turns":5},{"damage":0,"enemies":"3 Byrds","floor":20,"turns":1},{"damage":5,"enemies":"Snecko","floor":21,"turns":7},{"damage":0,"enemies":"Snake Plant","floor":24,"turns":6},{"damage":18,"enemies":"Centurion and Healer","floor":25,"turns":11},{"damage":2,"enemies":"3 Cultists","floor":27,"turns":7},{"damage":0,"enemies":"Shelled Parasite and Fungi","floor":28,"turns":7},{"damage":2,"enemies":"Centurion and Healer","floor":29,"turns":11},{"damage":9,"enemies":"Snecko","floor":31,"turns":6},{"damage":8,"enemies":"Automaton","floor":33,"turns":15},{"damage":10,"enemies":"Orb Walker","floor":35,"turns":4},{"damage":18,"enemies":"3 Darklings","floor":36,"turns":9},{"damage":23,"enemies":"Giant Head","floor":40,"turns":11},{"damage":14,"enemies":"Sphere and 2 Shapes","floor":42,"turns":9},{"damage":3,"enemies":"Transient","floor":46,"turns":5},{"damage":0,"enemies":"Maw","floor":48,"turns":8},{"damage":78,"enemies":"Donu and Deca","floor":50,"turns":10}],"seed_played":"-3122996119790402265","potions_obtained":[{"floor":5,"key":"GamblersBrew"},{"floor":12,"key":"Ancient Potion"},{"floor":14,"key":"Strength Potion"},{"floor":16,"key":"LiquidBronze"},{"floor":18,"key":"LiquidBronze"},{"floor":20,"key":"EntropicBrew"},{"floor":21,"key":"GhostInAJar"},{"floor":24,"key":"Regen Potion"},{"floor":25,"key":"Block Potion"},{"floor":28,"key":"Fire Potion"},{"floor":33,"key":"GamblersBrew"},{"floor":42,"key":"GamblersBrew"},{"floor":46,"key":"Strength Potion"},{"floor":48,"key":"Strength Potion"}],"is_trial":false,"path_per_floor":["M","?","$","M","M","R","?","M","T","R","?","M","M","M","R","B",null,"M","?","M","M","$","R","M","M","T","M","M","M","R","M","R","B",null,"M","M","?","?","$","E","R","M","T","?","R","M","$","M","R","B"],"character_chosen":"THE_SILENT","items_purchased":["Poisoned Stab","Flash of Steel","Terror","Bouncing Flask","After Image","Infinite Blades","Blood Vial"],"campfire_rested":1,"item_purchase_floors":[3,3,3,22,22,39,47],"current_hp_per_floor":[70,70,70,70,69,69,69,69,69,69,74,74,69,68,68,33,75,75,61,61,56,56,56,56,53,53,51,51,49,49,40,40,44,75,65,47,38,38,38,27,49,47,47,47,47,44,44,46,46,0],"gold":42,"neow_bonus":"HUNDRED_GOLD","is_prod":false,"is_daily":false,"chose_seed":false,"campfire_upgraded":8,"win_rate":0.0,"timestamp":1555068534,"path_taken":["M","?","?","?","M","R","?","M","T","R","?","M","M","M","R","BOSS","M","?","M","M","$","R","M","?","T","?","M","M","R","M","R","BOSS","M","M","?","?","$","E","R","M","T","?","R","?","$","M","R","BOSS"],"build_version":"2019-01-23","purchased_purges":2,"victory":false,"max_hp_per_floor":[70,70,70,70,70,70,70,70,70,70,75,75,75,75,75,75,75,75,75,75,75,75,75,75,75,75,75,75,75,75,75,75,75,75,75,75,75,75,75,75,75,75,75,75,75,75,75,75,75,75],"card_choices":[{"not_picked":["Dagger Throw","PiercingWail"],"picked":"Backstab","floor":1},{"not_picked":["Dagger Spray","Deadly Poison"],"picked":"Leg Sweep","floor":4},{"not_picked":["Deadly Poison","Dodge and Roll","Quick Slash"],"picked":"SKIP","floor":5},{"not_picked":["Dagger Throw","Dagger Spray"],"picked":"Doppelganger","floor":8},{"not_picked":["Backflip","Acrobatics","Distraction"],"picked":"SKIP","floor":12},{"not_picked":["Quick Slash","Flechettes"],"picked":"Deflect","floor":13},{"not_picked":["Eviscerate","Slice"],"picked":"Well Laid Plans","floor":14},{"not_picked":["Phantasmal Killer","Burst"],"picked":"After Image","floor":16},{"not_picked":["Dagger Spray","Dagger Throw+1","Riddle With Holes+1"],"picked":"SKIP","floor":18},{"not_picked":["Footwork","Prepared"],"picked":"Outmaneuver","floor":20},{"not_picked":["Reflex","Sucker Punch","Choke+1"],"picked":"SKIP","floor":21},{"not_picked":["Outmaneuver","Masterful Stab"],"picked":"Caltrops+1","floor":24},{"not_picked":["Doppelganger","PiercingWail","Sucker Punch"],"picked":"SKIP","floor":25},{"not_picked":["Noxious Fumes+1","Blur","Dodge and Roll"],"picked":"SKIP","floor":27},{"not_picked":["Slice","Endless Agony"],"picked":"Tactician+1","floor":28},{"not_picked":["Footwork+1","Slice","Flying Knee"],"picked":"SKIP","floor":29},{"not_picked":["Distraction","Outmaneuver"],"picked":"After Image","floor":31},{"not_picked":["Doppelganger","Night Terror"],"picked":"Adrenaline","floor":33},{"not_picked":["Riddle With Holes+1","Acrobatics"],"picked":"Deflect+1","floor":35},{"not_picked":["Sucker Punch","Deadly Poison+1","Outmaneuver+1"],"picked":"SKIP","floor":36},{"not_picked":["Acrobatics+1","Finisher+1","Dodge and Roll"],"picked":"SKIP","floor":40},{"not_picked":["Outmaneuver+1","Masterful Stab+1","Deflect"],"picked":"SKIP","floor":42},{"not_picked":["Flechettes+1","Dagger Throw+1"],"picked":"Deflect+1","floor":46},{"not_picked":["Deflect","Escape Plan","Dodge and Roll+1"],"picked":"SKIP","floor":48}],"player_experience":79300,"relics_obtained":[{"floor":9,"key":"Meat on the Bone"},{"floor":26,"key":"Vajra"},{"floor":40,"key":"Molten Egg 2"},{"floor":43,"key":"Omamori"}],"event_choices":[{"damage_healed":0,"gold_gain":0,"player_choice":"Forge","damage_taken":0,"max_hp_gain":0,"max_hp_loss":0,"event_name":"Accursed Blacksmith","floor":2,"gold_loss":0,"cards_upgraded":["Neutralize"]},{"damage_healed":0,"gold_gain":0,"player_choice":"Ignored","damage_taken":0,"max_hp_gain":0,"max_hp_loss":0,"event_name":"Liars Game","floor":7,"gold_loss":0},{"damage_healed":0,"gold_gain":0,"player_choice":"Donut","damage_taken":0,"max_hp_gain":5,"max_hp_loss":0,"event_name":"Big Fish","floor":11,"gold_loss":0},{"damage_healed":0,"gold_gain":90,"player_choice":"GOLD ","damage_taken":14,"max_hp_gain":0,"max_hp_loss":0,"event_name":"Knowing Skull","floor":19,"potions_obtained":[],"gold_loss":0,"cards_obtained":[]},{"damage_healed":0,"gold_gain":0,"player_choice":"Embrace Madness","damage_taken":9,"max_hp_gain":0,"max_hp_loss":0,"event_name":"Winding Halls","floor":37,"gold_loss":0,"cards_obtained":["Madness","Madness"]},{"damage_healed":0,"gold_gain":0,"player_choice":"Memory 1","damage_taken":0,"max_hp_gain":0,"max_hp_loss":0,"event_name":"SensoryStone","floor":38,"gold_loss":0},{"damage_healed":0,"gold_gain":0,"player_choice":"Ignored","damage_taken":0,"max_hp_gain":0,"max_hp_loss":0,"event_name":"Mysterious Sphere","floor":44,"gold_loss":0}],"is_beta":false,"boss_relics":[{"not_picked":["Eternal Feather","Black Star"],"picked":"White Beast Statue"},{"not_picked":["Orrery","Runic Dome"],"picked":"Empty Cage"}],"items_purged_floors":[39,47],"is_endless":false,"potions_floor_spawned":[5,12,14,16,18,20,21,24,25,27,28,29,31,33,35,36,40,42,46,48],"killed_by":"Donu and Deca","ascension_level":0}