{"gold_per_floor":[112,112,37,37,37,37,78,97,97,97,131,131,154,170,170,295,295,316,329,24,24,24,24],"floor_reached":23,"playtime":750,"items_purged":["Strike_B","Strike_B"],"score":311,"play_id":"2ba1cee9-7159-4422-bba1-dab9869046f6","local_time":"20190406024155","is_ascension_mode":true,"campfire_choices":[{"data":"Zap","floor":6.0,"key":"SMITH"},{"data":"Storm","floor":10.0,"key":"SMITH"},{"data":"Recycle","floor":12.0,"key":"SMITH"},{"data":"Buffer","floor":15.0,"key":"SMITH"}],"neow_cost":"NONE","seed_source_timestamp":12635978039299,"circlet_count":0,"master_deck":["Strike_B","Defend_B","Defend_B","Defend_B","Defend_B","Zap+1","Dualcast","White Noise+1","Buffer+1","Storm+1","Recycle+1","FTL","Ball Lightning","Echo Form","Melter","White Noise","Loop","Reinforced Body","Conserve Battery","Buffer"],"special_seed":0,"relics":["Cracked Core","NeowsBlessing","Golden Idol","Ginger","Omamori","Boot","Orrery","OrangePellets","Necronomicon"],"potions_floor_usage":[],"damage_taken":[{"damage":0.0,"enemies":"Jaw Worm","floor":1.0,"turns":1.0},{"damage":0.0,"enemies":"Gremlin Nob","floor":7.0,"turns":1.0},{"damage":0.0,"enemies":"2 Louse","floor":8.0,"turns":1.0},{"damage":20.0,"enemies":"Lagavulin","floor":11.0,"turns":6.0},{"damage":0.0,"enemies":"Cultist","floor":13.0,"turns":4.0},{"damage":13.0,"enemies":"Large Slime","floor":14.0,"turns":4.0},{"damage":23.0,"enemies":"The Guardian","floor":16.0,"turns":9.0},{"damage":12.0,"enemies":"Chosen","floor":18.0,"turns":5.0},{"damage":18.0,"enemies":"Spheric Guardian","floor":19.0,"turns":4.0},{"damage":21,"enemies":"Slavers","floor":23,"turns":1}],"seed_played":"-2810402197544361179","potions_obtained":[{"floor":7.0,"key":"EssenceOfSteel"},{"floor":13.0,"key":"Energy Potion"},{"floor":14.0,"key":"FocusPotion"},{"floor":18.0,"key":"FearPotion"}],"is_trial":false,"path_per_floor":["M","?","$","?","$","R","E","M","T","R","E","R","M","M","R","B",null,"M","M","$","?","?","E"],"character_chosen":"DEFECT","items_purchased":["OrangePellets"],"campfire_rested":0,"item_purchase_floors":[20],"current_hp_per_floor":[68,68,68,68,68,68,68,68,68,68,48,48,48,35,35,12,55,43,25,25,25,9,0],"gold":24,"neow_bonus":"THREE_ENEMY_KILL","is_prod":false,"is_daily":false,"chose_seed":false,"campfire_upgraded":4,"win_rate":0,"timestamp":1554486115,"path_taken":["M","?","$","?","$","R","E","M","T","R","E","R","M","?","R","BOSS","M","M","$","?","?","E"],"build_version":"2019-01-23","purchased_purges":2,"victory":false,"max_hp_per_floor":[75,69,69,69,69,69,69,69,69,69,69,69,69,69,69,69,69,69,69,69,69,69,69],"card_choices":[{"not_picked":["Sweeping Beam","Streamline"],"picked":"White Noise","floor":1.0},{"not_picked":["Skim","Beam Cell"],"picked":"Buffer","floor":7.0},{"not_picked":["Steam","Conserve Battery"],"picked":"Storm","floor":8.0},{"not_picked":["Gash","Steam Power"],"picked":"Recycle","floor":11.0},{"not_picked":["BootSequence","Doom and Gloom"],"picked":"FTL","floor":13.0},{"not_picked":["Melter","Compile Driver"],"picked":"Ball Lightning","floor":14.0},{"not_picked":["Seek","All For One"],"picked":"Echo Form","floor":16.0},{"not_picked":["Force Field","Beam Cell"],"picked":"Melter","floor":17.0},{"not_picked":["Gash","Go for the Eyes"],"picked":"White Noise","floor":17.0},{"not_picked":["Reprogram","Recycle"],"picked":"Loop","floor":17.0},{"not_picked":["Turbo","Heatsinks"],"picked":"Reinforced Body","floor":17.0},{"not_picked":["Auto Shields","Barrage"],"picked":"Conserve Battery","floor":17.0},{"not_picked":["FTL","Go for the Eyes","Beam Cell"],"picked":"SKIP","floor":18.0},{"not_picked":["Redo","Rebound+1"],"picked":"Buffer","floor":19.0}],"player_experience":686267,"relics_obtained":[{"floor":7.0,"key":"Ginger"},{"floor":9.0,"key":"Omamori"},{"floor":11.0,"key":"Boot"},{"floor":22.0,"key":"Necronomicon"}],"event_choices":[{"damage_healed":0.0,"max_hp_gain":0.0,"max_hp_loss":6.0,"gold_gain":0.0,"event_name":"Golden Idol","player_choice":"Lose Max HP","floor":2.0,"gold_loss":0.0,"damage_taken":0.0,"relics_obtained":["Golden Idol"]},{"damage_healed":0.0,"max_hp_gain":0.0,"max_hp_loss":0.0,"gold_gain":0.0,"event_name":"Upgrade Shrine","player_choice":"Upgraded","floor":4.0,"gold_loss":0.0,"damage_taken":0.0,"cards_upgraded":["White Noise"]},{"cards_removed":["Strike_B"],"damage_healed":0.0,"max_hp_gain":0.0,"max_hp_loss":0.0,"gold_gain":0.0,"event_name":"Back to Basics","player_choice":"Elegance","floor":21.0,"gold_loss":0.0,"damage_taken":0.0},{"damage_healed":0.0,"max_hp_gain":0.0,"max_hp_loss":0.0,"gold_gain":0.0,"event_name":"Cursed Tome","player_choice":"Obtained Book","floor":22.0,"gold_loss":0.0,"damage_taken":16.0}],"is_beta":false,"boss_relics":[{"not_picked":["Velvet Choker","Eternal Feather"],"picked":"Orrery"}],"items_purged_floors":[3,20],"is_endless":false,"potions_floor_spawned":[7,13,14,18],"killed_by":"Slavers","ascension_level":8}