{"gold_per_floor":[111,127,139,17,17,45,45,64,64,64],"floor_reached":10,"playtime":433,"items_purged":["Strike_G"],"score":78,"play_id":"c4858c30-2263-4541-a0c6-84a9c28e0d2f","local_time":"20190323045456","is_ascension_mode":true,"campfire_choices":[{"data":"Caltrops","floor":7,"key":"SMITH"}],"neow_cost":"NONE","seed_source_timestamp":42538482720167,"circlet_count":0,"master_deck":["Defend_G","Defend_G","Defend_G","Defend_G","Defend_G","Strike_G","Strike_G+1","Strike_G","Survivor","Neutralize+1","Caltrops+1","Acrobatics","Bouncing Flask","Backflip","Wraith Form v2","Setup"],"relics":["Ring of the Snake","Whetstone","Bottled Tornado","Paper Crane"],"potions_floor_usage":[8],"damage_taken":[{"damage":0,"enemies":"Cultist","floor":1,"turns":4},{"damage":5,"enemies":"2 Louse","floor":2,"turns":3},{"damage":0,"enemies":"Small Slimes","floor":3,"turns":3},{"damage":22,"enemies":"Lagavulin","floor":6,"turns":6},{"damage":12,"enemies":"Exordium Thugs","floor":8,"turns":4},{"damage":29,"enemies":"Exordium Wildlife","floor":10,"turns":6}],"seed_played":"-916913006524081755","potions_obtained":[{"floor":2,"key":"Explosive Potion"},{"floor":3,"key":"Ancient Potion"},{"floor":8,"key":"Poison Potion"}],"is_trial":false,"path_per_floor":["M","M","M","$","?","E","R","M","T","M"],"character_chosen":"THE_SILENT","items_purchased":["Backflip"],"campfire_rested":0,"item_purchase_floors":[4],"current_hp_per_floor":[70,65,65,65,58,36,36,24,24,0],"gold":64,"neow_bonus":"RANDOM_COMMON_RELIC","is_prod":false,"is_daily":false,"chose_seed":false,"campfire_upgraded":1,"win_rate":0,"timestamp":1553284496,"path_taken":["M","M","?","$","?","E","R","M","T","M"],"build_version":"2019-01-23","purchased_purges":1,"victory":false,"max_hp_per_floor":[70,70,70,70,70,70,70,70,70,70],"card_choices":[{"not_picked":["Slice","Acrobatics"],"picked":"Caltrops","floor":1},{"not_picked":["Flying Knee","Deflect"],"picked":"Acrobatics","floor":2},{"not_picked":["Quick Slash","Acrobatics"],"picked":"Bouncing Flask","floor":3},{"not_picked":["Calculated Gamble","Poisoned Stab"],"picked":"Wraith Form v2","floor":6},{"not_picked":["Dagger Throw","Quick Slash"],"picked":"Setup","floor":8}],"player_experience":531080,"relics_obtained":[{"floor":6,"key":"Bottled Tornado"},{"floor":9,"key":"Paper Crane"}],"event_choices":[{"cards_removed":["Strike_G"],"damage_healed":0,"gold_gain":0,"player_choice":"Card Removal","damage_taken":7,"max_hp_gain":0,"max_hp_loss":0,"event_name":"Golden Wing","floor":5,"gold_loss":0}],"is_beta":false,"boss_relics":[],"items_purged_floors":[4],"is_endless":false,"potions_floor_spawned":[2,3,8],"killed_by":"Exordium Wildlife","ascension_level":3}