{"gold_per_floor":[109,184,201,56,231,261,261,211,238,320,333,344,344,1,1,97,97,109,35,35,35,35,35,100,115,170,170,205,0,31,31,31,127,127,138,38,54,71,97,97],"floor_reached":40,"playtime":1586,"items_purged":["Strike_B","Undo"],"score":488,"play_id":"380b6237-9a84-49c6-ac68-d16ed8c78bba","local_time":"20190330202353","is_ascension_mode":false,"campfire_choices":[{"data":"Defragment","floor":7,"key":"SMITH"},{"data":"Apotheosis","floor":15,"key":"SMITH"},{"data":"1","floor":23,"key":"LIFT"},{"data":"2","floor":27,"key":"LIFT"},{"floor":32,"key":"REST"}],"neow_cost":"NONE","seed_source_timestamp":7929377840658,"circlet_count":0,"master_deck":["Zap+1","Recycle","Defragment+1","Fusion","Cold Snap","Hologram","Apotheosis+1","Self Repair","Hologram+1","Seek","Streamline","Defragment","Capacitor","Glacier","Compile Driver","Biased Cognition","Blizzard+1","Gash+1"],"relics":["Cracked Core","NeowsBlessing","Bronze Scales","Orichalcum","Strawberry","Bottled Lightning","Pandora\u0027s Box","Girya","Tiny Chest","War Paint","Thread and Needle","Medical Kit","Dream Catcher","Inserter","Regal Pillow"],"potions_floor_usage":[16,16,33,33,33,40,40],"damage_taken":[{"damage":0,"enemies":"2 Louse","floor":1,"turns":1},{"damage":0,"enemies":"Jaw Worm","floor":3,"turns":1},{"damage":0,"enemies":"Gremlin Nob","floor":6,"turns":1},{"damage":0,"enemies":"Cultist","floor":11,"turns":3},{"damage":10,"enemies":"2 Fungi Beasts","floor":12,"turns":2},{"damage":12,"enemies":"Hexaghost","floor":16,"turns":9},{"damage":5,"enemies":"Chosen","floor":18,"turns":4},{"damage":34,"enemies":"Book of Stabbing","floor":24,"turns":5},{"damage":24,"enemies":"2 Thieves","floor":25,"turns":3},{"damage":30,"enemies":"Gremlin Leader","floor":28,"turns":6},{"damage":0,"enemies":"Book of Stabbing","floor":30,"turns":6},{"damage":34,"enemies":"Collector","floor":33,"turns":6},{"damage":12,"enemies":"3 Darklings","floor":35,"turns":5},{"damage":11,"enemies":"3 Shapes","floor":37,"turns":4},{"damage":57,"enemies":"Jaw Worm Horde","floor":38,"turns":5},{"damage":35,"enemies":"Reptomancer","floor":40,"turns":4}],"seed_played":"6985384318936310016","potions_obtained":[{"floor":1,"key":"Regen Potion"},{"floor":3,"key":"AttackPotion"},{"floor":25,"key":"Poison Potion"},{"floor":28,"key":"EssenceOfSteel"},{"floor":30,"key":"SkillPotion"},{"floor":33,"key":"Swift Potion"},{"floor":37,"key":"Explosive Potion"}],"is_trial":false,"path_per_floor":["M","?","M","$","?","E","R","?","T","T","M","M","?","$","R","B",null,"M","$","?","?","?","R","E","M","T","R","E","$","E","$","R","B",null,"M","$","M","M","T","E"],"character_chosen":"DEFECT","items_purchased":["Bronze Scales","Apotheosis","Self Repair","Hologram","Defragment","Medical Kit"],"campfire_rested":1,"item_purchase_floors":[4,14,14,14,19,29],"current_hp_per_floor":[75,64,64,64,64,64,64,64,71,71,71,61,54,54,54,67,82,82,82,82,82,82,82,58,34,34,34,14,14,14,14,38,4,82,80,80,79,29,29,0],"gold":97,"neow_bonus":"THREE_ENEMY_KILL","is_prod":false,"is_daily":false,"chose_seed":false,"campfire_upgraded":2,"win_rate":0,"timestamp":1553945033,"path_taken":["M","?","M","$","?","E","R","?","T","?","?","M","?","$","R","BOSS","M","$","?","?","?","R","E","M","T","R","E","$","E","?","R","BOSS","M","$","M","M","?","E"],"build_version":"2019-01-23","purchased_purges":2,"victory":false,"max_hp_per_floor":[75,75,75,75,75,75,75,75,82,82,82,82,82,82,82,82,82,82,82,82,82,82,82,82,82,82,82,82,82,82,82,82,82,82,82,82,82,82,82,82],"card_choices":[{"not_picked":["Go for the Eyes","Lockon"],"picked":"Recycle","floor":1},{"not_picked":["Chaos","Barrage"],"picked":"Defragment","floor":3},{"not_picked":["Turbo","Hello World"],"picked":"Fusion","floor":6},{"not_picked":["Beam Cell","Go for the Eyes"],"picked":"Cold Snap","floor":11},{"not_picked":["Go for the Eyes","Hello World"],"picked":"Hologram","floor":12},{"not_picked":["All For One","Rainbow"],"picked":"Seek","floor":16},{"not_picked":["Blizzard","Chaos"],"picked":"Streamline","floor":18},{"not_picked":["Rebound","Steam","Streamline"],"picked":"SKIP","floor":24},{"not_picked":["Beam Cell+1","Sweeping Beam","Creative AI"],"picked":"SKIP","floor":25},{"not_picked":["Sweeping Beam","Auto Shields+1"],"picked":"Glacier","floor":28},{"not_picked":["Leap","Redo"],"picked":"Undo","floor":30},{"not_picked":["Melter","Cold Snap"],"picked":"Compile Driver","floor":32},{"not_picked":["Machine Learning","Hyperbeam"],"picked":"Biased Cognition","floor":33},{"not_picked":["Conserve Battery","Undo+1"],"picked":"Blizzard+1","floor":35},{"not_picked":["Rip and Tear","Melter+1","Leap"],"picked":"SKIP","floor":37},{"not_picked":["Turbo+1","Redo"],"picked":"Gash+1","floor":38}],"player_experience":647024,"relics_obtained":[{"floor":6,"key":"Orichalcum"},{"floor":9,"key":"Strawberry"},{"floor":10,"key":"Bottled Lightning"},{"floor":24,"key":"Tiny Chest"},{"floor":26,"key":"War Paint"},{"floor":28,"key":"Thread and Needle"},{"floor":30,"key":"Dream Catcher"},{"floor":39,"key":"Regal Pillow"}],"event_choices":[{"damage_healed":0,"gold_gain":75,"player_choice":"Gather Gold","damage_taken":11,"max_hp_gain":0,"max_hp_loss":0,"event_name":"World of Goop","floor":2,"gold_loss":0},{"damage_healed":0,"gold_gain":175,"player_choice":"AGREE","damage_taken":0,"max_hp_gain":0,"max_hp_loss":0,"event_name":"Liars Game","floor":5,"gold_loss":0,"cards_obtained":["Doubt"]},{"cards_removed":["Doubt"],"damage_healed":0,"gold_gain":0,"player_choice":"Card Removal","damage_taken":0,"max_hp_gain":0,"max_hp_loss":0,"event_name":"The Cleric","floor":8,"gold_loss":50},{"cards_removed":["Strike_B"],"damage_healed":0,"gold_gain":0,"player_choice":"Card Removal","damage_taken":7,"max_hp_gain":0,"max_hp_loss":0,"event_name":"Golden Wing","floor":13,"gold_loss":0},{"damage_healed":0,"gold_gain":0,"player_choice":"Opened","damage_taken":0,"relics_obtained":["Girya"],"max_hp_gain":0,"max_hp_loss":0,"event_name":"The Mausoleum","floor":20,"gold_loss":0},{"damage_healed":0,"gold_gain":0,"player_choice":"Read","damage_taken":0,"max_hp_gain":0,"max_hp_loss":0,"event_name":"The Library","floor":21,"gold_loss":0,"cards_obtained":["Capacitor"]},{"cards_removed":["Dualcast"],"damage_healed":0,"gold_gain":0,"player_choice":"Elegance","damage_taken":0,"max_hp_gain":0,"max_hp_loss":0,"event_name":"Back to Basics","floor":22,"gold_loss":0}],"is_beta":false,"boss_relics":[{"not_picked":["Nuclear Battery","Orrery"],"picked":"Pandora\u0027s Box"},{"not_picked":["Coffee Dripper","Lizard Tail"],"picked":"Inserter"}],"items_purged_floors":[14,36],"is_endless":false,"potions_floor_spawned":[1,3,25,28,30,33,37],"killed_by":"Reptomancer","ascension_level":0}