{"gold_per_floor":[111,127,138,152,29,29,44,44,44,119,133,133,144,154,154,252,252,265,265,88,88,102,102,129,147,171,171,181,199,199],"floor_reached":30,"playtime":1321,"items_purged":["Strike_B","Strike_B"],"score":406,"play_id":"5ddebb8c-aaf6-44bb-86e8-f0466dd97268","local_time":"20190411222212","is_ascension_mode":true,"campfire_choices":[{"data":"Zap","floor":6.0,"key":"SMITH"},{"data":"Conserve Battery","floor":8.0,"key":"SMITH"},{"floor":12.0,"key":"REST"},{"data":"Dualcast","floor":15.0,"key":"SMITH"},{"floor":23.0,"key":"REST"},{"floor":27.0,"key":"REST"}],"neow_cost":"NONE","seed_source_timestamp":4588474783777,"circlet_count":0,"master_deck":["AscendersBane","Strike_B+1","Strike_B+1","Defend_B","Defend_B","Defend_B","Defend_B","Zap+1","Dualcast+1","Blizzard","Sweeping Beam","Conserve Battery+1","Cold Snap","Auto Shields","Streamline+1","Conserve Battery","Core Surge+1","Redo+1","Core Surge+1","Cold Snap+1","Cold Snap+1","Conserve Battery+1","Blizzard+1","Go for the Eyes+1"],"special_seed":0,"relics":["Cracked Core","Whetstone","Molten Egg 2","Philosopher\u0027s Stone","Strawberry","Vajra"],"potions_floor_usage":[30],"damage_taken":[{"damage":1.0,"enemies":"Cultist","floor":1.0,"turns":3.0},{"damage":9.0,"enemies":"Jaw Worm","floor":2.0,"turns":3.0},{"damage":5.0,"enemies":"Small Slimes","floor":3.0,"turns":4.0},{"damage":9.0,"enemies":"3 Louse","floor":4.0,"turns":3.0},{"damage":2.0,"enemies":"Exordium Wildlife","floor":7.0,"turns":2.0},{"damage":4.0,"enemies":"Looter","floor":11.0,"turns":3.0},{"damage":4.0,"enemies":"2 Fungi Beasts","floor":13.0,"turns":3.0},{"damage":3.0,"enemies":"3 Louse","floor":14.0,"turns":3.0},{"damage":2.0,"enemies":"Slime Boss","floor":16.0,"turns":7.0},{"damage":5.0,"enemies":"Spheric Guardian","floor":18.0,"turns":3.0},{"damage":9.0,"enemies":"3 Byrds","floor":22.0,"turns":2.0},{"damage":31.0,"enemies":"Gremlin Leader","floor":24.0,"turns":8.0},{"damage":29.0,"enemies":"Snake Plant","floor":25.0,"turns":4.0},{"damage":19.0,"enemies":"Sentry and Sphere","floor":28.0,"turns":4.0},{"damage":7.0,"enemies":"Chosen and Byrds","floor":29.0,"turns":6.0},{"damage":15,"enemies":"Centurion and Healer","floor":30,"turns":3}],"seed_played":"4511892218065975705","potions_obtained":[{"floor":3.0,"key":"Fire Potion"},{"floor":4.0,"key":"Explosive Potion"},{"floor":13.0,"key":"Fire Potion"},{"floor":16.0,"key":"Fire Potion"},{"floor":25.0,"key":"FearPotion"},{"floor":29.0,"key":"Fruit Juice"}],"is_trial":false,"path_per_floor":["M","M","M","M","$","R","M","R","T","?","M","R","M","M","R","B",null,"M","?","$","?","M","R","E","M","T","R","M","M","M"],"character_chosen":"DEFECT","items_purchased":["Conserve Battery","LiquidBronze"],"campfire_rested":3,"item_purchase_floors":[5,20],"current_hp_per_floor":[67,58,53,44,44,44,42,42,42,31,27,49,45,42,42,40,66,61,47,47,47,38,62,38,9,9,35,16,14,0],"gold":199,"neow_bonus":"RANDOM_COMMON_RELIC","is_prod":false,"is_daily":false,"chose_seed":false,"campfire_upgraded":3,"win_rate":0,"timestamp":1554988932,"path_taken":["M","M","M","M","?","R","?","R","T","?","M","R","M","M","R","BOSS","M","?","$","?","M","R","E","M","T","R","M","?","M"],"build_version":"2019-01-23","purchased_purges":2,"victory":false,"max_hp_per_floor":[75,75,75,75,75,75,75,75,75,75,75,75,75,75,75,75,75,75,80,80,80,80,80,87,87,87,87,87,92,92],"card_choices":[{"not_picked":["Rebound","Aggregate","Heatsinks"],"picked":"SKIP","floor":1.0},{"not_picked":["Storm","Leap"],"picked":"Blizzard","floor":2.0},{"not_picked":["Force Field","Double Energy"],"picked":"Sweeping Beam","floor":3.0},{"not_picked":["Aggregate","Lockon","Rip and Tear"],"picked":"SKIP","floor":4.0},{"not_picked":["Compile Driver","Rebound"],"picked":"Cold Snap","floor":7.0},{"not_picked":["Lockon+1","Double Energy"],"picked":"Auto Shields","floor":11.0},{"not_picked":["Gash+1","Leap"],"picked":"Streamline+1","floor":13.0},{"not_picked":["Heatsinks","Rebound+1"],"picked":"Conserve Battery","floor":14.0},{"not_picked":["Reboot","Rainbow"],"picked":"Core Surge+1","floor":16.0},{"not_picked":["Compile Driver+1","Chaos"],"picked":"Redo+1","floor":18.0},{"not_picked":["Conserve Battery","Compile Driver+1"],"picked":"Cold Snap+1","floor":22.0},{"not_picked":["Barrage+1","Conserve Battery+1"],"picked":"Cold Snap+1","floor":24.0},{"not_picked":["Barrage+1","Stack"],"picked":"Conserve Battery+1","floor":25.0},{"not_picked":["Sweeping Beam+1","Gash+1"],"picked":"Blizzard+1","floor":28.0},{"not_picked":["Blizzard+1","Redo"],"picked":"Go for the Eyes+1","floor":29.0}],"player_experience":545119,"relics_obtained":[{"floor":9.0,"key":"Molten Egg 2"},{"floor":24.0,"key":"Strawberry"},{"floor":26.0,"key":"Vajra"}],"event_choices":[{"damage_healed":0.0,"max_hp_gain":0.0,"max_hp_loss":0.0,"gold_gain":75.0,"event_name":"World of Goop","player_choice":"Gather Gold","floor":10.0,"gold_loss":0.0,"damage_taken":11.0},{"damage_healed":0.0,"max_hp_gain":5.0,"max_hp_loss":0.0,"gold_gain":0.0,"event_name":"Forgotten Altar","player_choice":"Shed Blood","floor":19.0,"gold_loss":0.0,"damage_taken":19.0},{"damage_healed":0.0,"max_hp_gain":0.0,"max_hp_loss":0.0,"gold_gain":0.0,"event_name":"Duplicator","player_choice":"Copied","floor":21.0,"gold_loss":0.0,"damage_taken":0.0,"cards_obtained":["Core Surge"]}],"is_beta":false,"boss_relics":[{"not_picked":["Lizard Tail","Eternal Feather"],"picked":"Philosopher\u0027s Stone"}],"items_purged_floors":[5,20],"is_endless":false,"potions_floor_spawned":[3,4,13,16,25,29],"killed_by":"Centurion and Healer","ascension_level":11}