{"gold_per_floor":[117,44,44,44,55,115,115,149,175,175,207,207,6,18,18,18],"floor_reached":16,"playtime":804,"items_purged":["Strike_G"],"score":247,"play_id":"cc84c83f-9708-453c-b704-280c605bb045","local_time":"20190330060206","is_ascension_mode":true,"campfire_choices":[{"data":"Well Laid Plans","floor":7.0,"key":"SMITH"},{"data":"Wraith Form v2","floor":10.0,"key":"SMITH"},{"data":"Infinite Blades","floor":15.0,"key":"SMITH"}],"neow_cost":"NONE","seed_source_timestamp":64099792900955,"circlet_count":0,"master_deck":["AscendersBane","Defend_G","Defend_G","Defend_G","Defend_G","Defend_G","Strike_G","Strike_G","Strike_G","Strike_G","Neutralize","Backstab","Well Laid Plans+1","Leg Sweep","Wraith Form v2+1","Dagger Throw","Deflect","Infinite Blades+1","Acrobatics","Quick Slash"],"special_seed":0,"relics":["Ring of the Snake","NeowsBlessing","Tiny Chest","Question Card","Orichalcum","Bottled Flame"],"potions_floor_usage":[16],"damage_taken":[{"damage":0.0,"enemies":"2 Louse","floor":1.0,"turns":1.0},{"damage":0.0,"enemies":"Cultist","floor":5.0,"turns":1.0},{"damage":0.0,"enemies":"Lagavulin","floor":6.0,"turns":1.0},{"damage":25.0,"enemies":"Gremlin Nob","floor":8.0,"turns":6.0},{"damage":27.0,"enemies":"3 Sentries","floor":11.0,"turns":13.0},{"damage":0.0,"enemies":"Small Slimes","floor":14.0,"turns":4.0},{"damage":18,"enemies":"Slime Boss","floor":16,"turns":6}],"seed_played":"-3407363036991771384","potions_obtained":[{"floor":1.0,"key":"Weak Potion"},{"floor":5.0,"key":"Dexterity Potion"}],"is_trial":false,"path_per_floor":["M","$","?","$","M","E","R","E","T","R","E","?","$","M","R","B"],"character_chosen":"THE_SILENT","items_purchased":["Well Laid Plans","Infinite Blades","Acrobatics"],"campfire_rested":0,"item_purchase_floors":[2,13,13],"current_hp_per_floor":[59,59,66,66,66,66,66,41,41,41,14,7,7,7,7,0],"gold":18,"neow_bonus":"THREE_ENEMY_KILL","is_prod":false,"is_daily":false,"chose_seed":false,"campfire_upgraded":3,"win_rate":0,"timestamp":1553893326,"path_taken":["M","$","?","$","?","E","R","E","T","R","E","?","?","M","R","BOSS"],"build_version":"2019-01-23","purchased_purges":1,"victory":false,"max_hp_per_floor":[66,66,66,66,66,66,66,66,66,66,66,66,66,66,66,66],"card_choices":[{"not_picked":["All Out Attack","Masterful Stab"],"picked":"Backstab","floor":1.0},{"not_picked":["Deadly Poison","Well Laid Plans"],"picked":"Leg Sweep","floor":5.0},{"not_picked":["Distraction","Poisoned Stab"],"picked":"Wraith Form v2","floor":6.0},{"not_picked":["Flechettes","Concentrate"],"picked":"Dagger Throw","floor":8.0},{"not_picked":["Bane","Predator","Accuracy"],"picked":"Deflect","floor":11.0},{"not_picked":["PiercingWail","Outmaneuver","Catalyst"],"picked":"Quick Slash","floor":14.0}],"player_experience":643403,"relics_obtained":[{"floor":6.0,"key":"Tiny Chest"},{"floor":8.0,"key":"Question Card"},{"floor":9.0,"key":"Orichalcum"},{"floor":11.0,"key":"Bottled Flame"}],"event_choices":[{"damage_healed":7.0,"max_hp_gain":0.0,"max_hp_loss":0.0,"gold_gain":0.0,"event_name":"Wheel of Change","player_choice":"Full Heal","floor":3.0,"gold_loss":0.0,"damage_taken":0.0},{"cards_removed":["Survivor"],"damage_healed":0.0,"max_hp_gain":0.0,"max_hp_loss":0.0,"gold_gain":0.0,"event_name":"Golden Wing","player_choice":"Card Removal","floor":12.0,"gold_loss":0.0,"damage_taken":7.0}],"is_beta":false,"boss_relics":[],"items_purged_floors":[13],"is_endless":false,"potions_floor_spawned":[1,5],"killed_by":"Slime Boss","ascension_level":15}