{"gold_per_floor":[217,232,249,80,98,133,133,150,202,231,241,241,257,273,273,375,375,390,407,310,321,246,246,260,260,287,287,287,301,326,26,26,26],"floor_reached":33,"playtime":4770,"items_purged":["Defend_R"],"score":306,"play_id":"96a5d4d2-2b9c-495a-b5de-e584704aa8b4","local_time":"20190408163236","is_ascension_mode":false,"campfire_choices":[{"data":"Body Slam","floor":7,"key":"SMITH"},{"data":"Fire Breathing","floor":12,"key":"SMITH"},{"data":"Anger","floor":15,"key":"SMITH"},{"floor":23,"key":"REST"},{"data":"Barricade","floor":25,"key":"SMITH"},{"data":"Anger","floor":27,"key":"SMITH"},{"floor":32,"key":"REST"}],"neow_cost":"NONE","seed_source_timestamp":13719141875510,"circlet_count":0,"master_deck":["Strike_R","Strike_R","Strike_R","Defend_R","Defend_R","Bash","Anger+1","Rage","Finesse","Metallicize","Iron Wave","Body Slam+1","Bludgeon","Anger+1","Fire Breathing+1","Rage","Shrug It Off","Barricade+1","Ghostly Armor","Anger","Warcry","Anger","Thunderclap+1","Finesse"],"relics":["Burning Blood","Happy Flower","Red Skull","Matryoshka","Empty Cage","Pen Nib","PreservedInsect","Lantern","Potion Belt"],"potions_floor_usage":[6,16,19,21,29,30,33,33],"damage_taken":[{"damage":6,"enemies":"Cultist","floor":1,"turns":3},{"damage":6,"enemies":"2 Louse","floor":2,"turns":3},{"damage":6,"enemies":"Jaw Worm","floor":3,"turns":3},{"damage":1,"enemies":"Exordium Wildlife","floor":5,"turns":3},{"damage":27,"enemies":"3 Sentries","floor":6,"turns":11},{"damage":2,"enemies":"3 Louse","floor":8,"turns":3},{"damage":10,"enemies":"Gremlin Nob","floor":10,"turns":4},{"damage":0,"enemies":"Blue Slaver","floor":11,"turns":2},{"damage":7,"enemies":"Exordium Wildlife","floor":13,"turns":4},{"damage":0,"enemies":"Large Slime","floor":14,"turns":4},{"damage":25,"enemies":"Hexaghost","floor":16,"turns":10},{"damage":21,"enemies":"Shell Parasite","floor":18,"turns":6},{"damage":56,"enemies":"3 Byrds","floor":19,"turns":7},{"damage":0,"enemies":"Cultist and Chosen","floor":21,"turns":6},{"damage":8,"enemies":"Centurion and Healer","floor":24,"turns":9},{"damage":29,"enemies":"Chosen and Byrds","floor":29,"turns":6},{"damage":24,"enemies":"Slavers","floor":30,"turns":4},{"damage":57,"enemies":"Champ","floor":33,"turns":9}],"seed_played":"-2627978250073464246","potions_obtained":[{"floor":2,"key":"GamblersBrew"},{"floor":6,"key":"Block Potion"},{"floor":8,"key":"Fire Potion"},{"floor":11,"key":"Regen Potion"},{"floor":18,"key":"PowerPotion"},{"floor":24,"key":"FearPotion"},{"floor":30,"key":"AttackPotion"}],"is_trial":false,"path_per_floor":["M","M","M","$","M","E","R","M","T","E","M","R","M","M","R","B",null,"M","M","$","M","?","R","M","R","T","R","?","M","E","$","R","B"],"character_chosen":"IRONCLAD","items_purchased":["Finesse","Metallicize","Warcry","Regen Potion","Finesse","Potion Belt"],"campfire_rested":2,"item_purchase_floors":[4,4,20,31,31,31],"current_hp_per_floor":[80,80,80,80,80,59,59,63,63,59,65,65,64,70,70,51,80,65,27,27,33,33,57,55,55,55,55,55,32,14,14,38,0],"gold":26,"neow_bonus":"HUNDRED_GOLD","is_prod":false,"is_daily":false,"chose_seed":false,"campfire_upgraded":5,"win_rate":0.0,"timestamp":1554733956,"path_taken":["M","M","M","$","M","E","R","?","T","E","M","R","?","M","R","BOSS","M","M","$","M","?","R","M","R","T","R","?","M","E","?","R","BOSS"],"build_version":"2019-01-23","purchased_purges":1,"victory":false,"max_hp_per_floor":[80,80,80,80,80,80,80,80,80,80,80,80,80,80,80,80,80,80,80,80,80,80,80,80,80,80,80,80,80,80,80,80,80],"card_choices":[{"not_picked":["Body Slam","Twin Strike"],"picked":"Anger","floor":1},{"not_picked":["Clothesline","Berserk","Thunderclap"],"picked":"SKIP","floor":2},{"not_picked":["Whirlwind","Reckless Charge"],"picked":"Rage","floor":3},{"not_picked":["Shrug It Off","Headbutt"],"picked":"Iron Wave","floor":5},{"not_picked":["Pummel","Twin Strike"],"picked":"Body Slam","floor":6},{"not_picked":["True Grit","Thunderclap"],"picked":"Bludgeon","floor":8},{"not_picked":["Disarm","Pommel Strike"],"picked":"Anger","floor":10},{"not_picked":["Pummel","Clothesline"],"picked":"Fire Breathing","floor":11},{"not_picked":["Warcry","Disarm"],"picked":"Rage","floor":13},{"not_picked":["Clothesline","Armaments"],"picked":"Shrug It Off","floor":14},{"not_picked":["Offering","Bludgeon"],"picked":"Barricade","floor":16},{"not_picked":["Body Slam","True Grit"],"picked":"Ghostly Armor","floor":18},{"not_picked":["Iron Wave","Combust+1"],"picked":"Anger","floor":19},{"not_picked":["Combust","Pommel Strike+1","Reaper"],"picked":"SKIP","floor":21},{"not_picked":["Pommel Strike","Twin Strike","Sword Boomerang"],"picked":"SKIP","floor":24},{"not_picked":["Headbutt","Twin Strike"],"picked":"Anger","floor":29},{"not_picked":["Iron Wave","Pommel Strike"],"picked":"Thunderclap+1","floor":30}],"player_experience":3717,"relics_obtained":[{"floor":6,"key":"Happy Flower"},{"floor":9,"key":"Red Skull"},{"floor":10,"key":"Matryoshka"},{"floor":26,"key":"Pen Nib"},{"floor":26,"key":"PreservedInsect"},{"floor":30,"key":"Lantern"}],"event_choices":[{"cards_removed":["Defend_R"],"damage_healed":0,"gold_gain":0,"player_choice":"Gave Gold","damage_taken":0,"max_hp_gain":0,"max_hp_loss":0,"event_name":"Beggar","floor":22,"gold_loss":75},{"damage_healed":0,"gold_gain":0,"player_choice":"Ignored","damage_taken":0,"max_hp_gain":0,"max_hp_loss":0,"event_name":"Ghosts","floor":28,"gold_loss":0}],"is_beta":false,"boss_relics":[{"not_picked":["Velvet Choker","Busted Crown"],"picked":"Empty Cage"}],"items_purged_floors":[20],"is_endless":false,"potions_floor_spawned":[2,6,8,11,18,24,30],"killed_by":"Champ","ascension_level":0}