{"gold_per_floor":[113,26,26,42,117,117,117,142,142,142,68,68,68,68,68,68],"floor_reached":16,"playtime":764,"items_purged":[],"score":238,"play_id":"29b2fc58-68cf-4375-b636-5f072bd23aa7","local_time":"20190412134633","is_ascension_mode":true,"campfire_choices":[{"data":"Neutralize","floor":6,"key":"SMITH"},{"data":"Footwork","floor":10,"key":"SMITH"},{"data":"Well Laid Plans","floor":13,"key":"SMITH"},{"data":"Dash","floor":15,"key":"SMITH"}],"neow_cost":"NONE","seed_source_timestamp":20160748341900,"circlet_count":0,"master_deck":["AscendersBane","Defend_G","Defend_G+1","Defend_G+1","Defend_G","Strike_G","Strike_G","Strike_G","Strike_G","Survivor","Neutralize+1","Footwork+1","Dash+1","Bullet Time","Well Laid Plans+1"],"relics":["Ring of the Snake","NeowsBlessing","FaceOfCleric","War Paint","Kunai"],"potions_floor_usage":[16],"damage_taken":[{"damage":0,"enemies":"Cultist","floor":1,"turns":1},{"damage":0,"enemies":"Jaw Worm","floor":4,"turns":1},{"damage":0,"enemies":"Gremlin Nob","floor":8,"turns":1},{"damage":50,"enemies":"Slime Boss","floor":16,"turns":15}],"seed_played":"3147250665654859785","potions_obtained":[{"floor":8,"key":"LiquidBronze"}],"is_trial":false,"path_per_floor":["M","$","?","M","?","R","?","E","T","R","$","?","R","?","R","B"],"character_chosen":"THE_SILENT","items_purchased":["Footwork","Well Laid Plans"],"campfire_rested":0,"item_purchase_floors":[2,11],"current_hp_per_floor":[59,59,59,60,49,49,49,50,50,50,50,50,50,50,50,0],"gold":68,"neow_bonus":"THREE_ENEMY_KILL","is_prod":false,"is_daily":false,"chose_seed":false,"campfire_upgraded":4,"win_rate":0,"timestamp":1555091193,"path_taken":["M","?","?","?","?","R","?","E","T","R","?","?","R","?","R","BOSS"],"build_version":"2019-01-23","purchased_purges":0,"victory":false,"max_hp_per_floor":[66,66,66,67,67,67,67,68,68,68,68,68,68,68,68,68],"card_choices":[{"not_picked":["Slice","Bane","Outmaneuver"],"picked":"SKIP","floor":1},{"not_picked":["Acrobatics","Blade Dance"],"picked":"Dash","floor":4},{"not_picked":["Expertise","Blur"],"picked":"Bullet Time","floor":8}],"player_experience":288735,"relics_obtained":[{"floor":8,"key":"War Paint"},{"floor":9,"key":"Kunai"}],"event_choices":[{"damage_healed":0,"gold_gain":0,"player_choice":"Trade","damage_taken":0,"relics_obtained":["FaceOfCleric"],"max_hp_gain":0,"max_hp_loss":0,"event_name":"FaceTrader","floor":3,"gold_loss":0},{"damage_healed":0,"gold_gain":75,"player_choice":"Gather Gold","damage_taken":11,"max_hp_gain":0,"max_hp_loss":0,"event_name":"World of Goop","floor":5,"gold_loss":0},{"damage_healed":0,"gold_gain":0,"player_choice":"Ignored","damage_taken":0,"max_hp_gain":0,"max_hp_loss":0,"event_name":"Liars Game","floor":7,"gold_loss":0},{"cards_removed":["Strike_G"],"damage_healed":0,"gold_gain":0,"player_choice":"Forget","damage_taken":0,"max_hp_gain":0,"max_hp_loss":0,"event_name":"Living Wall","floor":12,"gold_loss":0},{"cards_removed":["Defend_G"],"damage_healed":0,"gold_gain":0,"player_choice":"Offered Basic","damage_taken":0,"max_hp_gain":0,"max_hp_loss":0,"event_name":"Bonfire Elementals","floor":14,"gold_loss":0}],"is_beta":false,"boss_relics":[],"items_purged_floors":[],"is_endless":false,"potions_floor_spawned":[8],"killed_by":"Slime Boss","ascension_level":20}