{"gold_per_floor":[111,42,62,62,62,92,102,135,135,185,154,154,187,198,198,296,296,313,313,59,59,72,72,72,11,79,79],"floor_reached":27,"playtime":1377,"items_purged":["Regret"],"score":318,"play_id":"2d2deb88-1729-4153-87ef-09ca7fc5f550","local_time":"20190404010141","is_ascension_mode":true,"campfire_choices":[{"floor":12.0,"key":"REST"},{"floor":15.0,"key":"REST"},{"floor":23.0,"key":"REST"}],"neow_cost":"NONE","seed_source_timestamp":19597481437942,"circlet_count":0,"master_deck":["Strike_B","Strike_B","Defend_B","Defend_B","Defend_B","Defend_B","Zap","Dualcast","Cold Snap","Sunder","Sunder","Tempest","Creative AI","Go for the Eyes","Hologram","Seek","Amplify","Melter+1","Seek"],"special_seed":0,"relics":["Velvet Choker","Potion Belt","Emotion Chip","Blood Vial","The Courier","Matryoshka","Philosopher\u0027s Stone","Blue Candle","Dream Catcher","Oddly Smooth Stone","Ornamental Fan"],"potions_floor_usage":[27],"damage_taken":[{"damage":1.0,"enemies":"Cultist","floor":1.0,"turns":4.0},{"damage":1.0,"enemies":"Small Slimes","floor":3.0,"turns":2.0},{"damage":27.0,"enemies":"3 Sentries","floor":6.0,"turns":7.0},{"damage":3.0,"enemies":"Jaw Worm","floor":7.0,"turns":3.0},{"damage":35.0,"enemies":"Lagavulin","floor":8.0,"turns":6.0},{"damage":16.0,"enemies":"3 Sentries","floor":13.0,"turns":6.0},{"damage":5.0,"enemies":"Exordium Wildlife","floor":14.0,"turns":6.0},{"damage":27.0,"enemies":"The Guardian","floor":16.0,"turns":12.0},{"damage":18.0,"enemies":"3 Byrds","floor":18.0,"turns":4.0},{"damage":35.0,"enemies":"Shell Parasite","floor":22.0,"turns":6.0},{"damage":29,"enemies":"Chosen and Byrds","floor":27,"turns":4}],"seed_played":"-4800666765412543152","potions_obtained":[{"floor":8.0,"key":"PowerPotion"},{"floor":13.0,"key":"GamblersBrew"},{"floor":16.0,"key":"Fire Potion"},{"floor":22.0,"key":"Ancient Potion"}],"is_trial":false,"path_per_floor":["M","$","M","$","?","E","M","E","T","?","?","R","E","M","R","B",null,"M","?","$","?","M","R","?","$","T","M"],"character_chosen":"DEFECT","items_purchased":["Sunder","Blue Candle","Seek"],"campfire_rested":3,"item_purchase_floors":[2,20,25],"current_hp_per_floor":[67,67,66,66,66,39,36,1,1,1,1,23,9,6,28,3,57,41,41,41,34,1,23,23,23,23,0],"gold":79,"neow_bonus":"BOSS_RELIC","is_prod":false,"is_daily":false,"chose_seed":false,"campfire_upgraded":0,"win_rate":0,"timestamp":1554307301,"path_taken":["M","$","M","$","?","E","M","E","T","?","?","R","E","M","R","BOSS","M","?","$","?","?","R","?","?","T","M"],"build_version":"2019-01-23","purchased_purges":1,"victory":false,"max_hp_per_floor":[75,75,75,75,75,75,75,75,75,75,75,75,75,75,75,75,75,75,75,75,75,75,75,75,75,75,75],"card_choices":[{"not_picked":["Go for the Eyes","Rebound"],"picked":"Cold Snap","floor":1.0},{"not_picked":["Go for the Eyes","Barrage"],"picked":"Sunder","floor":3.0},{"not_picked":["Double Energy","Sweeping Beam"],"picked":"Tempest","floor":6.0},{"not_picked":["Chaos","Beam Cell"],"picked":"Creative AI","floor":7.0},{"not_picked":["Gash","Sweeping Beam","Rebound"],"picked":"SKIP","floor":8.0},{"not_picked":["Coolheaded","Heatsinks"],"picked":"Go for the Eyes","floor":13.0},{"not_picked":["Aggregate","Steam"],"picked":"Hologram","floor":14.0},{"not_picked":["Core Surge","Buffer"],"picked":"Seek","floor":16.0},{"not_picked":["Sweeping Beam","Go for the Eyes+1","Steam+1"],"picked":"SKIP","floor":18.0},{"not_picked":["Glacier","Streamline"],"picked":"Melter+1","floor":22.0}],"player_experience":677502,"relics_obtained":[{"floor":6.0,"key":"Emotion Chip"},{"floor":8.0,"key":"Blood Vial"},{"floor":9.0,"key":"The Courier"},{"floor":13.0,"key":"Matryoshka"},{"floor":26.0,"key":"Oddly Smooth Stone"},{"floor":26.0,"key":"Ornamental Fan"}],"event_choices":[{"damage_healed":0.0,"max_hp_gain":0.0,"max_hp_loss":0.0,"gold_gain":0.0,"event_name":"Big Fish","player_choice":"Box","floor":5.0,"gold_loss":0.0,"damage_taken":0.0,"relics_obtained":["Potion Belt"],"cards_obtained":["Regret"]},{"damage_healed":0.0,"max_hp_gain":0.0,"max_hp_loss":0.0,"gold_gain":50.0,"event_name":"Golden Wing","player_choice":"Gained Gold","floor":10.0,"gold_loss":0.0,"damage_taken":0.0},{"damage_healed":0.0,"max_hp_gain":0.0,"max_hp_loss":0.0,"gold_gain":0.0,"event_name":"World of Goop","player_choice":"Left Gold","floor":11.0,"gold_loss":31.0,"damage_taken":0.0},{"damage_healed":0.0,"max_hp_gain":0.0,"max_hp_loss":0.0,"gold_gain":0.0,"cards_transformed":["Strike_B","Strike_B"],"event_name":"Drug Dealer","player_choice":"Became Test Subject","floor":19.0,"gold_loss":0.0,"damage_taken":0.0,"cards_obtained":["Amplify","Streamline"]},{"damage_healed":0.0,"max_hp_gain":0.0,"max_hp_loss":0.0,"gold_gain":0.0,"event_name":"Wheel of Change","player_choice":"Damaged","floor":21.0,"gold_loss":0.0,"damage_taken":7.0},{"cards_removed":["Streamline"],"damage_healed":0.0,"max_hp_gain":0.0,"max_hp_loss":0.0,"gold_gain":0.0,"event_name":"WeMeetAgain","player_choice":"Gave Card","floor":24.0,"gold_loss":0.0,"damage_taken":0.0,"relics_obtained":["Dream Catcher"]}],"is_beta":false,"boss_relics":[{"not_picked":["Eternal Feather","Tiny House"],"picked":"Philosopher\u0027s Stone"}],"items_purged_floors":[20],"is_endless":false,"potions_floor_spawned":[8,13,16,22],"killed_by":"Chosen and Byrds","ascension_level":8}