{"gold_per_floor":[109,109,19,19,37,65,65,75,99,115,115,130,145,162,162,239,239,250,266,266,21,32,32],"floor_reached":23,"playtime":1320,"items_purged":[],"score":396,"play_id":"f660b75f-0b73-411b-8b64-8c934fc6d626","local_time":"20190320153247","is_ascension_mode":true,"campfire_choices":[{"data":"Corruption","floor":7.0,"key":"SMITH"},{"data":"Entrench","floor":11.0,"key":"SMITH"},{"data":"Rampage","floor":15.0,"key":"SMITH"}],"neow_cost":"NONE","seed_source_timestamp":446369317523812,"circlet_count":0,"master_deck":["AscendersBane","Bash","Uppercut+1","Reaper","Corruption+1","Shrug It Off","Entrench+1","Rampage+1","Shrug It Off","Wild Strike","Inflame","Reaper","Uppercut","Pummel","Immolate","Infernal Blade","Armaments","Rampage","Dark Embrace","Bloodletting","Body Slam","Second Wind","Entrench"],"special_seed":0,"relics":["Burning Blood","NeowsBlessing","Whetstone","Vajra","Pandora\u0027s Box","Enchiridion","Juzu Bracelet"],"potions_floor_usage":[22,22,23],"damage_taken":[{"damage":0.0,"enemies":"Small Slimes","floor":1.0,"turns":1.0},{"damage":0.0,"enemies":"Jaw Worm","floor":5.0,"turns":1.0},{"damage":0.0,"enemies":"3 Sentries","floor":6.0,"turns":1.0},{"damage":0.0,"enemies":"Cultist","floor":8.0,"turns":3.0},{"damage":17.0,"enemies":"2 Fungi Beasts","floor":10.0,"turns":3.0},{"damage":10.0,"enemies":"Blue Slaver","floor":12.0,"turns":5.0},{"damage":8.0,"enemies":"Looter","floor":13.0,"turns":2.0},{"damage":11.0,"enemies":"Exordium Thugs","floor":14.0,"turns":2.0},{"damage":36.0,"enemies":"Hexaghost","floor":16.0,"turns":9.0},{"damage":16.0,"enemies":"Chosen","floor":18.0,"turns":5.0},{"damage":37.0,"enemies":"Shell Parasite","floor":19.0,"turns":6.0},{"damage":2,"enemies":"Chosen and Byrds","floor":22,"turns":5},{"damage":69,"enemies":"Slavers","floor":23,"turns":4}],"seed_played":"-7746806651964513087","potions_obtained":[{"floor":6.0,"key":"AttackPotion"},{"floor":8.0,"key":"FearPotion"},{"floor":10.0,"key":"Regen Potion"},{"floor":16.0,"key":"PowerPotion"},{"floor":18.0,"key":"SteroidPotion"},{"floor":22,"key":"Regen Potion"}],"is_trial":false,"path_per_floor":["M","?","$","$","M","E","R","M","T","M","R","M","M","M","R","B",null,"M","M","?","$","M","E"],"character_chosen":"IRONCLAD","items_purchased":["Reaper","Juzu Bracelet","Second Wind"],"campfire_rested":0,"item_purchase_floors":[3,21,21],"current_hp_per_floor":[74,67,67,67,73,75,75,75,75,64,64,60,58,53,53,48,68,58,27,6,6,30,0],"gold":32,"neow_bonus":"THREE_ENEMY_KILL","is_prod":false,"is_daily":false,"chose_seed":false,"campfire_upgraded":3,"win_rate":0,"timestamp":1553063567,"path_taken":["M","?","?","$","M","E","R","M","T","M","R","M","?","M","R","BOSS","M","M","?","$","M","E"],"build_version":"2019-01-23","purchased_purges":0,"victory":false,"max_hp_per_floor":[75,75,75,75,75,75,75,75,75,75,75,75,75,75,75,75,75,75,75,75,75,75,75],"card_choices":[{"not_picked":["Havoc","True Grit"],"picked":"Uppercut","floor":1.0},{"not_picked":["Blood for Blood","Clothesline"],"picked":"Corruption","floor":5.0},{"not_picked":["Burning Pact","Spot Weakness"],"picked":"Shrug It Off","floor":6.0},{"not_picked":["Body Slam","Carnage"],"picked":"Entrench","floor":8.0},{"not_picked":["Warcry","Corruption"],"picked":"Rampage","floor":10.0},{"not_picked":["Twin Strike","Berserk"],"picked":"Shrug It Off","floor":12.0},{"not_picked":["Clash","Uppercut"],"picked":"Wild Strike","floor":13.0},{"not_picked":["Clothesline","Iron Wave"],"picked":"Inflame","floor":14.0},{"not_picked":["Bludgeon","Berserk"],"picked":"Reaper","floor":16.0},{"not_picked":["Armaments","Inflame"],"picked":"Body Slam","floor":18.0},{"not_picked":["Searing Blow","Perfected Strike","Flex"],"picked":"SKIP","floor":19.0},{"not_picked":["Clothesline","Reaper"],"picked":"Entrench","floor":22}],"player_experience":459051,"relics_obtained":[{"floor":6.0,"key":"Whetstone"},{"floor":9.0,"key":"Vajra"},{"floor":20.0,"key":"Enchiridion"}],"event_choices":[{"cards_removed":["Strike_R"],"damage_healed":0.0,"max_hp_gain":0.0,"max_hp_loss":0.0,"gold_gain":0.0,"event_name":"Golden Wing","player_choice":"Card Removal","floor":2.0,"gold_loss":0.0,"damage_taken":7.0},{"damage_healed":0.0,"max_hp_gain":0.0,"max_hp_loss":0.0,"gold_gain":0.0,"event_name":"Cursed Tome","player_choice":"Obtained Book","floor":20.0,"gold_loss":0.0,"damage_taken":21.0}],"is_beta":false,"boss_relics":[{"not_picked":["Runic Cube","Astrolabe"],"picked":"Pandora\u0027s Box"}],"items_purged_floors":[],"is_endless":false,"potions_floor_spawned":[6,8,10,16,18,22],"killed_by":"Slavers","ascension_level":16}