{"gold_per_floor":[110,110,32,32,207,232,232,565,588,663,96,96,127,144,144,244,244,261,277,292,292,312,337,354,2,2,33,47,73,73,98,98,195,195,212,1211,1226,1226,1236,1264,1264,1274,1274,770,785,443,475,490,490,490],"floor_reached":51,"playtime":4382,"items_purged":["Doubt","Normality","Normality"],"score":1339,"play_id":"1a913ed3-bb42-4906-9fcc-465d2bb4c936","local_time":"20190405173118","is_ascension_mode":true,"campfire_choices":[{"data":"Dualcast","floor":7.0,"key":"SMITH"},{"data":"Steam","floor":12.0,"key":"SMITH"},{"data":"Self Repair","floor":15.0,"key":"SMITH"},{"data":"Seek","floor":30.0,"key":"SMITH"},{"data":"Hologram","floor":32.0,"key":"SMITH"},{"data":"Capacitor","floor":41,"key":"SMITH"},{"data":"Apotheosis","floor":49,"key":"SMITH"}],"neow_cost":"NONE","seed_source_timestamp":10863294515960,"circlet_count":0,"master_deck":["Strike_B+1","Strike_B","Strike_B","Defend_B","Defend_B","Zap+1","Dualcast+1","Self Repair+1","Capacitor+1","Doom and Gloom","Cold Snap","Heatsinks","Steam+1","Compile Driver","Hologram+1","Barrage","Biased Cognition","Cold Snap","Hello World","Ball Lightning+1","Barrage+1","Steam","Biased Cognition","Seek+1","Biased Cognition","Coolheaded+1","Ball Lightning+1","Echo Form+1","Barrage+1","Redo+1","Cold Snap","Glacier","Apotheosis+1","Enlightenment","Force Field","White Noise"],"special_seed":0,"relics":["FrozenCore","NeowsBlessing","Shuriken","Old Coin","Ancient Tea Set","OrangePellets","Bag of Preparation","Lantern","Shovel","DollysMirror","Bottled Tornado","Strawberry","Ice Cream","Cables","Empty Cage","Centennial Puzzle","Happy Flower","Art of War","Oddly Smooth Stone"],"potions_floor_usage":[],"damage_taken":[{"damage":0.0,"enemies":"2 Louse","floor":1.0,"turns":1.0},{"damage":0.0,"enemies":"Lagavulin","floor":6.0,"turns":1.0},{"damage":0.0,"enemies":"Gremlin Nob","floor":8.0,"turns":1.0},{"damage":8.0,"enemies":"Lagavulin","floor":13.0,"turns":6.0},{"damage":5.0,"enemies":"Small Slimes","floor":14.0,"turns":4.0},{"damage":20.0,"enemies":"Slime Boss","floor":16.0,"turns":7.0},{"damage":0.0,"enemies":"Chosen","floor":18.0,"turns":5.0},{"damage":2.0,"enemies":"Spheric Guardian","floor":19.0,"turns":5.0},{"damage":19.0,"enemies":"Centurion and Healer","floor":20.0,"turns":7.0},{"damage":1.0,"enemies":"Snecko","floor":22.0,"turns":5.0},{"damage":11.0,"enemies":"Book of Stabbing","floor":23.0,"turns":5.0},{"damage":0.0,"enemies":"Cultist and Chosen","floor":24.0,"turns":7.0},{"damage":9.0,"enemies":"Slavers","floor":27.0,"turns":6.0},{"damage":3.0,"enemies":"3 Cultists","floor":28.0,"turns":5.0},{"damage":0.0,"enemies":"Gremlin Leader","floor":29.0,"turns":5.0},{"damage":11.0,"enemies":"Slavers","floor":31.0,"turns":4.0},{"damage":3.0,"enemies":"Champ","floor":33.0,"turns":8.0},{"damage":0.0,"enemies":"Orb Walker","floor":35.0,"turns":4.0},{"damage":3.0,"enemies":"3 Shapes","floor":37.0,"turns":5.0},{"damage":0.0,"enemies":"Spire Growth","floor":39.0,"turns":5.0},{"damage":0.0,"enemies":"Giant Head","floor":40.0,"turns":8.0},{"damage":16,"enemies":"4 Shapes","floor":42,"turns":5},{"damage":0,"enemies":"Transient","floor":45,"turns":5},{"damage":0,"enemies":"Nemesis","floor":47,"turns":7},{"damage":0,"enemies":"Sphere and 2 Shapes","floor":48,"turns":8},{"damage":11,"enemies":"Awakened One","floor":50,"turns":11}],"seed_played":"-1054508014463097854","potions_obtained":[{"floor":6.0,"key":"LiquidBronze"},{"floor":13.0,"key":"Explosive Potion"},{"floor":14.0,"key":"SkillPotion"},{"floor":16.0,"key":"Weak Potion"},{"floor":22.0,"key":"Explosive Potion"},{"floor":23.0,"key":"Dexterity Potion"},{"floor":35.0,"key":"Energy Potion"},{"floor":39.0,"key":"Ancient Potion"}],"is_trial":false,"path_per_floor":["M","?","$","?","?","E","R","E","T","?","$","R","E","M","R","B",null,"M","M","M","?","M","E","M","$","T","E","M","E","R","E","R","B",null,"M","?","M","?","M","E","R","M","T","$","M","$","E","M","R","B",null],"character_chosen":"DEFECT","items_purchased":["Capacitor","Heatsinks","OrangePellets","Bag of Preparation","Steam","Compile Driver","DollysMirror","Seek","Happy Flower","Apotheosis","Enlightenment","Art of War","Force Field"],"campfire_rested":0,"item_purchase_floors":[3,11,11,11,11,11,25,25,44,44,44,46,46],"current_hp_per_floor":[68,61,61,46,46,46,46,53,53,42,42,42,41,43,43,33,65,75,75,66,75,75,74,75,75,75,82,82,82,82,81,81,82,82,82,82,82,82,82,82,82,76,76,76,82,82,82,82,82,81],"gold":490,"neow_bonus":"THREE_ENEMY_KILL","is_prod":false,"is_daily":false,"chose_seed":false,"campfire_upgraded":7,"win_rate":0,"timestamp":1554478278,"path_taken":["M","?","$","?","?","E","R","E","T","?","$","R","E","M","R","BOSS","M","M","M","?","?","E","M","$","T","E","M","E","R","E","R","BOSS","M","?","M","?","M","E","R","M","T","$","?","$","E","M","R","BOSS"],"build_version":"2019-01-23","purchased_purges":3,"victory":true,"max_hp_per_floor":[75,75,75,75,75,75,75,75,75,75,75,75,75,75,75,75,75,75,75,75,75,75,75,75,75,75,82,82,82,82,82,82,82,82,82,82,82,82,82,82,82,82,82,82,82,82,82,82,82,82],"card_choices":[{"not_picked":["Leap","Barrage"],"picked":"Self Repair","floor":1.0},{"not_picked":["Reboot","Darkness"],"picked":"Doom and Gloom","floor":6.0},{"not_picked":["Force Field","Darkness"],"picked":"Cold Snap","floor":8.0},{"not_picked":["Multi-Cast","Recycle"],"picked":"Hologram","floor":13.0},{"not_picked":["Genetic Algorithm","Hologram"],"picked":"Barrage","floor":14.0},{"not_picked":["Multi-Cast","Amplify"],"picked":"Biased Cognition","floor":16.0},{"not_picked":["Chaos","Melter"],"picked":"Cold Snap","floor":18.0},{"not_picked":["Cold Snap","Genetic Algorithm","BootSequence"],"picked":"SKIP","floor":19.0},{"not_picked":["Go for the Eyes","Melter+1"],"picked":"Hello World","floor":20.0},{"not_picked":["Reprogram","Barrage"],"picked":"Ball Lightning+1","floor":22.0},{"not_picked":["Undo","Stack"],"picked":"Barrage+1","floor":23.0},{"not_picked":["Ball Lightning","Compile Driver"],"picked":"Steam","floor":24.0},{"not_picked":["Undo","Beam Cell"],"picked":"Biased Cognition","floor":27.0},{"not_picked":["Go for the Eyes","Turbo+1","Cold Snap"],"picked":"SKIP","floor":28.0},{"not_picked":["Leap","Hologram+1"],"picked":"Coolheaded+1","floor":29.0},{"not_picked":["Meteor Strike","Chill"],"picked":"Ball Lightning+1","floor":31.0},{"not_picked":["Multi-Cast","All For One"],"picked":"Echo Form","floor":33.0},{"not_picked":["Gash+1","Static Discharge"],"picked":"Barrage+1","floor":35.0},{"not_picked":["Melter+1","Static Discharge+1"],"picked":"Redo+1","floor":37.0},{"not_picked":["Heatsinks+1","Hologram+1"],"picked":"Cold Snap","floor":39.0},{"not_picked":["Consume+1","Go for the Eyes+1","Hyperbeam"],"picked":"SKIP","floor":40.0},{"not_picked":["Tempest","Reprogram"],"picked":"Glacier","floor":42},{"not_picked":["Barrage","Steam","Sweeping Beam+1"],"picked":"SKIP","floor":45},{"not_picked":["Undo+1","Barrage+1","Stack"],"picked":"SKIP","floor":47},{"not_picked":["Cold Snap","Streamline"],"picked":"White Noise","floor":48}],"player_experience":220416,"relics_obtained":[{"floor":6.0,"key":"Shuriken"},{"floor":8.0,"key":"Old Coin"},{"floor":9.0,"key":"Ancient Tea Set"},{"floor":13.0,"key":"Lantern"},{"floor":23.0,"key":"Shovel"},{"floor":26.0,"key":"Bottled Tornado"},{"floor":27.0,"key":"Strawberry"},{"floor":29.0,"key":"Ice Cream"},{"floor":31.0,"key":"Cables"},{"floor":40.0,"key":"Centennial Puzzle"},{"floor":47,"key":"Oddly Smooth Stone"}],"event_choices":[{"cards_removed":["Strike_B"],"damage_healed":0.0,"max_hp_gain":0.0,"max_hp_loss":0.0,"gold_gain":0.0,"event_name":"Golden Wing","player_choice":"Card Removal","floor":2.0,"gold_loss":0.0,"damage_taken":7.0},{"damage_healed":0.0,"max_hp_gain":0.0,"max_hp_loss":0.0,"gold_gain":0.0,"event_name":"Shining Light","player_choice":"Entered Light","floor":4.0,"gold_loss":0.0,"damage_taken":15.0,"cards_upgraded":["Strike_B","Zap"]},{"damage_healed":0.0,"max_hp_gain":0.0,"max_hp_loss":0.0,"gold_gain":175.0,"event_name":"Liars Game","player_choice":"AGREE","floor":5.0,"gold_loss":0.0,"damage_taken":0.0,"cards_obtained":["Doubt"]},{"damage_healed":0.0,"max_hp_gain":0.0,"max_hp_loss":0.0,"gold_gain":75.0,"event_name":"World of Goop","player_choice":"Gather Gold","floor":10.0,"gold_loss":0.0,"damage_taken":11.0},{"damage_healed":9.0,"max_hp_gain":0.0,"max_hp_loss":0.0,"gold_gain":0.0,"event_name":"Wheel of Change","player_choice":"Full Heal","floor":21.0,"gold_loss":0.0,"damage_taken":0.0},{"damage_healed":0.0,"max_hp_gain":0.0,"max_hp_loss":0.0,"gold_gain":999.0,"event_name":"MindBloom","player_choice":"Gold","floor":36.0,"gold_loss":0.0,"damage_taken":0.0,"cards_obtained":["Normality","Normality"]},{"damage_healed":0.0,"max_hp_gain":0.0,"max_hp_loss":0.0,"gold_gain":0.0,"event_name":"Upgrade Shrine","player_choice":"Upgraded","floor":38.0,"gold_loss":0.0,"damage_taken":0.0,"cards_upgraded":["Echo Form"]}],"is_beta":false,"boss_relics":[{"not_picked":["Runic Pyramid","Busted Crown"],"picked":"FrozenCore"},{"not_picked":["Eternal Feather","Pandora\u0027s Box"],"picked":"Empty Cage"}],"items_purged_floors":[11,44,46],"is_endless":false,"potions_floor_spawned":[6,13,14,16,20,22,23,28,31,35,39,45,47],"ascension_level":8}