{"gold_per_floor":[116,134,134,134,145,145,156,156,181,181,211,10,39,53,53,53],"floor_reached":16,"playtime":962,"items_purged":["Strike_B"],"score":187,"play_id":"3242e6da-c0e8-4d8b-961c-ac35ba440c9a","local_time":"20190414211901","is_ascension_mode":true,"campfire_choices":[{"data":"Coolheaded","floor":6.0,"key":"SMITH"},{"data":"Zap","floor":8.0,"key":"SMITH"},{"data":"Leap","floor":10.0,"key":"SMITH"},{"data":"Coolheaded","floor":15,"key":"SMITH"}],"neow_cost":"NONE","seed_source_timestamp":260421969536837,"circlet_count":0,"master_deck":["AscendersBane","Strike_B","Strike_B","Strike_B","Defend_B","Defend_B","Defend_B","Defend_B","Zap+1","Dualcast","Coolheaded+1","Glacier","Leap+1","Coolheaded+1"],"special_seed":0,"relics":["Cracked Core","NeowsBlessing","Smiling Mask","PreservedInsect","Bronze Scales","Bag of Preparation","Mercury Hourglass"],"potions_floor_usage":[],"damage_taken":[{"damage":0.0,"enemies":"Cultist","floor":1.0,"turns":1.0},{"damage":0.0,"enemies":"Jaw Worm","floor":2.0,"turns":1.0},{"damage":0.0,"enemies":"2 Louse","floor":5.0,"turns":1.0},{"damage":6.0,"enemies":"Exordium Wildlife","floor":7.0,"turns":8.0},{"damage":8.0,"enemies":"3 Sentries","floor":11.0,"turns":8.0},{"damage":7.0,"enemies":"Lagavulin","floor":13.0,"turns":7.0},{"damage":0.0,"enemies":"Looter","floor":14.0,"turns":3.0},{"damage":41,"enemies":"Hexaghost","floor":16,"turns":16}],"seed_played":"6642978423892543598","potions_obtained":[{"floor":5.0,"key":"SkillPotion"},{"floor":7.0,"key":"Dexterity Potion"}],"is_trial":false,"path_per_floor":["M","M","?","?","M","R","M","R","T","R","E","$","E","M","R","B"],"character_chosen":"DEFECT","items_purchased":["Bag of Preparation"],"campfire_rested":0,"item_purchase_floors":[12],"current_hp_per_floor":[64,64,57,57,57,57,51,51,51,51,43,43,36,36,36,0],"gold":53,"neow_bonus":"THREE_ENEMY_KILL","is_prod":false,"is_daily":false,"chose_seed":false,"campfire_upgraded":4,"win_rate":0,"timestamp":1555244341,"path_taken":["M","?","?","?","M","R","M","R","T","R","E","?","E","?","R","BOSS"],"build_version":"2019-01-23","purchased_purges":1,"victory":false,"max_hp_per_floor":[71,71,71,71,71,71,71,71,71,71,71,71,71,71,71,71],"card_choices":[{"not_picked":["Gash","Rebound","Barrage"],"picked":"SKIP","floor":1.0},{"not_picked":["Cold Snap","Barrage"],"picked":"Coolheaded","floor":2.0},{"not_picked":["Gash","Hologram"],"picked":"Glacier","floor":5.0},{"not_picked":["Compile Driver","Rainbow"],"picked":"Leap","floor":7.0},{"not_picked":["Rebound","Redo"],"picked":"Coolheaded","floor":11.0},{"not_picked":["Rip and Tear","Barrage","Auto Shields"],"picked":"SKIP","floor":13.0},{"not_picked":["Beam Cell","Compile Driver","Streamline"],"picked":"SKIP","floor":14.0}],"player_experience":572626,"relics_obtained":[{"floor":9.0,"key":"PreservedInsect"},{"floor":11.0,"key":"Bronze Scales"},{"floor":13.0,"key":"Mercury Hourglass"}],"event_choices":[{"damage_healed":0.0,"max_hp_gain":0.0,"max_hp_loss":0.0,"gold_gain":0.0,"event_name":"Scrap Ooze","player_choice":"Success","floor":3.0,"gold_loss":0.0,"damage_taken":7.0,"relics_obtained":["Smiling Mask"]},{"damage_healed":0.0,"max_hp_gain":0.0,"max_hp_loss":0.0,"gold_gain":0.0,"event_name":"Liars Game","player_choice":"Ignored","floor":4.0,"gold_loss":0.0,"damage_taken":0.0}],"is_beta":false,"boss_relics":[],"items_purged_floors":[12],"is_endless":false,"potions_floor_spawned":[5,7],"killed_by":"Hexaghost","ascension_level":14}