{"gold_per_floor":[369,369,115,134,152,186,206,220,247,247,261,261,15,30,30,30],"floor_reached":16,"playtime":1737,"items_purged":["Strike_B"],"score":177,"play_id":"f7fd9597-005f-4d45-b8dd-e326abdeac5a","local_time":"20190413220440","is_ascension_mode":true,"campfire_choices":[{"data":"Blizzard","floor":12,"key":"SMITH"},{"data":"Coolheaded","floor":15,"key":"SMITH"}],"neow_cost":"PERCENT_DAMAGE","seed_source_timestamp":175802591144075,"circlet_count":0,"master_deck":["AscendersBane","Strike_B","Strike_B","Defend_B","Defend_B","Defend_B","Defend_B","Zap","Dualcast","Glacier","Genetic Algorithm","Self Repair","Impatience","Coolheaded+1","Doom and Gloom","Blizzard+1","Electrodynamics","Capacitor","Decay","Self Repair"],"special_seed":0,"relics":["Cracked Core","Lantern","Potion Belt","OrangePellets"],"potions_floor_usage":[],"damage_taken":[{"damage":12.0,"enemies":"Jaw Worm","floor":1.0,"turns":3.0},{"damage":11.0,"enemies":"Small Slimes","floor":4.0,"turns":5.0},{"damage":1,"enemies":"Cultist","floor":5,"turns":5},{"damage":9,"enemies":"3 Sentries","floor":6,"turns":10},{"damage":0,"enemies":"Looter","floor":7,"turns":4},{"damage":0,"enemies":"2 Fungi Beasts","floor":8,"turns":2},{"damage":0,"enemies":"Large Slime","floor":11,"turns":5},{"damage":15,"enemies":"Exordium Thugs","floor":14,"turns":7},{"damage":57,"enemies":"The Guardian","floor":16,"turns":9}],"seed_played":"491078646046025499","potions_obtained":[{"floor":1.0,"key":"Energy Potion"},{"floor":8,"key":"Swift Potion"},{"floor":11,"key":"Weak Potion"}],"is_trial":false,"path_per_floor":["M","?","$","M","M","E","M","M","T","?","M","R","$","M","R","B"],"character_chosen":"DEFECT","items_purchased":["Self Repair","Impatience","OrangePellets","Self Repair"],"campfire_rested":0,"item_purchase_floors":[3,3,13,13],"current_hp_per_floor":[34,34,34,30,36,34,41,48,48,48,55,55,55,54,54,0],"gold":30,"neow_bonus":"TWO_FIFTY_GOLD","is_prod":false,"is_daily":false,"chose_seed":false,"campfire_upgraded":2,"win_rate":0,"timestamp":1555160680,"path_taken":["M","?","$","M","M","E","M","M","T","?","M","R","$","?","R","BOSS"],"build_version":"2019-01-23","purchased_purges":1,"victory":false,"max_hp_per_floor":[71,71,71,71,71,71,71,71,71,71,71,71,71,71,71,71],"card_choices":[{"not_picked":["Double Energy","Compile Driver"],"picked":"Glacier","floor":1.0},{"not_picked":["Steam","Aggregate"],"picked":"Coolheaded","floor":4.0},{"not_picked":["Leap","Redo"],"picked":"Doom and Gloom","floor":5},{"not_picked":["Leap","Static Discharge"],"picked":"Blizzard","floor":6},{"not_picked":["Beam Cell","Sunder"],"picked":"Electrodynamics","floor":7},{"not_picked":["Streamline","Go for the Eyes"],"picked":"Capacitor","floor":8},{"not_picked":["Hologram","Rebound","Go for the Eyes"],"picked":"SKIP","floor":11},{"not_picked":["Compile Driver","Steam Power","Auto Shields"],"picked":"SKIP","floor":14}],"player_experience":568564,"relics_obtained":[{"floor":6,"key":"Lantern"},{"floor":9,"key":"Potion Belt"}],"event_choices":[{"damage_healed":0.0,"max_hp_gain":0.0,"max_hp_loss":0.0,"gold_gain":0.0,"cards_transformed":["Strike_B"],"event_name":"Living Wall","player_choice":"Change","floor":2.0,"gold_loss":0.0,"damage_taken":0.0,"cards_obtained":["Genetic Algorithm"]},{"damage_healed":0,"gold_gain":0,"player_choice":"Cursed","damage_taken":0,"max_hp_gain":0,"max_hp_loss":0,"event_name":"Wheel of Change","floor":10,"gold_loss":0,"cards_obtained":["Decay"]}],"is_beta":false,"boss_relics":[],"items_purged_floors":[3],"is_endless":false,"potions_floor_spawned":[1,8,11],"killed_by":"The Guardian","ascension_level":14}