{"gold_per_floor":[110,11,30,43,63,63,77,77,104,104,115,130,130,150,150,150],"floor_reached":16,"playtime":608,"items_purged":[],"score":241,"play_id":"0b82167c-ca4e-4ad4-88ba-01a9efd9c022","local_time":"20190412215029","is_ascension_mode":true,"campfire_choices":[{"data":"Recycle","floor":6,"key":"SMITH"},{"floor":8,"key":"REST"},{"data":"Fusion","floor":10,"key":"SMITH"},{"floor":13,"key":"REST"},{"data":"Blizzard","floor":15,"key":"SMITH"}],"neow_cost":"NONE","seed_source_timestamp":0,"circlet_count":0,"master_deck":["AscendersBane","Strike_B","Strike_B","Strike_B","Strike_B","Defend_B","Defend_B","Defend_B","Defend_B","Zap","Dualcast","Fusion+1","Ball Lightning","Cold Snap","Recycle+1","Leap","Blizzard+1","Fission"],"special_seed":0,"relics":["Inserter","Pen Nib"],"potions_floor_usage":[4],"damage_taken":[{"damage":1,"enemies":"Cultist","floor":1,"turns":4},{"damage":0,"enemies":"Small Slimes","floor":3,"turns":3},{"damage":11,"enemies":"Jaw Worm","floor":4,"turns":4},{"damage":18,"enemies":"Exordium Thugs","floor":5,"turns":5},{"damage":16,"enemies":"Blue Slaver","floor":7,"turns":4},{"damage":9,"enemies":"Looter","floor":11,"turns":4},{"damage":25,"enemies":"3 Louse","floor":12,"turns":4},{"damage":19,"enemies":"Lots of Slimes","floor":14,"turns":4},{"damage":0,"enemies":"Hexaghost","floor":16,"turns":1}],"seed_played":"-6539200580433503526","potions_obtained":[{"floor":1,"key":"SkillPotion"},{"floor":7,"key":"FocusPotion"},{"floor":14,"key":"EssenceOfSteel"}],"is_trial":false,"path_per_floor":["M","$","M","M","M","R","M","R","T","R","M","M","R","M","R","B"],"character_chosen":"DEFECT","items_purchased":["Ball Lightning","Cold Snap"],"campfire_rested":2,"item_purchase_floors":[2,2],"current_hp_per_floor":[67,67,67,56,38,38,22,44,44,44,35,10,32,13,13,13],"gold":150,"neow_bonus":"BOSS_RELIC","is_prod":false,"is_daily":false,"chose_seed":false,"campfire_upgraded":3,"win_rate":0,"timestamp":1555073429,"path_taken":["M","$","M","M","M","R","?","R","T","R","M","M","R","M","R","BOSS"],"build_version":"2019-01-23","purchased_purges":0,"victory":false,"max_hp_per_floor":[75,75,75,75,75,75,75,75,75,75,75,75,75,75,75,75],"card_choices":[{"not_picked":["Doom and Gloom","Redo"],"picked":"Fusion","floor":1},{"not_picked":["Steam","Ball Lightning"],"picked":"Recycle","floor":3},{"not_picked":["Rebound","Sweeping Beam","Go for the Eyes"],"picked":"SKIP","floor":4},{"not_picked":["Rebound","Sweeping Beam"],"picked":"Leap","floor":5},{"not_picked":["Redo","Sweeping Beam"],"picked":"Blizzard","floor":7},{"not_picked":["Double Energy","Hologram"],"picked":"Fission","floor":11},{"not_picked":["Melter","Beam Cell","Go for the Eyes"],"picked":"SKIP","floor":12},{"not_picked":["Go for the Eyes","Redo","Rebound"],"picked":"SKIP","floor":14}],"player_experience":559166,"relics_obtained":[{"floor":9,"key":"Pen Nib"}],"event_choices":[],"is_beta":false,"boss_relics":[],"items_purged_floors":[],"is_endless":false,"potions_floor_spawned":[1,7,14],"killed_by":"Hexaghost","ascension_level":13}