{"gold_per_floor":[11,23,33,44,63,94,94,105,187,206,206,221,146,111,111,212,212,199,219,232,232],"floor_reached":21,"playtime":2730,"items_purged":["Bash"],"score":187,"play_id":"cf0026dc-a026-4fe2-a7eb-4369494616ac","local_time":"20190409195944","is_ascension_mode":false,"campfire_choices":[{"data":"Body Slam","floor":7,"key":"SMITH"},{"data":"Body Slam","floor":11,"key":"SMITH"},{"data":"Anger","floor":15,"key":"SMITH"}],"neow_cost":"NO_GOLD","seed_source_timestamp":1687492436378,"circlet_count":0,"master_deck":["Strike_R","Strike_R","Strike_R","Strike_R","Strike_R","Defend_R","Defend_R","Defend_R","Defend_R","Dual Wield","Flame Barrier","Body Slam+1","Body Slam+1","Headbutt","Shrug It Off","Anger+1","Reaper","Warcry"],"relics":["Burning Blood","Charon\u0027s Ashes","PreservedInsect","Ornamental Fan"],"potions_floor_usage":[6,20,20],"damage_taken":[{"damage":1,"enemies":"Cultist","floor":1,"turns":4},{"damage":1,"enemies":"Jaw Worm","floor":2,"turns":5},{"damage":2,"enemies":"2 Louse","floor":3,"turns":4},{"damage":16,"enemies":"Gremlin Gang","floor":4,"turns":7},{"damage":8,"enemies":"2 Fungi Beasts","floor":5,"turns":6},{"damage":40,"enemies":"Gremlin Nob","floor":6,"turns":7},{"damage":12,"enemies":"Exordium Thugs","floor":8,"turns":6},{"damage":10,"enemies":"3 Louse","floor":10,"turns":4},{"damage":5,"enemies":"Looter","floor":12,"turns":4},{"damage":29,"enemies":"Hexaghost","floor":16,"turns":11},{"damage":16,"enemies":"2 Thieves","floor":18,"turns":4},{"damage":43,"enemies":"Shell Parasite","floor":19,"turns":8},{"damage":37,"enemies":"Cultist and Chosen","floor":20,"turns":7},{"damage":39,"enemies":"Sentry and Sphere","floor":21,"turns":5}],"seed_played":"8486530823369869822","potions_obtained":[{"floor":1,"key":"EssenceOfSteel"},{"floor":3,"key":"PowerPotion"},{"floor":5,"key":"Ancient Potion"},{"floor":6,"key":"AttackPotion"},{"floor":19,"key":"Regen Potion"}],"is_trial":false,"path_per_floor":["M","M","M","M","M","E","R","M","T","M","R","M","$","?","R","B",null,"M","M","M","M"],"character_chosen":"IRONCLAD","items_purchased":[],"campfire_rested":0,"item_purchase_floors":[],"current_hp_per_floor":[80,80,80,70,68,34,34,28,28,24,24,25,25,45,45,22,80,74,41,30,0],"gold":232,"neow_bonus":"ONE_RARE_RELIC","is_prod":false,"is_daily":false,"chose_seed":false,"campfire_upgraded":3,"win_rate":0.0,"timestamp":1554832784,"path_taken":["M","M","M","M","M","E","R","M","T","M","R","M","?","?","R","BOSS","M","M","M","M"],"build_version":"2019-01-23","purchased_purges":1,"victory":false,"max_hp_per_floor":[80,80,80,80,80,80,80,80,80,80,80,80,80,80,80,80,80,80,80,80,80],"card_choices":[{"not_picked":["Armaments","Battle Trance"],"picked":"Dual Wield","floor":1},{"not_picked":["Warcry","Rage"],"picked":"Flame Barrier","floor":2},{"not_picked":["Perfected Strike","Cleave"],"picked":"Body Slam","floor":3},{"not_picked":["Sword Boomerang","Entrench"],"picked":"Body Slam","floor":4},{"not_picked":["Perfected Strike","Iron Wave"],"picked":"Headbutt","floor":5},{"not_picked":["Rampage","Flex","Blood for Blood"],"picked":"SKIP","floor":6},{"not_picked":["Entrench","Carnage","Heavy Blade"],"picked":"SKIP","floor":8},{"not_picked":["Second Wind","Feel No Pain"],"picked":"Shrug It Off","floor":10},{"not_picked":["Clothesline","Corruption"],"picked":"Anger","floor":12},{"not_picked":["Feed","Bludgeon"],"picked":"Reaper","floor":16},{"not_picked":["Infernal Blade+1","Second Wind","Twin Strike"],"picked":"SKIP","floor":18},{"not_picked":["Second Wind+1","Clash"],"picked":"Warcry","floor":19},{"not_picked":["Shrug It Off","True Grit","Clash"],"picked":"SKIP","floor":20}],"player_experience":24375,"relics_obtained":[{"floor":6,"key":"PreservedInsect"},{"floor":9,"key":"Ornamental Fan"}],"event_choices":[{"damage_healed":20,"gold_gain":0,"player_choice":"Healed","damage_taken":0,"max_hp_gain":0,"max_hp_loss":0,"event_name":"The Cleric","floor":14,"gold_loss":35}],"is_beta":false,"boss_relics":[{"not_picked":["Fusion Hammer","Astrolabe","Cursed Key"]}],"items_purged_floors":[13],"is_endless":false,"potions_floor_spawned":[1,3,5,6,19],"killed_by":"Sentry and Sphere","ascension_level":0}