{"gold_per_floor":[115,115,46,70,84,84,110,110,137,412,422,422,436,453,453,557,607,625,724,724,739,752,752,762,762,762,762,677,299,299,314,314,418,418,437,437,455,281,293,293,304,304,304,314,327,327,186,205,205,205,205,205,86,121,121],"floor_reached":56,"playtime":4207,"items_purged":["Strike_G"],"score":1174,"play_id":"87e64dc1-5402-4087-8d2b-602ecca2b2e6","local_time":"20190415000523","is_ascension_mode":false,"campfire_choices":[{"data":"Infinite Blades","floor":6.0,"key":"SMITH"},{"floor":8.0,"key":"RECALL"},{"data":"Glass Knife","floor":12.0,"key":"SMITH"},{"data":"Neutralize","floor":15.0,"key":"SMITH"},{"data":"After Image","floor":23.0,"key":"SMITH"},{"data":"Footwork","floor":25.0,"key":"SMITH"},{"data":"Blade Dance","floor":27.0,"key":"SMITH"},{"data":"J.A.X.","floor":32.0,"key":"SMITH"},{"data":"Adrenaline","floor":40.0,"key":"SMITH"},{"data":"Accuracy","floor":42.0,"key":"SMITH"},{"floor":46.0,"key":"REST"},{"floor":49.0,"key":"REST"},{"data":"Wraith Form v2","floor":52.0,"key":"SMITH"}],"neow_cost":"NONE","seed_source_timestamp":0,"circlet_count":0,"master_deck":["Survivor","Neutralize+1","Blade Dance+1","Footwork+1","Infinite Blades+1","Glass Knife+1","Well Laid Plans","Crippling Poison","Blur","After Image+1","Prepared","Dagger Throw+1","Dash+1","Footwork","Cloak And Dagger","Blade Dance","J.A.X.+1","Adrenaline+1","Footwork","Wraith Form v2+1","Backflip","Terror","Cloak And Dagger","Malaise","Calculated Gamble","Well Laid Plans","Accuracy+1","Finisher","Blade Dance","Blade Dance","Infinite Blades","Caltrops","Accuracy+1","Wraith Form v2","Outmaneuver+1"],"special_seed":0,"relics":["Ring of the Snake","NeowsBlessing","GremlinMask","Sundial","Omamori","Tiny House","Strawberry","Bird Faced Urn","Lantern","Pen Nib","Pandora\u0027s Box","Vajra","Ancient Tea Set","Ginger"],"potions_floor_usage":[55,55,55],"damage_taken":[{"damage":0.0,"enemies":"Small Slimes","floor":1.0,"turns":1.0},{"damage":0.0,"enemies":"Cultist","floor":5.0,"turns":1.0},{"damage":0.0,"enemies":"Gremlin Nob","floor":7.0,"turns":1.0},{"damage":3.0,"enemies":"Jaw Worm","floor":11.0,"turns":2.0},{"damage":9.0,"enemies":"Red Slaver","floor":13.0,"turns":4.0},{"damage":7.0,"enemies":"Looter","floor":14.0,"turns":3.0},{"damage":19.0,"enemies":"Slime Boss","floor":16.0,"turns":10.0},{"damage":4.0,"enemies":"3 Byrds","floor":18.0,"turns":5.0},{"damage":7.0,"enemies":"Spheric Guardian","floor":21.0,"turns":4.0},{"damage":23.0,"enemies":"Snake Plant","floor":22.0,"turns":7.0},{"damage":5.0,"enemies":"Snecko","floor":24.0,"turns":6.0},{"damage":10.0,"enemies":"Cultist and Chosen","floor":31.0,"turns":7.0},{"damage":48.0,"enemies":"Collector","floor":33.0,"turns":9.0},{"damage":14.0,"enemies":"3 Darklings","floor":35.0,"turns":6.0},{"damage":6.0,"enemies":"Orb Walker","floor":37.0,"turns":3.0},{"damage":37.0,"enemies":"Transient","floor":39.0,"turns":5.0},{"damage":13.0,"enemies":"Jaw Worm Horde","floor":41.0,"turns":5.0},{"damage":39.0,"enemies":"Writhing Mass","floor":44.0,"turns":6.0},{"damage":26.0,"enemies":"Sphere and 2 Shapes","floor":45.0,"turns":4.0},{"damage":5.0,"enemies":"Jaw Worm Horde","floor":48.0,"turns":3.0},{"damage":59.0,"enemies":"Time Eater","floor":50.0,"turns":8.0},{"damage":37.0,"enemies":"Shield and Spear","floor":54.0,"turns":8.0},{"damage":75,"enemies":"The Heart","floor":55,"turns":9}],"seed_played":"-3956225676272852799","potions_obtained":[{"floor":5.0,"key":"Regen Potion"},{"floor":7.0,"key":"Fire Potion"},{"floor":13.0,"key":"Explosive Potion"},{"floor":17.0,"key":"GamblersBrew"},{"floor":22.0,"key":"Poison Potion"},{"floor":31.0,"key":"GhostInAJar"},{"floor":33.0,"key":"Swift Potion"},{"floor":45.0,"key":"FearPotion"},{"floor":54.0,"key":"EssenceOfSteel"}],"is_trial":false,"path_per_floor":["M","?","$","T","M","R","E","R","T","?","M","R","M","M","R","B",null,"M","?","?","M","M","R","M","R","T","R","?","$","?","M","R","B",null,"M","?","M","$","M","R","M","R","T","M","M","R","$","M","R","B",null,"R","$","E","B",null],"character_chosen":"THE_SILENT","items_purchased":["Footwork","Pen Nib","Footwork","Cloak And Dagger","Blade Dance","Vajra","Blade Dance","GhostInAJar","Caltrops","PowerPotion","Wraith Form v2"],"campfire_rested":2,"item_purchase_floors":[3,29,29,29,29,38,38,47,47,53,53],"current_hp_per_floor":[70,70,70,70,70,70,70,70,70,70,67,67,58,51,51,32,75,71,71,78,71,63,63,58,58,58,58,58,58,58,58,58,20,82,82,82,80,80,57,57,60,60,60,33,19,43,43,50,74,29,82,82,82,58,7],"gold":121,"neow_bonus":"THREE_ENEMY_KILL","is_prod":false,"is_daily":false,"chose_seed":false,"campfire_upgraded":10,"win_rate":0,"timestamp":1555311923,"path_taken":["M","?","$","?","?","R","E","R","T","?","M","R","?","M","R","BOSS","M","?","?","M","M","R","M","R","T","R","?","$","?","?","R","BOSS","M","?","?","$","M","R","M","R","T","M","M","R","$","M","R","BOSS","R","$","E","BOSS"],"build_version":"2019-01-23","purchased_purges":1,"victory":true,"max_hp_per_floor":[70,70,70,70,70,70,70,70,70,70,70,70,70,70,70,70,75,75,75,82,82,82,82,82,82,82,82,82,82,82,82,82,82,82,82,82,82,82,82,82,82,82,82,82,82,82,82,82,82,82,82,82,82,82,82],"card_choices":[{"not_picked":["Dagger Throw","Heel Hook"],"picked":"Blade Dance","floor":1.0},{"not_picked":["Outmaneuver","Cloak And Dagger"],"picked":"Infinite Blades","floor":5.0},{"not_picked":["Backflip","Skewer"],"picked":"Glass Knife","floor":7.0},{"not_picked":["Predator","Deflect"],"picked":"Well Laid Plans","floor":11.0},{"not_picked":["Escape Plan","Deadly Poison"],"picked":"Crippling Poison","floor":13.0},{"not_picked":["Deadly Poison","Acrobatics"],"picked":"Blur","floor":14.0},{"not_picked":["Unload","Grand Finale"],"picked":"After Image","floor":16.0},{"not_picked":["Bouncing Flask","Setup"],"picked":"Prepared","floor":17.0},{"not_picked":["Dagger Spray+1","Poisoned Stab"],"picked":"Dagger Throw+1","floor":18.0},{"not_picked":["Dagger Spray","Quick Slash"],"picked":"Dash+1","floor":21.0},{"not_picked":["Bane","Bouncing Flask","Deflect"],"picked":"SKIP","floor":22.0},{"not_picked":["Outmaneuver","Distraction","Dagger Spray+1"],"picked":"SKIP","floor":24.0},{"not_picked":["Setup","Flying Knee","Unload"],"picked":"SKIP","floor":31.0},{"not_picked":["Envenom","Wraith Form v2"],"picked":"Adrenaline","floor":33.0},{"not_picked":["Acrobatics","Tactician"],"picked":"Accuracy","floor":35.0},{"not_picked":["Bane","Reflex"],"picked":"Finisher","floor":37.0},{"not_picked":["Blur","Slice","PiercingWail+1"],"picked":"SKIP","floor":39.0},{"not_picked":["Poisoned Stab","Blur+1"],"picked":"Blade Dance","floor":41.0},{"not_picked":["Prepared+1","Underhanded Strike"],"picked":"Infinite Blades","floor":44.0},{"not_picked":["Poisoned Stab+1","Bane","Flechettes"],"picked":"SKIP","floor":45.0},{"not_picked":["Quick Slash","Deflect"],"picked":"Accuracy+1","floor":48.0},{"not_picked":["Phantasmal Killer","Acrobatics"],"picked":"Outmaneuver+1","floor":54.0}],"player_experience":169976,"relics_obtained":[{"floor":7.0,"key":"Sundial"},{"floor":9.0,"key":"Omamori"},{"floor":26.0,"key":"Bird Faced Urn"},{"floor":43.0,"key":"Ancient Tea Set"},{"floor":54.0,"key":"Ginger"}],"event_choices":[{"damage_healed":0.0,"max_hp_gain":0.0,"max_hp_loss":0.0,"gold_gain":0.0,"event_name":"FaceTrader","player_choice":"Trade","floor":2.0,"gold_loss":0.0,"damage_taken":0.0,"relics_obtained":["GremlinMask"]},{"damage_healed":0.0,"max_hp_gain":0.0,"max_hp_loss":0.0,"gold_gain":275.0,"event_name":"Golden Shrine","player_choice":"Desecrate","floor":10.0,"gold_loss":0.0,"damage_taken":0.0,"cards_obtained":["Regret"]},{"damage_healed":0.0,"max_hp_gain":0.0,"max_hp_loss":0.0,"gold_gain":99.0,"event_name":"Nest","player_choice":"Stole From Cult","floor":19.0,"gold_loss":0.0,"damage_taken":0.0},{"damage_healed":0.0,"max_hp_gain":0.0,"max_hp_loss":0.0,"gold_gain":0.0,"event_name":"The Mausoleum","player_choice":"Opened","floor":20.0,"gold_loss":0.0,"damage_taken":0.0,"relics_obtained":["Strawberry"],"cards_obtained":["Writhe"]},{"damage_healed":0.0,"max_hp_gain":0.0,"max_hp_loss":0.0,"gold_gain":0.0,"event_name":"Addict","player_choice":"Obtained Relic","floor":28.0,"gold_loss":85.0,"damage_taken":0.0,"relics_obtained":["Lantern"]},{"damage_healed":0.0,"max_hp_gain":0.0,"max_hp_loss":0.0,"gold_gain":0.0,"event_name":"Drug Dealer","player_choice":"Obtain J.A.X.","floor":30.0,"gold_loss":0.0,"damage_taken":0.0,"cards_obtained":["J.A.X."]},{"cards_removed":["Grand Finale"],"damage_healed":0.0,"max_hp_gain":0.0,"max_hp_loss":0.0,"gold_gain":0.0,"event_name":"Purifier","player_choice":"Purged","floor":36.0,"gold_loss":0.0,"damage_taken":0.0}],"is_beta":false,"boss_relics":[{"not_picked":["White Beast Statue","Fusion Hammer"],"picked":"Tiny House"},{"not_picked":["Ring of the Serpent","Runic Pyramid"],"picked":"Pandora\u0027s Box"}],"items_purged_floors":[29],"is_endless":false,"potions_floor_spawned":[5,7,13,22,31,33,45,48,54],"ascension_level":0}