{"gold_per_floor":[117,117,130,80,90,90,104,104,153,216,22,41,66,81,81,182,182],"floor_reached":17,"playtime":751,"items_purged":[],"score":167,"play_id":"a6bff9b8-d2ec-4041-9002-10f9f93d67e5","local_time":"20190320233408","is_ascension_mode":false,"campfire_choices":[{"data":"Zap","floor":6,"key":"SMITH"},{"floor":15,"key":"REST"}],"neow_cost":"NONE","seed_source_timestamp":14384519296416,"circlet_count":0,"master_deck":["Strike_B","Strike_B","Strike_B","Defend_B","Defend_B","Defend_B","Defend_B","Zap+1","Dualcast","BootSequence","Double Energy","Streamline","Beam Cell","Coolheaded","BootSequence","Go for the Eyes","Scrape","Hologram","Steam","Cold Snap","Ball Lightning","Rebound","Seek"],"relics":["Orrery","Omamori","CultistMask","Art of War","Tiny Chest","Bag of Marbles","Bag of Preparation","Nuclear Battery"],"potions_floor_usage":[10,16,16],"damage_taken":[{"damage":0,"enemies":"Jaw Worm","floor":1,"turns":3},{"damage":0,"enemies":"Small Slimes","floor":3,"turns":3},{"damage":2,"enemies":"Cultist","floor":5,"turns":4},{"damage":1,"enemies":"Gremlin Gang","floor":7,"turns":5},{"damage":18,"enemies":"Gremlin Nob","floor":10,"turns":4},{"damage":19,"enemies":"Blue Slaver","floor":12,"turns":3},{"damage":5,"enemies":"3 Sentries","floor":13,"turns":8},{"damage":8,"enemies":"Exordium Wildlife","floor":14,"turns":4},{"damage":16,"enemies":"Slime Boss","floor":16,"turns":11}],"seed_played":"-2328164250603115905","potions_obtained":[{"floor":3,"key":"SpeedPotion"},{"floor":7,"key":"AttackPotion"},{"floor":13,"key":"FocusPotion"},{"floor":14,"key":"Swift Potion"}],"is_trial":false,"path_per_floor":["M","?","M","?","M","R","M","?","T","E","$","M","E","M","R","B",null],"character_chosen":"DEFECT","items_purchased":["Steam","Bag of Marbles"],"campfire_rested":1,"item_purchase_floors":[11,11],"current_hp_per_floor":[75,72,72,72,70,70,69,69,69,51,51,32,27,19,41,25,75],"gold":182,"neow_bonus":"BOSS_RELIC","is_prod":false,"is_daily":false,"chose_seed":false,"campfire_upgraded":1,"win_rate":0,"timestamp":1553092448,"path_taken":["M","?","M","?","M","R","M","?","T","E","$","?","E","?","R","BOSS"],"build_version":"2019-01-23","purchased_purges":0,"victory":false,"max_hp_per_floor":[75,75,75,75,75,75,75,75,75,75,75,75,75,75,75,75,75],"card_choices":[{"not_picked":["Barrage","Redo"],"picked":"BootSequence","floor":0},{"not_picked":["Coolheaded","Fusion"],"picked":"Double Energy","floor":0},{"not_picked":["Conserve Battery","Stack"],"picked":"Streamline","floor":0},{"not_picked":["Aggregate","Compile Driver"],"picked":"Beam Cell","floor":0},{"not_picked":["Blizzard","Barrage"],"picked":"Coolheaded","floor":0},{"not_picked":["Chaos","Melter"],"picked":"BootSequence","floor":1},{"not_picked":["Loop","Darkness","Force Field"],"picked":"SKIP","floor":3},{"not_picked":["Multi-Cast","Streamline"],"picked":"Go for the Eyes","floor":5},{"not_picked":["Static Discharge","BootSequence"],"picked":"Scrape","floor":7},{"not_picked":["Coolheaded","Static Discharge"],"picked":"Hologram","floor":10},{"not_picked":["Leap","Biased Cognition"],"picked":"Cold Snap","floor":12},{"not_picked":["Reinforced Body","Redo"],"picked":"Ball Lightning","floor":13},{"not_picked":["Barrage","Genetic Algorithm"],"picked":"Rebound","floor":14},{"not_picked":["Amplify","Machine Learning"],"picked":"Seek","floor":16}],"player_experience":476972,"relics_obtained":[{"floor":9,"key":"Art of War"},{"floor":10,"key":"Tiny Chest"},{"floor":13,"key":"Bag of Preparation"}],"event_choices":[{"damage_healed":0,"gold_gain":0,"player_choice":"Success","damage_taken":3,"relics_obtained":["Omamori"],"max_hp_gain":0,"max_hp_loss":0,"event_name":"Scrap Ooze","floor":2,"gold_loss":0},{"cards_removed":["Strike_B"],"damage_healed":0,"gold_gain":0,"player_choice":"Card Removal","damage_taken":0,"max_hp_gain":0,"max_hp_loss":0,"event_name":"The Cleric","floor":4,"gold_loss":50},{"damage_healed":0,"gold_gain":0,"player_choice":"Trade","damage_taken":0,"relics_obtained":["CultistMask"],"max_hp_gain":0,"max_hp_loss":0,"event_name":"FaceTrader","floor":8,"gold_loss":0}],"is_beta":false,"boss_relics":[{"not_picked":["Tiny House","Fusion Hammer"],"picked":"Nuclear Battery"}],"items_purged_floors":[],"is_endless":false,"potions_floor_spawned":[3,7,13,14],"ascension_level":0}