{"gold_per_floor":[117,49,64,83,83,112,125,158,209,221,233,259,293,16,16,117,117,131,231,154,154,165,165,165],"floor_reached":24,"playtime":1452,"items_purged":["Strike_B","Zap"],"score":270,"play_id":"d0989f82-e16f-47b3-920b-07375f4e385b","local_time":"20190326003851","is_ascension_mode":true,"campfire_choices":[{"data":"Fission","floor":15,"key":"SMITH"},{"floor":23,"key":"DIG"}],"neow_cost":"TEN_PERCENT_HP_LOSS","seed_source_timestamp":13220805112552,"circlet_count":0,"master_deck":["Defend_B","Defend_B","Dualcast","Rebound","Recycle","Blizzard","Glacier","Steam","Fission+1","Coolheaded","Melter","Finesse","Core Surge","Cold Snap","Redo"],"special_seed":0,"relics":["Cracked Core","Smiling Mask","Dodecahedron","MawBank","Bronze Scales","Empty Cage","Shovel","Mercury Hourglass","Pen Nib"],"potions_floor_usage":[16,19,24],"damage_taken":[{"damage":0.0,"enemies":"Small Slimes","floor":1.0,"turns":3.0},{"damage":0.0,"enemies":"2 Louse","floor":3.0,"turns":3.0},{"damage":0.0,"enemies":"Cultist","floor":4.0,"turns":4.0},{"damage":16.0,"enemies":"Gremlin Nob","floor":6.0,"turns":5.0},{"damage":0.0,"enemies":"2 Fungi Beasts","floor":7.0,"turns":4.0},{"damage":14.0,"enemies":"Lagavulin","floor":8.0,"turns":12.0},{"damage":0.0,"enemies":"Gremlin Nob","floor":11.0,"turns":1.0},{"damage":0.0,"enemies":"Looter","floor":12.0,"turns":4.0},{"damage":3.0,"enemies":"Blue Slaver","floor":13.0,"turns":5.0},{"damage":3,"enemies":"The Guardian","floor":16,"turns":13},{"damage":16,"enemies":"2 Thieves","floor":18,"turns":4},{"damage":1,"enemies":"Colosseum Slavers","floor":19,"turns":4},{"damage":23,"enemies":"Colosseum Nobs","floor":19,"turns":6},{"damage":0,"enemies":"Spheric Guardian","floor":22,"turns":3},{"damage":22,"enemies":"Book of Stabbing","floor":24,"turns":3}],"seed_played":"2880416510909313120","potions_obtained":[{"floor":1.0,"key":"SmokeBomb"},{"floor":6.0,"key":"GamblersBrew"},{"floor":7.0,"key":"FocusPotion"},{"floor":13,"key":"SpeedPotion"},{"floor":16,"key":"FearPotion"},{"floor":19,"key":"FearPotion"}],"is_trial":false,"path_per_floor":["M","$","M","M","?","E","M","E","T","?","E","M","M","$","R","B",null,"M","?","$","?","M","R","E"],"character_chosen":"DEFECT","items_purchased":["Glacier","Bronze Scales","Finesse","Redo"],"campfire_rested":0,"item_purchase_floors":[2,14,14,20],"current_hp_per_floor":[68,68,68,68,68,52,52,38,38,38,38,38,35,35,35,32,59,43,19,19,19,19,19,0],"gold":165,"neow_bonus":"TRANSFORM_TWO_CARDS","is_prod":false,"is_daily":false,"chose_seed":false,"campfire_upgraded":1,"win_rate":0,"timestamp":1553528331,"path_taken":["M","$","M","M","?","E","M","E","T","?","E","M","?","$","R","BOSS","M","?","$","?","M","R","E"],"build_version":"2019-01-23","purchased_purges":2,"victory":false,"max_hp_per_floor":[68,68,68,68,68,68,68,68,68,68,68,68,68,68,68,68,68,68,68,68,68,68,68,68],"card_choices":[{"not_picked":["Steam","Reprogram"],"picked":"Blizzard","floor":1.0},{"not_picked":["Gash","Heatsinks"],"picked":"Steam","floor":3.0},{"not_picked":["Consume","Streamline","Lockon"],"picked":"SKIP","floor":4.0},{"not_picked":["Steam","Doom and Gloom","Meteor Strike"],"picked":"SKIP","floor":6.0},{"not_picked":["Stack","Consume","Streamline"],"picked":"SKIP","floor":7.0},{"not_picked":["Streamline","Rebound"],"picked":"Fission","floor":8.0},{"not_picked":["Stack","Skim"],"picked":"Coolheaded","floor":12.0},{"not_picked":["Reprogram","Blizzard"],"picked":"Melter","floor":13},{"not_picked":["Rainbow","Reboot"],"picked":"Core Surge","floor":16},{"not_picked":["Heatsinks","Scrape"],"picked":"Cold Snap","floor":18},{"not_picked":["Redo","Scrape","Leap"],"picked":"SKIP","floor":22}],"player_experience":595762,"relics_obtained":[{"floor":6.0,"key":"Smiling Mask"},{"floor":8.0,"key":"Dodecahedron"},{"floor":9.0,"key":"MawBank"},{"floor":19,"key":"Shovel"},{"floor":19,"key":"Mercury Hourglass"},{"floor":23,"key":"Pen Nib"}],"event_choices":[{"cards_removed":["Strike_B"],"damage_healed":0.0,"max_hp_gain":0.0,"max_hp_loss":0.0,"gold_gain":0.0,"event_name":"Living Wall","player_choice":"Forget","floor":5.0,"gold_loss":0.0,"damage_taken":0.0},{"damage_healed":0.0,"max_hp_gain":0.0,"max_hp_loss":0.0,"gold_gain":0.0,"event_name":"The Woman in Blue","player_choice":"Bought 0 Potions","floor":10.0,"gold_loss":0.0,"damage_taken":0.0},{"damage_healed":0,"gold_gain":0,"player_choice":"Fight","damage_taken":0,"max_hp_gain":0,"max_hp_loss":0,"event_name":"Colosseum","floor":19,"gold_loss":0},{"damage_healed":0,"gold_gain":0,"player_choice":"Fought Nobs","damage_taken":0,"max_hp_gain":0,"max_hp_loss":0,"event_name":"Colosseum","floor":19,"gold_loss":0},{"damage_healed":0,"gold_gain":0,"player_choice":"Ignored","damage_taken":0,"max_hp_gain":0,"max_hp_loss":0,"event_name":"Vampires","floor":21,"gold_loss":0}],"is_beta":false,"boss_relics":[{"not_picked":["White Beast Statue","Black Star"],"picked":"Empty Cage"}],"items_purged_floors":[14,20],"is_endless":false,"potions_floor_spawned":[1,6,7,13,16,19],"killed_by":"Book of Stabbing","ascension_level":5}