{"gold_per_floor":[112,125,50,50,68,68,79,79,79,91,91],"floor_reached":11,"playtime":273,"items_purged":[],"score":107,"play_id":"fc02a9a0-e771-45f4-99b1-bb9bced309e6","local_time":"20190411133635","is_ascension_mode":true,"campfire_choices":[{"data":"Darkness","floor":6,"key":"SMITH"},{"data":"Dualcast","floor":8,"key":"SMITH"}],"neow_cost":"NONE","seed_source_timestamp":14179626310970,"circlet_count":0,"master_deck":["AscendersBane","Strike_B","Strike_B","Strike_B","Strike_B","Defend_B","Defend_B","Defend_B","Defend_B","Zap","Dualcast+1","Darkness+1","Cold Snap","Capacitor","Melter","Conserve Battery","White Noise"],"relics":["Cracked Core","NeowsBlessing","Bottled Flame"],"potions_floor_usage":[11],"damage_taken":[{"damage":0,"enemies":"2 Louse","floor":1,"turns":1},{"damage":0,"enemies":"Cultist","floor":2,"turns":1},{"damage":0,"enemies":"Small Slimes","floor":5,"turns":1},{"damage":10,"enemies":"Looter","floor":7,"turns":3},{"damage":8,"enemies":"2 Fungi Beasts","floor":10,"turns":4},{"damage":54,"enemies":"3 Sentries","floor":11,"turns":8}],"seed_played":"-2203409212945672295","potions_obtained":[{"floor":4,"key":"SmokeBomb"},{"floor":4,"key":"AttackPotion"}],"is_trial":false,"path_per_floor":["M","M","$","?","M","R","M","R","T","M","E"],"character_chosen":"DEFECT","items_purchased":["Capacitor"],"campfire_rested":0,"item_purchase_floors":[3],"current_hp_per_floor":[68,68,68,68,68,68,58,58,58,50,0],"gold":91,"neow_bonus":"THREE_ENEMY_KILL","is_prod":false,"is_daily":false,"chose_seed":false,"campfire_upgraded":2,"win_rate":0,"timestamp":1554957395,"path_taken":["M","M","$","?","M","R","M","R","T","?","E"],"build_version":"2019-01-23","purchased_purges":0,"victory":false,"max_hp_per_floor":[75,75,75,75,75,75,75,75,75,75,75],"card_choices":[{"not_picked":["Streamline","Double Energy"],"picked":"Darkness","floor":1},{"not_picked":["Coolheaded","Go for the Eyes"],"picked":"Cold Snap","floor":2},{"not_picked":["Sweeping Beam","Leap"],"picked":"Melter","floor":5},{"not_picked":["Coolheaded","Ball Lightning"],"picked":"Conserve Battery","floor":7},{"not_picked":["Turbo","Steam"],"picked":"White Noise","floor":10}],"player_experience":721394,"relics_obtained":[{"floor":9,"key":"Bottled Flame"}],"event_choices":[{"damage_healed":0,"gold_gain":0,"player_choice":"Got Potions","damage_taken":0,"max_hp_gain":0,"max_hp_loss":0,"event_name":"Lab","floor":4,"gold_loss":0}],"is_beta":false,"boss_relics":[],"items_purged_floors":[],"is_endless":false,"potions_floor_spawned":[5,7,10],"killed_by":"3 Sentries","ascension_level":13}