{"gold_per_floor":[117,136,211,221,23,23,57,57,57,70,70,86,101,101,101,175,175,191,241,257,272,272,272,289,289],"floor_reached":25,"playtime":1244,"items_purged":["Strike_B"],"score":359,"play_id":"8709b38f-4759-401c-a157-436d7c0ab86c","local_time":"20190415220511","is_ascension_mode":true,"campfire_choices":[{"data":"Creative AI","floor":6.0,"key":"SMITH"},{"floor":8.0,"key":"REST"},{"floor":11.0,"key":"REST"},{"data":"Reinforced Body","floor":15.0,"key":"SMITH"},{"floor":23,"key":"REST"}],"neow_cost":"NONE","seed_source_timestamp":349153403930163,"circlet_count":0,"master_deck":["AscendersBane","Strike_B","Strike_B","Defend_B","Defend_B","Defend_B","Defend_B","Zap","Dualcast","Sweeping Beam","Ball Lightning","Creative AI+1","Cold Snap","Thunder Strike","Reinforced Body+1","Darkness","Chill","Multi-Cast","Electrodynamics","Coolheaded","Cold Snap+1","Conserve Battery"],"special_seed":0,"relics":["Cracked Core","Blood Vial","Bottled Tornado","Dream Catcher","Nuclear Battery"],"potions_floor_usage":[24,25],"damage_taken":[{"damage":1.0,"enemies":"Cultist","floor":1.0,"turns":3.0},{"damage":7.0,"enemies":"Jaw Worm","floor":2.0,"turns":3.0},{"damage":0.0,"enemies":"Small Slimes","floor":4.0,"turns":3.0},{"damage":37.0,"enemies":"Gremlin Nob","floor":7.0,"turns":5.0},{"damage":10.0,"enemies":"2 Fungi Beasts","floor":10.0,"turns":4.0},{"damage":4.0,"enemies":"Looter","floor":12.0,"turns":4.0},{"damage":6.0,"enemies":"Large Slime","floor":13.0,"turns":6.0},{"damage":24.0,"enemies":"The Guardian","floor":16.0,"turns":15.0},{"damage":6.0,"enemies":"3 Byrds","floor":18.0,"turns":2.0},{"damage":17.0,"enemies":"Shell Parasite","floor":20.0,"turns":9.0},{"damage":20.0,"enemies":"Snake Plant","floor":21.0,"turns":6.0},{"damage":24,"enemies":"Shelled Parasite and Fungi","floor":24,"turns":12},{"damage":24,"enemies":"Slavers","floor":25,"turns":1}],"seed_played":"-6862291172761328711","potions_obtained":[{"floor":7.0,"key":"SpeedPotion"},{"floor":12.0,"key":"FairyPotion"},{"floor":16.0,"key":"PowerPotion"},{"floor":18.0,"key":"Dexterity Potion"},{"floor":24,"key":"LiquidBronze"}],"is_trial":false,"path_per_floor":["M","M","?","M","$","R","E","R","T","M","R","M","M","?","R","B",null,"M","?","M","M","?","R","M","E"],"character_chosen":"DEFECT","items_purchased":["Creative AI","Cold Snap"],"campfire_rested":3,"item_purchase_floors":[5,5],"current_hp_per_floor":[65,60,49,51,51,51,16,37,37,29,50,48,44,44,44,22,59,55,55,40,22,22,43,21,0],"gold":289,"neow_bonus":"RANDOM_COMMON_RELIC","is_prod":false,"is_daily":false,"chose_seed":false,"campfire_upgraded":2,"win_rate":0,"timestamp":1555333511,"path_taken":["M","M","?","M","$","R","E","R","T","M","R","M","M","?","R","BOSS","M","?","M","M","?","R","M","E"],"build_version":"2019-01-23","purchased_purges":1,"victory":false,"max_hp_per_floor":[71,71,71,71,71,71,71,71,71,71,71,71,71,71,71,71,71,71,71,71,71,71,71,71,71],"card_choices":[{"not_picked":["Redo","Stack","Rip and Tear"],"picked":"SKIP","floor":1.0},{"not_picked":["Go for the Eyes","Hello World"],"picked":"Sweeping Beam","floor":2.0},{"not_picked":["Redo","Sunder"],"picked":"Ball Lightning","floor":4.0},{"not_picked":["Chaos","Sweeping Beam","Beam Cell"],"picked":"SKIP","floor":7.0},{"not_picked":["Turbo","Barrage"],"picked":"Thunder Strike","floor":10.0},{"not_picked":["Hello World","Loop"],"picked":"Reinforced Body","floor":11.0},{"not_picked":["Hologram","Beam Cell"],"picked":"Darkness","floor":12.0},{"not_picked":["Stack","Static Discharge"],"picked":"Chill","floor":13.0},{"not_picked":["Seek","Hyperbeam"],"picked":"Electrodynamics","floor":16.0},{"not_picked":["Turbo","Sweeping Beam"],"picked":"Coolheaded","floor":18.0},{"not_picked":["Steam","Chill","Hello World"],"picked":"SKIP","floor":20.0},{"not_picked":["Conserve Battery","Barrage"],"picked":"Cold Snap+1","floor":21.0},{"not_picked":["BootSequence+1","Chaos"],"picked":"Conserve Battery","floor":23},{"not_picked":["Sweeping Beam","Beam Cell","Reprogram"],"picked":"SKIP","floor":24}],"player_experience":587288,"relics_obtained":[{"floor":7.0,"key":"Bottled Tornado"},{"floor":9.0,"key":"Dream Catcher"}],"event_choices":[{"damage_healed":0.0,"max_hp_gain":0.0,"max_hp_loss":0.0,"gold_gain":75.0,"event_name":"World of Goop","player_choice":"Gather Gold","floor":3.0,"gold_loss":0.0,"damage_taken":11.0},{"damage_healed":0.0,"max_hp_gain":0.0,"max_hp_loss":0.0,"gold_gain":0.0,"cards_transformed":["Strike_B"],"event_name":"Living Wall","player_choice":"Change","floor":14.0,"gold_loss":0.0,"damage_taken":0.0,"cards_obtained":["Multi-Cast"]},{"damage_healed":0.0,"max_hp_gain":0.0,"max_hp_loss":0.0,"gold_gain":50.0,"event_name":"Nest","player_choice":"Stole From Cult","floor":19.0,"gold_loss":0.0,"damage_taken":0.0},{"damage_healed":0,"gold_gain":0,"player_choice":"Ignored","damage_taken":0,"max_hp_gain":0,"max_hp_loss":0,"event_name":"The Mausoleum","floor":22,"gold_loss":0}],"is_beta":false,"boss_relics":[{"not_picked":["White Beast Statue","Empty Cage"],"picked":"Nuclear Battery"}],"items_purged_floors":[5],"is_endless":false,"potions_floor_spawned":[7,12,13,16,18,24],"killed_by":"Slavers","ascension_level":15}