{"gold_per_floor":[113,38,38,52,127,157,157,169,169,199,199,210,93,93],"floor_reached":14,"playtime":844,"items_purged":["Regret"],"score":234,"play_id":"84d541f7-9825-4f26-b84d-f8eee8b58feb","local_time":"20190321131921","is_ascension_mode":true,"campfire_choices":[{"data":"Bash","floor":7,"key":"SMITH"},{"data":"Perfected Strike","floor":11,"key":"SMITH"}],"neow_cost":"NONE","seed_source_timestamp":10148549782746,"circlet_count":0,"master_deck":["AscendersBane","Strike_R","Strike_R","Strike_R","Strike_R","Defend_R","Defend_R","Defend_R","Defend_R","Bash+1","Wild Strike","Thunderclap","Perfected Strike+1","Dual Wield","Juggernaut","Shrug It Off","Feel No Pain"],"relics":["Burning Blood","NeowsBlessing","Sundial","Dodecahedron","Shuriken","Darkstone Periapt"],"potions_floor_usage":[],"damage_taken":[{"damage":0,"enemies":"Small Slimes","floor":1,"turns":1},{"damage":0,"enemies":"Jaw Worm","floor":4,"turns":1},{"damage":0,"enemies":"3 Sentries","floor":6,"turns":2},{"damage":7,"enemies":"2 Louse","floor":8,"turns":2},{"damage":42,"enemies":"Lagavulin","floor":10,"turns":5},{"damage":32,"enemies":"Blue Slaver","floor":12,"turns":5},{"damage":12,"enemies":"Large Slime","floor":14,"turns":2}],"seed_played":"1213215910678310188","potions_obtained":[{"floor":4,"key":"Explosive Potion"}],"is_trial":false,"path_per_floor":["M","?","?","M","?","E","R","M","T","E","R","M","$","M"],"character_chosen":"IRONCLAD","items_purchased":["Feel No Pain"],"campfire_rested":0,"item_purchase_floors":[13],"current_hp_per_floor":[74,74,74,75,64,70,70,69,69,33,33,7,7,0],"gold":93,"neow_bonus":"THREE_ENEMY_KILL","is_prod":false,"is_daily":false,"chose_seed":false,"campfire_upgraded":2,"win_rate":0,"timestamp":1553141961,"path_taken":["M","?","?","M","?","E","R","M","T","E","R","M","$","M"],"build_version":"2019-01-23","purchased_purges":1,"victory":false,"max_hp_per_floor":[75,75,75,75,75,75,75,75,75,75,75,75,75,75],"card_choices":[{"not_picked":["Cleave","Pommel Strike"],"picked":"Wild Strike","floor":1},{"not_picked":["Warcry","Reckless Charge"],"picked":"Thunderclap","floor":4},{"not_picked":["Twin Strike","Berserk"],"picked":"Perfected Strike","floor":6},{"not_picked":["Heavy Blade","Havoc"],"picked":"Dual Wield","floor":8},{"not_picked":["Clash","Iron Wave"],"picked":"Juggernaut","floor":10},{"not_picked":["Inflame","Rupture"],"picked":"Shrug It Off","floor":12}],"player_experience":484939,"relics_obtained":[{"floor":6,"key":"Dodecahedron"},{"floor":9,"key":"Shuriken"},{"floor":10,"key":"Darkstone Periapt"}],"event_choices":[{"cards_removed":["Strike_R"],"damage_healed":0,"gold_gain":0,"player_choice":"Card Removal","damage_taken":0,"max_hp_gain":0,"max_hp_loss":0,"event_name":"The Cleric","floor":2,"gold_loss":75},{"damage_healed":0,"gold_gain":0,"player_choice":"Box","damage_taken":0,"relics_obtained":["Sundial"],"max_hp_gain":0,"max_hp_loss":0,"event_name":"Big Fish","floor":3,"gold_loss":0,"cards_obtained":["Regret"]},{"damage_healed":0,"gold_gain":75,"player_choice":"Gather Gold","damage_taken":11,"max_hp_gain":0,"max_hp_loss":0,"event_name":"World of Goop","floor":5,"gold_loss":0}],"is_beta":false,"boss_relics":[],"items_purged_floors":[13],"is_endless":false,"potions_floor_spawned":[4],"killed_by":"Large Slime","ascension_level":18}