{"gold_per_floor":[116,191,201,217,235,235,267,267,267,267,39,54,54,70,70,174,174,186,201,53,71,71],"floor_reached":22,"playtime":1631,"items_purged":["Strike_R"],"score":291,"play_id":"b3b4cc66-40cc-49d2-8dc9-a53dd7f04b60","local_time":"20190318120017","is_ascension_mode":true,"campfire_choices":[{"data":"Body Slam","floor":6.0,"key":"SMITH"},{"data":"Armaments","floor":10.0,"key":"SMITH"},{"data":"Shrug It Off","floor":13.0,"key":"SMITH"},{"floor":15.0,"key":"REST"}],"neow_cost":"NONE","seed_source_timestamp":260570495122477,"circlet_count":0,"master_deck":["AscendersBane","Bash","Clothesline","Shrug It Off+1","Armaments+1","Infernal Blade","Body Slam+1","Dark Embrace+1","Wild Strike","Demon Form+1","True Grit","Shrug It Off","Reaper","Clothesline","Dark Embrace+1","Fiend Fire","Shockwave","Power Through+1"],"special_seed":0,"relics":["Burning Blood","Ornamental Fan","Frozen Egg 2","Blood Vial","Pandora\u0027s Box","Oddly Smooth Stone"],"potions_floor_usage":[19],"damage_taken":[{"damage":10.0,"enemies":"Small Slimes","floor":1.0,"turns":5.0},{"damage":6.0,"enemies":"Jaw Worm","floor":3.0,"turns":4.0},{"damage":6.0,"enemies":"Cultist","floor":4.0,"turns":5.0},{"damage":7.0,"enemies":"2 Fungi Beasts","floor":5.0,"turns":4.0},{"damage":40.0,"enemies":"Lagavulin","floor":7.0,"turns":7.0},{"damage":7.0,"enemies":"Blue Slaver","floor":12.0,"turns":5.0},{"damage":4.0,"enemies":"Large Slime","floor":14.0,"turns":5.0},{"damage":18.0,"enemies":"The Guardian","floor":16.0,"turns":14.0},{"damage":48,"enemies":"Spheric Guardian","floor":18,"turns":9},{"damage":38,"enemies":"3 Byrds","floor":19,"turns":9},{"damage":17,"enemies":"3 Cultists","floor":21,"turns":6},{"damage":20,"enemies":"Snecko","floor":22,"turns":3}],"seed_played":"-4860152449158343563","potions_obtained":[{"floor":3.0,"key":"PowerPotion"},{"floor":7.0,"key":"FearPotion"},{"floor":12.0,"key":"Explosive Potion"},{"floor":18,"key":"EssenceOfSteel"},{"floor":19,"key":"Dexterity Potion"}],"is_trial":false,"path_per_floor":["M","?","M","M","M","R","E","?","T","R","$","M","R","M","R","B",null,"M","M","$","M","M"],"character_chosen":"IRONCLAD","items_purchased":["Blood Vial","Oddly Smooth Stone"],"campfire_rested":1,"item_purchase_floors":[11,20],"current_hp_per_floor":[68,57,57,57,56,56,22,22,22,22,22,23,23,27,51,41,70,30,10,10,16,0],"gold":71,"neow_bonus":"TRANSFORM_CARD","is_prod":false,"is_daily":false,"chose_seed":false,"campfire_upgraded":3,"win_rate":0,"timestamp":1552878017,"path_taken":["M","?","M","M","M","R","E","?","T","R","$","M","R","M","R","BOSS","M","M","$","M","M"],"build_version":"2019-01-23","purchased_purges":1,"victory":false,"max_hp_per_floor":[80,80,80,80,80,80,80,80,80,80,80,80,80,80,80,80,80,80,80,80,80,80],"card_choices":[{"not_picked":["Heavy Blade","Iron Wave"],"picked":"Shrug It Off","floor":1.0},{"not_picked":["Shrug It Off","Thunderclap"],"picked":"Armaments","floor":3.0},{"not_picked":["Perfected Strike","Disarm"],"picked":"Infernal Blade","floor":4.0},{"not_picked":["Bloodletting","Hemokinesis"],"picked":"Body Slam","floor":5.0},{"not_picked":["Thunderclap","Warcry","Flex"],"picked":"SKIP","floor":7.0},{"not_picked":["Spot Weakness","Intimidate"],"picked":"Dark Embrace+1","floor":12.0},{"not_picked":["Searing Blow","Perfected Strike"],"picked":"Wild Strike","floor":14.0},{"not_picked":["Brutality+1","Immolate"],"picked":"Demon Form+1","floor":16.0},{"not_picked":["Havoc","Cleave"],"picked":"Shockwave","floor":18},{"not_picked":["Perfected Strike","Warcry","Heavy Blade"],"picked":"SKIP","floor":19},{"not_picked":["Sword Boomerang","Pommel Strike"],"picked":"Power Through+1","floor":21}],"player_experience":403990,"relics_obtained":[{"floor":7.0,"key":"Ornamental Fan"},{"floor":9.0,"key":"Frozen Egg 2"}],"event_choices":[{"damage_healed":0.0,"max_hp_gain":0.0,"max_hp_loss":0.0,"gold_gain":75.0,"event_name":"World of Goop","player_choice":"Gather Gold","floor":2.0,"gold_loss":0.0,"damage_taken":11.0},{"cards_removed":["Strike_R"],"damage_healed":0.0,"max_hp_gain":0.0,"max_hp_loss":0.0,"gold_gain":0.0,"event_name":"Purifier","player_choice":"Purged","floor":8.0,"gold_loss":0.0,"damage_taken":0.0}],"is_beta":false,"boss_relics":[{"not_picked":["Runic Dome","Eternal Feather"],"picked":"Pandora\u0027s Box"}],"items_purged_floors":[11],"is_endless":false,"potions_floor_spawned":[3,7,12,18,19],"killed_by":"Snecko","ascension_level":11}