{"gold_per_floor":[109,59,73,73,1,1,32,43,114,39,68,68,68,100,100,196,196,211,111,123,134,134,134,161,161,161,161,173,206,7,7,7,107,107,121,140,140,40,55,88,88,88,88,88,88,141,241,253,253,253],"floor_reached":51,"playtime":3227,"items_purged":["Strike_B","Strike_B"],"score":1138,"play_id":"79423f2b-de71-4cf0-97cd-5c176f395b4e","local_time":"20190406035515","is_ascension_mode":true,"campfire_choices":[{"data":"Echo Form","floor":6.0,"key":"SMITH"},{"floor":15.0,"key":"REST"},{"data":"Consume","floor":23.0,"key":"SMITH"},{"floor":27.0,"key":"REST"},{"floor":32.0,"key":"REST"},{"data":"Chill","floor":41,"key":"SMITH"},{"floor":49,"key":"REST"}],"neow_cost":"NONE","seed_source_timestamp":13443316013514,"circlet_count":0,"master_deck":["Dualcast","Rip and Tear+1","Sunder","Echo Form+1","BootSequence","Leap","Double Energy","Creative AI","Madness","Core Surge","Thunder Strike+1","Darkness+1","Consume+1","Reinforced Body","Force Field+1","Chill+1","Fission+1","Reinforced Body+1","Violence+1","Leap+1","White Noise+1","Redo+1","Melter+1"],"special_seed":0,"relics":["Inserter","PreservedInsect","Bottled Tornado","Dodecahedron","Meat on the Bone","Snecko Eye","Bag of Preparation","Juzu Bracelet","Art of War","Whetstone","DataDisk","Toxic Egg 2","Pandora\u0027s Box","Bag of Marbles","Mummified Hand","Du-Vu Doll","Incense Burner"],"potions_floor_usage":[40,50,50,50],"damage_taken":[{"damage":8.0,"enemies":"2 Louse","floor":1.0,"turns":3.0},{"damage":2.0,"enemies":"Jaw Worm","floor":3.0,"turns":3.0},{"damage":35.0,"enemies":"3 Sentries","floor":7.0,"turns":7.0},{"damage":0.0,"enemies":"Small Slimes","floor":8.0,"turns":4.0},{"damage":16.0,"enemies":"Gremlin Nob","floor":11.0,"turns":3.0},{"damage":6.0,"enemies":"3 Sentries","floor":14.0,"turns":4.0},{"damage":0.0,"enemies":"Slime Boss","floor":16.0,"turns":10.0},{"damage":19.0,"enemies":"3 Byrds","floor":18.0,"turns":4.0},{"damage":7.0,"enemies":"Spheric Guardian","floor":20.0,"turns":4.0},{"damage":20.0,"enemies":"Centurion and Healer","floor":21.0,"turns":4.0},{"damage":24.0,"enemies":"Slavers","floor":24.0,"turns":5.0},{"damage":14.0,"enemies":"Shelled Parasite and Fungi","floor":28.0,"turns":4.0},{"damage":31.0,"enemies":"Gremlin Leader","floor":29.0,"turns":5.0},{"damage":0.0,"enemies":"Automaton","floor":33.0,"turns":7.0},{"damage":26.0,"enemies":"3 Shapes","floor":35.0,"turns":4.0},{"damage":33.0,"enemies":"3 Darklings","floor":36.0,"turns":6.0},{"damage":2,"enemies":"Transient","floor":39,"turns":5},{"damage":18,"enemies":"Reptomancer","floor":40,"turns":7},{"damage":29,"enemies":"2 Orb Walkers","floor":46,"turns":6},{"damage":0,"enemies":"Mind Bloom Boss Battle","floor":47,"turns":5},{"damage":8,"enemies":"Writhing Mass","floor":48,"turns":4},{"damage":42,"enemies":"Donu and Deca","floor":50,"turns":6}],"seed_played":"3915030844508477468","potions_obtained":[{"floor":3.0,"key":"SteroidPotion"},{"floor":7.0,"key":"FocusPotion"},{"floor":11.0,"key":"FocusPotion"},{"floor":18.0,"key":"FearPotion"},{"floor":20.0,"key":"EssenceOfSteel"},{"floor":21.0,"key":"Strength Potion"},{"floor":29.0,"key":"Weak Potion"},{"floor":33.0,"key":"Poison Potion"},{"floor":35.0,"key":"Ancient Potion"},{"floor":36.0,"key":"Poison Potion"},{"floor":39,"key":"SpeedPotion"},{"floor":48,"key":"LiquidBronze"}],"is_trial":false,"path_per_floor":["M","?","M","$","$","R","E","M","T","$","E","?","?","E","R","B",null,"M","$","M","M","?","R","E","?","T","R","M","E","$","?","R","B",null,"M","M","?","$","M","E","R","?","T","?","?","?","?","M","R","B",null],"character_chosen":"DEFECT","items_purchased":["Echo Form","DataDisk","PowerPotion","Leap+1","White Noise+1"],"campfire_rested":4,"item_purchase_floors":[5,30,30,38,38],"current_hp_per_floor":[60,60,58,58,58,58,23,23,23,23,7,7,7,1,23,35,65,46,46,39,31,31,31,19,19,19,41,39,20,20,20,42,42,67,41,20,20,20,30,24,24,24,24,66,63,34,34,38,56,26],"gold":253,"neow_bonus":"BOSS_RELIC","is_prod":false,"is_daily":false,"chose_seed":false,"campfire_upgraded":3,"win_rate":0,"timestamp":1554490515,"path_taken":["M","?","M","?","$","R","E","M","T","?","E","?","?","E","R","BOSS","M","$","?","M","?","R","E","?","T","R","M","E","$","?","R","BOSS","M","M","?","$","M","E","R","?","T","?","?","?","?","M","R","BOSS"],"build_version":"2019-01-23","purchased_purges":2,"victory":true,"max_hp_per_floor":[75,75,75,75,75,75,75,75,75,75,75,75,75,75,75,75,75,75,75,75,75,75,75,75,75,75,75,75,75,75,75,75,75,75,75,75,75,75,75,75,75,75,75,66,63,63,63,63,63,63],"card_choices":[{"not_picked":["Steam","Streamline"],"picked":"Rip and Tear","floor":1.0},{"not_picked":["Streamline","Ball Lightning"],"picked":"Sunder","floor":3.0},{"not_picked":["Reprogram","Go for the Eyes"],"picked":"BootSequence","floor":7.0},{"not_picked":["Steam Power","Barrage"],"picked":"Leap","floor":8.0},{"not_picked":["Beam Cell","Scrape"],"picked":"Double Energy","floor":11.0},{"not_picked":["Streamline","White Noise"],"picked":"Core Surge","floor":14.0},{"not_picked":["All For One","Multi-Cast"],"picked":"Thunder Strike","floor":16.0},{"not_picked":["Stack","Go for the Eyes"],"picked":"Darkness+1","floor":18.0},{"not_picked":["Scrape+1","Doom and Gloom+1"],"picked":"Consume","floor":20.0},{"not_picked":["Ball Lightning","Sweeping Beam","Go for the Eyes"],"picked":"SKIP","floor":21.0},{"not_picked":["Glacier","Streamline+1"],"picked":"Reinforced Body","floor":24.0},{"not_picked":["Consume","Conserve Battery"],"picked":"Force Field+1","floor":28.0},{"not_picked":["Redo","Beam Cell"],"picked":"Chill","floor":29.0},{"not_picked":["Buffer","Electrodynamics"],"picked":"Fission+1","floor":33.0},{"not_picked":["Lockon+1","Turbo+1","Scrape"],"picked":"SKIP","floor":35.0},{"not_picked":["Streamline","Steam+1"],"picked":"Reinforced Body+1","floor":36.0},{"not_picked":["Sadistic Nature","Dramatic Entrance"],"picked":"Violence+1","floor":37.0},{"not_picked":["Stack+1","BootSequence+1","Sweeping Beam+1"],"picked":"SKIP","floor":39},{"not_picked":["Capacitor+1","Barrage+1","Cold Snap+1"],"picked":"SKIP","floor":40},{"not_picked":["Sweeping Beam+1","Hologram+1"],"picked":"Redo+1","floor":47},{"not_picked":["Rebound","Sweeping Beam+1"],"picked":"Melter+1","floor":48}],"player_experience":687017,"relics_obtained":[{"floor":7.0,"key":"PreservedInsect"},{"floor":9.0,"key":"Bottled Tornado"},{"floor":11.0,"key":"Dodecahedron"},{"floor":14.0,"key":"Meat on the Bone"},{"floor":24.0,"key":"Bag of Preparation"},{"floor":26.0,"key":"Art of War"},{"floor":29.0,"key":"Whetstone"},{"floor":40,"key":"Bag of Marbles"},{"floor":43,"key":"Mummified Hand"},{"floor":46,"key":"Du-Vu Doll"},{"floor":47,"key":"Incense Burner"}],"event_choices":[{"cards_removed":["Strike_B"],"damage_healed":0.0,"max_hp_gain":0.0,"max_hp_loss":0.0,"gold_gain":0.0,"event_name":"The Cleric","player_choice":"Card Removal","floor":2.0,"gold_loss":50.0,"damage_taken":0.0},{"damage_healed":0.0,"max_hp_gain":0.0,"max_hp_loss":0.0,"gold_gain":0.0,"cards_transformed":["Strike_B"],"event_name":"Living Wall","player_choice":"Change","floor":12.0,"gold_loss":0.0,"damage_taken":0.0,"cards_obtained":["Creative AI"]},{"damage_healed":0.0,"max_hp_gain":0.0,"max_hp_loss":0.0,"gold_gain":0.0,"event_name":"Match and Keep!","player_choice":"1 cards matched","floor":13.0,"gold_loss":0.0,"damage_taken":0.0,"cards_obtained":["Madness"]},{"cards_removed":["Zap"],"damage_healed":0.0,"max_hp_gain":0.0,"max_hp_loss":0.0,"gold_gain":0.0,"event_name":"Back to Basics","player_choice":"Elegance","floor":22.0,"gold_loss":0.0,"damage_taken":0.0},{"damage_healed":0.0,"max_hp_gain":0.0,"max_hp_loss":0.0,"gold_gain":0.0,"event_name":"The Mausoleum","player_choice":"Opened","floor":25.0,"gold_loss":0.0,"damage_taken":0.0,"relics_obtained":["Juzu Bracelet"]},{"damage_healed":0.0,"max_hp_gain":0.0,"max_hp_loss":0.0,"gold_gain":0.0,"event_name":"WeMeetAgain","player_choice":"Gave Potion","floor":31.0,"gold_loss":0.0,"damage_taken":0.0,"relics_obtained":["Toxic Egg 2"]},{"damage_healed":0.0,"max_hp_gain":0.0,"max_hp_loss":0.0,"gold_gain":0.0,"event_name":"SensoryStone","player_choice":"Memory 1","floor":37.0,"gold_loss":0.0,"damage_taken":0.0},{"damage_healed":0,"gold_gain":0,"player_choice":"Ignored","damage_taken":0,"max_hp_gain":0,"max_hp_loss":0,"event_name":"SecretPortal","floor":42,"gold_loss":0},{"damage_healed":66,"gold_gain":0,"player_choice":"Heal","damage_taken":0,"max_hp_gain":0,"max_hp_loss":9,"event_name":"The Moai Head","floor":44,"gold_loss":0},{"damage_healed":0,"gold_gain":0,"player_choice":"Max HP","damage_taken":0,"max_hp_gain":0,"max_hp_loss":3,"event_name":"Winding Halls","floor":45,"gold_loss":0},{"damage_healed":0,"gold_gain":0,"player_choice":"Fight","damage_taken":0,"max_hp_gain":0,"max_hp_loss":0,"event_name":"Mysterious Sphere","floor":46,"gold_loss":0},{"damage_healed":0,"gold_gain":0,"player_choice":"Fight","damage_taken":0,"max_hp_gain":0,"max_hp_loss":0,"event_name":"MindBloom","floor":47,"gold_loss":0}],"is_beta":false,"boss_relics":[{"not_picked":["Tiny House","Runic Pyramid"],"picked":"Snecko Eye"},{"not_picked":["Sozu","Philosopher\u0027s Stone"],"picked":"Pandora\u0027s Box"}],"items_purged_floors":[10,19],"is_endless":false,"potions_floor_spawned":[3,7,11,18,20,21,29,33,35,36,39,48],"ascension_level":8}