{"gold_per_floor":[14,14,14,14,26,26,41,41,65,93,17,47,47,65,65,160,160,172,94,114,128,43,43,43,43,99,110,122,21,56,67,67,166,166,176,276,276,36,36,36],"floor_reached":40,"playtime":3009,"items_purged":["Writhe"],"score":706,"play_id":"8707616a-7d23-4ea5-ad35-c3df2fe91b65","local_time":"20190406145643","is_ascension_mode":true,"campfire_choices":[{"floor":6,"key":"REST"},{"data":"Zap","floor":8,"key":"SMITH"},{"data":"Dualcast","floor":15,"key":"SMITH"},{"data":"Hologram","floor":23,"key":"SMITH"},{"data":"Turbo","floor":25,"key":"SMITH"},{"floor":32,"key":"REST"}],"neow_cost":"NO_GOLD","seed_source_timestamp":2414445507159,"circlet_count":0,"master_deck":["Strike_B","Strike_B","Strike_B+1","Defend_B","Defend_B","Defend_B","Defend_B","Zap+1","Dualcast+1","Beam Cell+1","Turbo","Scrape","Steam Power","Turbo+1","Streamline","Echo Form","Gash","FTL","Hologram+1","Coolheaded+1","Gash","Steam","Buffer","Conserve Battery+1"],"relics":["FrozenCore","Unceasing Top","Blood Vial","Bag of Preparation","Nunchaku","Oddly Smooth Stone","Cursed Key","Pen Nib","Tiny Chest","Vajra","Turnip","Meat on the Bone"],"potions_floor_usage":[16,16,30,40,40,40],"damage_taken":[{"damage":3,"enemies":"2 Louse","floor":1,"turns":3},{"damage":2,"enemies":"Jaw Worm","floor":5,"turns":3},{"damage":3,"enemies":"Small Slimes","floor":7,"turns":2},{"damage":8,"enemies":"Gremlin Nob","floor":10,"turns":3},{"damage":37,"enemies":"3 Sentries","floor":12,"turns":7},{"damage":0,"enemies":"Exordium Thugs","floor":14,"turns":3},{"damage":0,"enemies":"Hexaghost","floor":16,"turns":6},{"damage":0,"enemies":"Chosen","floor":18,"turns":3},{"damage":5,"enemies":"2 Thieves","floor":20,"turns":3},{"damage":14,"enemies":"Snecko","floor":21,"turns":4},{"damage":0,"enemies":"Sentry and Sphere","floor":27,"turns":3},{"damage":6,"enemies":"Cultist and Chosen","floor":28,"turns":3},{"damage":15,"enemies":"Slavers","floor":30,"turns":4},{"damage":8,"enemies":"Snake Plant","floor":31,"turns":2},{"damage":46,"enemies":"Automaton","floor":33,"turns":9},{"damage":11,"enemies":"Orb Walker","floor":35,"turns":3},{"damage":0,"enemies":"Mind Bloom Boss Battle","floor":36,"turns":5},{"damage":56,"enemies":"Nemesis","floor":40,"turns":10}],"seed_played":"81671123446701905","potions_obtained":[{"floor":1,"key":"Weak Potion"},{"floor":10,"key":"FocusPotion"},{"floor":27,"key":"GamblersBrew"},{"floor":30,"key":"Block Potion"},{"floor":31,"key":"Poison Potion"},{"floor":33,"key":"EntropicBrew"}],"is_trial":false,"path_per_floor":["M","?","?","?","M","R","M","R","T","E","$","E","?","M","R","B",null,"M","$","M","M","?","R","?","R","T","M","M","$","E","M","R","B",null,"M","?","?","$","?","E"],"character_chosen":"DEFECT","items_purchased":["Turbo","Strength Potion","FTL","Gash","Meat on the Bone"],"campfire_rested":2,"item_purchase_floors":[11,11,19,29,38],"current_hp_per_floor":[65,47,32,32,32,54,53,53,53,47,47,12,12,14,14,16,60,62,62,59,47,47,47,47,47,47,49,45,45,32,26,48,4,57,48,50,50,50,50,0],"gold":36,"neow_bonus":"ONE_RARE_RELIC","is_prod":false,"is_daily":false,"chose_seed":false,"campfire_upgraded":4,"win_rate":0,"timestamp":1554555403,"path_taken":["M","?","?","?","?","R","M","R","T","E","$","E","?","M","R","BOSS","M","$","M","M","?","R","?","R","T","M","M","$","E","M","R","BOSS","M","?","?","$","?","E"],"build_version":"2019-01-23","purchased_purges":1,"victory":false,"max_hp_per_floor":[75,75,75,75,75,75,75,75,75,75,75,75,75,75,75,75,75,75,75,75,75,75,75,75,75,75,75,75,75,75,75,75,75,75,75,75,75,75,75,75],"card_choices":[{"not_picked":["FTL","Rebound"],"picked":"Beam Cell","floor":1},{"not_picked":["Fusion","Auto Shields"],"picked":"Turbo","floor":5},{"not_picked":["Rebound","Ball Lightning"],"picked":"Scrape","floor":7},{"not_picked":["Undo","Conserve Battery"],"picked":"Steam Power","floor":10},{"not_picked":["Undo","Storm"],"picked":"Streamline","floor":12},{"not_picked":["Heatsinks","Stack","Fusion"],"picked":"SKIP","floor":14},{"not_picked":["Electrodynamics","Amplify"],"picked":"Echo Form","floor":16},{"not_picked":["Chaos","Cold Snap+1"],"picked":"Gash","floor":18},{"not_picked":["Turbo+1","Beam Cell"],"picked":"Hologram","floor":20},{"not_picked":["Consume","Ball Lightning","Redo"],"picked":"SKIP","floor":21},{"not_picked":["Cold Snap","Double Energy","Turbo"],"picked":"SKIP","floor":27},{"not_picked":["Steam Power","Glacier"],"picked":"Coolheaded+1","floor":28},{"not_picked":["Compile Driver","Aggregate","Redo"],"picked":"SKIP","floor":30},{"not_picked":["Blizzard","Doom and Gloom"],"picked":"Steam","floor":31},{"not_picked":["Fission","Biased Cognition"],"picked":"Buffer","floor":33},{"not_picked":["Static Discharge+1","Stack","Sweeping Beam"],"picked":"SKIP","floor":35},{"not_picked":["Streamline","Barrage"],"picked":"Conserve Battery+1","floor":36}],"player_experience":232612,"relics_obtained":[{"floor":9,"key":"Bag of Preparation"},{"floor":10,"key":"Nunchaku"},{"floor":12,"key":"Oddly Smooth Stone"},{"floor":26,"key":"Tiny Chest"},{"floor":30,"key":"Vajra"},{"floor":36,"key":"Turnip"}],"event_choices":[{"damage_healed":0,"gold_gain":0,"player_choice":"Success","damage_taken":18,"relics_obtained":["Blood Vial"],"max_hp_gain":0,"max_hp_loss":0,"event_name":"Scrap Ooze","floor":2,"gold_loss":0},{"damage_healed":0,"gold_gain":0,"player_choice":"Entered Light","damage_taken":15,"max_hp_gain":0,"max_hp_loss":0,"event_name":"Shining Light","floor":3,"gold_loss":0,"cards_upgraded":["Strike_B","Beam Cell"]},{"damage_healed":0,"gold_gain":0,"player_choice":"Leave","damage_taken":0,"max_hp_gain":0,"max_hp_loss":0,"event_name":"The Cleric","floor":4,"gold_loss":0},{"damage_healed":0,"gold_gain":0,"player_choice":"Ignored","damage_taken":0,"max_hp_gain":0,"max_hp_loss":0,"event_name":"Golden Idol","floor":13,"gold_loss":0},{"damage_healed":0,"gold_gain":0,"player_choice":"Obtained Relic","damage_taken":0,"relics_obtained":["Pen Nib"],"max_hp_gain":0,"max_hp_loss":0,"event_name":"Addict","floor":22,"gold_loss":85},{"damage_healed":0,"gold_gain":0,"player_choice":"Ignored","damage_taken":0,"max_hp_gain":0,"max_hp_loss":0,"event_name":"Beggar","floor":24,"gold_loss":0},{"damage_healed":0,"gold_gain":0,"player_choice":"Fight","damage_taken":0,"max_hp_gain":0,"max_hp_loss":0,"event_name":"MindBloom","floor":36,"gold_loss":0},{"damage_healed":0,"gold_gain":0,"player_choice":"Ignored","damage_taken":0,"max_hp_gain":0,"max_hp_loss":0,"event_name":"Tomb of Lord Red Mask","floor":37,"gold_loss":0},{"cards_removed":["Strike_B"],"damage_healed":0,"gold_gain":0,"player_choice":"Offered Basic","damage_taken":0,"max_hp_gain":0,"max_hp_loss":0,"event_name":"Bonfire Elementals","floor":39,"gold_loss":0}],"is_beta":false,"boss_relics":[{"not_picked":["Inserter","Sozu"],"picked":"Cursed Key"},{"not_picked":["Philosopher\u0027s Stone","Velvet Choker"],"picked":"FrozenCore"}],"items_purged_floors":[29],"is_endless":false,"potions_floor_spawned":[1,10,12,27,30,31,33,36],"killed_by":"Nemesis","ascension_level":9}