{"gold_per_floor":[113,63,16,27,27,27,44,44,44,78,78,109,109,109,109,207,207,221,146,146,133,152,180,180,213,239,20,45,65,65,76,76,177,177,187,199,199,99,115,130,130,161,161,180,207,207,232,252,252,252],"floor_reached":51,"playtime":4410,"items_purged":["Pain","Defend_R"],"score":964,"play_id":"72008455-5675-48b4-a449-dfd63596acbf","local_time":"20190416022840","is_ascension_mode":true,"campfire_choices":[{"data":"Armaments","floor":6.0,"key":"SMITH"},{"data":"Juggernaut","floor":8.0,"key":"SMITH"},{"data":"Shrug It Off","floor":11.0,"key":"SMITH"},{"data":"Shrug It Off","floor":15.0,"key":"SMITH"},{"data":"Iron Wave","floor":30.0,"key":"SMITH"},{"data":"Power Through","floor":32.0,"key":"SMITH"},{"data":"Havoc","floor":46.0,"key":"SMITH"},{"data":"Combust","floor":49,"key":"SMITH"}],"neow_cost":"NONE","seed_source_timestamp":0,"circlet_count":0,"master_deck":["Defend_R","Defend_R","Bash","Juggernaut+1","Armaments+1","Battle Trance","Cleave","Shrug It Off+1","Shrug It Off+1","Offering","Havoc+1","Impervious","Iron Wave+1","Power Through+1","True Grit+1","Immolate","Body Slam+1","Decay","Combust+1"],"special_seed":0,"relics":["Burning Blood","WingedGreaves","Pear","Blood Vial","Pantograph","Cursed Key","Girya","Blue Candle","Regal Pillow","PreservedInsect","Bottled Lightning","Runic Pyramid","Mercury Hourglass","Mummified Hand","Anchor","Turnip"],"potions_floor_usage":[],"damage_taken":[{"damage":1.0,"enemies":"Cultist","floor":1.0,"turns":4.0},{"damage":6.0,"enemies":"2 Louse","floor":4.0,"turns":4.0},{"damage":2.0,"enemies":"Small Slimes","floor":7.0,"turns":5.0},{"damage":26.0,"enemies":"3 Sentries","floor":10.0,"turns":6.0},{"damage":24.0,"enemies":"Gremlin Nob","floor":12.0,"turns":4.0},{"damage":54.0,"enemies":"Hexaghost","floor":16.0,"turns":13.0},{"damage":16.0,"enemies":"Shell Parasite","floor":18.0,"turns":5.0},{"damage":11.0,"enemies":"2 Thieves","floor":21.0,"turns":5.0},{"damage":0.0,"enemies":"Shelled Parasite and Fungi","floor":22.0,"turns":5.0},{"damage":15.0,"enemies":"Book of Stabbing","floor":23.0,"turns":6.0},{"damage":6.0,"enemies":"Slavers","floor":25.0,"turns":6.0},{"damage":6.0,"enemies":"Book of Stabbing","floor":28.0,"turns":4.0},{"damage":0.0,"enemies":"Centurion and Healer","floor":29.0,"turns":7.0},{"damage":7.0,"enemies":"3 Cultists","floor":31.0,"turns":4.0},{"damage":84.0,"enemies":"Champ","floor":33.0,"turns":14.0},{"damage":12.0,"enemies":"Orb Walker","floor":35.0,"turns":4.0},{"damage":5.0,"enemies":"3 Darklings","floor":36.0,"turns":5.0},{"damage":0.0,"enemies":"Spire Growth","floor":39.0,"turns":4.0},{"damage":10.0,"enemies":"Maw","floor":40.0,"turns":7.0},{"damage":18.0,"enemies":"Reptomancer","floor":42.0,"turns":4.0},{"damage":1.0,"enemies":"Sphere and 2 Shapes","floor":44.0,"turns":4.0},{"damage":10.0,"enemies":"Giant Head","floor":45.0,"turns":6.0},{"damage":9.0,"enemies":"Reptomancer","floor":47.0,"turns":4.0},{"damage":7,"enemies":"3 Darklings","floor":48,"turns":2},{"damage":59,"enemies":"Time Eater","floor":50,"turns":9}],"seed_played":"-7412259975674585149","potions_obtained":[{"floor":7.0,"key":"GamblersBrew"},{"floor":10.0,"key":"FearPotion"},{"floor":21.0,"key":"SpeedPotion"},{"floor":22.0,"key":"BloodPotion"},{"floor":25.0,"key":"Weak Potion"},{"floor":33.0,"key":"SkillPotion"},{"floor":40.0,"key":"SpeedPotion"},{"floor":44.0,"key":"Energy Potion"}],"is_trial":false,"path_per_floor":["M","?","$","M","?","R","M","R","T","E","R","E","T","?","R","B",null,"M","?","?","M","M","E","$","E","T","$","E","M","R","M","R","B",null,"M","M","?","$","M","M","?","E","T","M","E","R","E","M","R","B",null],"character_chosen":"IRONCLAD","items_purchased":["Armaments","PreservedInsect"],"campfire_rested":0,"item_purchase_floors":[3,27],"current_hp_per_floor":[80,80,80,80,80,80,80,80,80,70,70,52,52,52,52,31,90,80,80,80,77,85,78,78,80,80,80,82,90,90,89,89,21,90,84,87,87,87,90,86,86,76,76,83,81,81,80,81,81,37],"gold":252,"neow_bonus":"TRANSFORM_CARD","is_prod":false,"is_daily":false,"chose_seed":false,"campfire_upgraded":8,"win_rate":0,"timestamp":1555352920,"path_taken":["M","?","$","M","?","R","?","R","T","E","R","E","?","?","R","BOSS","M","?","?","M","?","E","$","E","T","$","E","M","R","M","R","BOSS","M","M","?","$","M","M","?","E","T","M","E","R","E","M","R","BOSS"],"build_version":"2019-01-23","purchased_purges":2,"victory":true,"max_hp_per_floor":[80,80,80,80,80,80,80,80,80,90,90,90,90,90,90,90,90,90,90,90,90,90,90,90,90,90,90,90,90,90,90,90,90,90,90,90,90,90,90,90,90,90,90,90,90,90,90,90,90,90],"card_choices":[{"not_picked":["Twin Strike","Seeing Red","Warcry"],"picked":"SKIP","floor":1.0},{"not_picked":["Corruption","Armaments"],"picked":"Hemokinesis","floor":4.0},{"not_picked":["Evolve","Pommel Strike"],"picked":"Cleave","floor":7.0},{"not_picked":["Iron Wave","Searing Blow"],"picked":"Shrug It Off","floor":10.0},{"not_picked":["Clothesline","Flex"],"picked":"Shrug It Off","floor":12.0},{"not_picked":["Limit Break","Reaper"],"picked":"Offering","floor":16.0},{"not_picked":["Fire Breathing","Sentinel","Clothesline"],"picked":"SKIP","floor":18.0},{"not_picked":["Sentinel+1","Sword Boomerang"],"picked":"Iron Wave","floor":21.0},{"not_picked":["Warcry","Fire Breathing"],"picked":"Power Through","floor":22.0},{"not_picked":["Pommel Strike","Flex","Fire Breathing"],"picked":"SKIP","floor":23.0},{"not_picked":["Warcry","Clash+1","Berserk"],"picked":"SKIP","floor":25.0},{"not_picked":["Wild Strike","Shockwave","Thunderclap"],"picked":"SKIP","floor":28.0},{"not_picked":["Heavy Blade","Inflame+1","Flex"],"picked":"SKIP","floor":29.0},{"not_picked":["Heavy Blade","Inflame+1","Flex"],"picked":"SKIP","floor":29.0},{"not_picked":["Shockwave","Uppercut"],"picked":"True Grit+1","floor":31.0},{"not_picked":["Fiend Fire","Double Tap"],"picked":"Immolate","floor":33.0},{"not_picked":["Armaments","Heavy Blade"],"picked":"Body Slam+1","floor":35.0},{"not_picked":["Flex","Headbutt+1","Pommel Strike+1"],"picked":"SKIP","floor":36.0},{"not_picked":["Warcry+1","Havoc","Flex+1"],"picked":"SKIP","floor":39.0},{"not_picked":["Warcry+1","Havoc","Flex+1"],"picked":"SKIP","floor":39.0},{"not_picked":["Havoc+1","Rampage","Seeing Red"],"picked":"SKIP","floor":40.0},{"not_picked":["Twin Strike","Shockwave+1","Corruption"],"picked":"SKIP","floor":42.0},{"not_picked":["Wild Strike","Flex+1","Anger"],"picked":"SKIP","floor":44.0},{"not_picked":["Searing Blow","Twin Strike+1","Iron Wave+1"],"picked":"SKIP","floor":45.0},{"not_picked":["Wild Strike+1","Shockwave"],"picked":"Combust","floor":47},{"not_picked":["Flex+1","Heavy Blade+1","Seeing Red"],"picked":"SKIP","floor":48}],"player_experience":126797,"relics_obtained":[{"floor":9.0,"key":"WingedGreaves"},{"floor":10.0,"key":"Pear"},{"floor":12.0,"key":"Blood Vial"},{"floor":13.0,"key":"Pantograph"},{"floor":23.0,"key":"Girya"},{"floor":25.0,"key":"Blue Candle"},{"floor":26.0,"key":"Regal Pillow"},{"floor":28.0,"key":"Bottled Lightning"},{"floor":42.0,"key":"Mercury Hourglass"},{"floor":43.0,"key":"Mummified Hand"},{"floor":45.0,"key":"Anchor"},{"floor":47,"key":"Turnip"}],"event_choices":[{"cards_removed":["Strike_R"],"damage_healed":0.0,"max_hp_gain":0.0,"max_hp_loss":0.0,"gold_gain":0.0,"event_name":"The Cleric","player_choice":"Card Removal","floor":2.0,"gold_loss":50.0,"damage_taken":0.0},{"damage_healed":0.0,"max_hp_gain":0.0,"max_hp_loss":0.0,"gold_gain":0.0,"event_name":"Match and Keep!","player_choice":"1 cards matched","floor":5.0,"gold_loss":0.0,"damage_taken":0.0,"cards_obtained":["Battle Trance"]},{"cards_removed":["Strike_R"],"damage_healed":0.0,"max_hp_gain":0.0,"max_hp_loss":0.0,"gold_gain":0.0,"event_name":"Purifier","player_choice":"Purged","floor":14.0,"gold_loss":0.0,"damage_taken":0.0},{"cards_removed":["Strike_R"],"damage_healed":0.0,"max_hp_gain":0.0,"max_hp_loss":0.0,"gold_gain":0.0,"event_name":"Beggar","player_choice":"Gave Gold","floor":19.0,"gold_loss":75.0,"damage_taken":0.0},{"damage_healed":0.0,"max_hp_gain":0.0,"max_hp_loss":0.0,"gold_gain":0.0,"cards_transformed":["Strike_R","Hemokinesis"],"event_name":"Drug Dealer","player_choice":"Became Test Subject","floor":20.0,"gold_loss":0.0,"damage_taken":0.0,"cards_obtained":["Havoc","Impervious"]},{"damage_healed":0.0,"max_hp_gain":0.0,"max_hp_loss":0.0,"gold_gain":0.0,"event_name":"SensoryStone","player_choice":"Memory 1","floor":37.0,"gold_loss":0.0,"damage_taken":0.0},{"cards_removed":["Defend_R"],"damage_healed":0.0,"max_hp_gain":0.0,"max_hp_loss":0.0,"gold_gain":0.0,"event_name":"Falling","player_choice":"Removed Skill","floor":41.0,"gold_loss":0.0,"damage_taken":0.0}],"is_beta":false,"boss_relics":[{"not_picked":["Fusion Hammer","Lizard Tail"],"picked":"Cursed Key"},{"not_picked":["Eternal Feather","Calling Bell"],"picked":"Runic Pyramid"}],"items_purged_floors":[27,38],"is_endless":false,"potions_floor_spawned":[7,10,21,22,25,33,40,44,45,48],"ascension_level":4}