{"gold_per_floor":[116,116,116,127,52,52,72,88,88,88,88,88,107,118,118,215,215,228,228,228,240,140,140,150,150,176,176,101,101,120,136,136,237,237,251,126,146,158,158,158,158,158,183,183,183,203,203,53,53,53],"floor_reached":51,"playtime":2331,"items_purged":["Strike_R","Strike_R","Armaments","Anger+1"],"score":660,"play_id":"e37be940-4931-48ba-9925-40aa7922d341","local_time":"20190313143727","is_ascension_mode":false,"campfire_choices":[{"data":"Searing Blow+1","floor":6.0,"key":"SMITH"},{"data":"Searing Blow+2","floor":11.0,"key":"SMITH"},{"floor":15.0,"key":"REST"},{"data":"Searing Blow+3","floor":23.0,"key":"SMITH"},{"floor":25.0,"key":"REST"},{"data":"Searing Blow+4","floor":29.0,"key":"SMITH"},{"floor":32.0,"key":"REST"},{"floor":40.0,"key":"REST"},{"data":"Searing Blow+5","floor":42.0,"key":"SMITH"},{"data":"Searing Blow+6","floor":45.0,"key":"SMITH"},{"data":"Corruption","floor":47.0,"key":"SMITH"},{"data":"Searing Blow+7","floor":49.0,"key":"SMITH"}],"neow_cost":"NONE","seed_source_timestamp":2396296157413872,"circlet_count":0,"master_deck":["Defend_R","Defend_R","Defend_R","Defend_R","Bash","Searing Blow+8","Battle Trance","Shrug It Off","Corruption+1","Clash","Havoc","Warcry","Rampage+1","Spot Weakness","Headbutt","Shrug It Off","Impervious","Armaments+1","Havoc+1","Madness","Madness","Armaments+1"],"special_seed":0,"relics":["Runic Pyramid"],"potions_floor_usage":[50,50,50],"damage_taken":[{"damage":5.0,"enemies":"Small Slimes","floor":1.0,"turns":4.0},{"damage":7.0,"enemies":"2 Louse","floor":4.0,"turns":2.0},{"damage":6.0,"enemies":"Jaw Worm","floor":7.0,"turns":2.0},{"damage":15.0,"enemies":"Large Slime","floor":8.0,"turns":6.0},{"damage":7.0,"enemies":"3 Louse","floor":13.0,"turns":3.0},{"damage":0.0,"enemies":"2 Fungi Beasts","floor":14.0,"turns":3.0},{"damage":15.0,"enemies":"Slime Boss","floor":16.0,"turns":9.0},{"damage":8.0,"enemies":"Spheric Guardian","floor":18.0,"turns":4.0},{"damage":15.0,"enemies":"2 Thieves","floor":21.0,"turns":5.0},{"damage":21.0,"enemies":"Snake Plant","floor":24.0,"turns":3.0},{"damage":5.0,"enemies":"Colosseum Slavers","floor":27.0,"turns":3.0},{"damage":7.0,"enemies":"Sentry and Sphere","floor":30.0,"turns":4.0},{"damage":18.0,"enemies":"3 Cultists","floor":31.0,"turns":4.0},{"damage":10.0,"enemies":"Automaton","floor":33.0,"turns":6.0},{"damage":0.0,"enemies":"Orb Walker","floor":35.0,"turns":3.0},{"damage":0.0,"enemies":"3 Shapes","floor":37.0,"turns":3.0},{"damage":20.0,"enemies":"3 Darklings","floor":38.0,"turns":6.0},{"damage":1.0,"enemies":"Jaw Worm Horde","floor":46.0,"turns":4.0},{"damage":36,"enemies":"Awakened One","floor":50,"turns":7}],"seed_played":"-8297477913191208532","potions_obtained":[{"floor":1.0,"key":"SteroidPotion"},{"floor":7.0,"key":"Dexterity Potion"},{"floor":14.0,"key":"SteroidPotion"},{"floor":33.0,"key":"SpeedPotion"},{"floor":35.0,"key":"LiquidBronze"},{"floor":38.0,"key":"SteroidPotion"}],"is_trial":false,"path_per_floor":["M","?","?","M","$","R","M","M","T","?","R","?","M","M","R","B",null,"M","?","?","M","$","R","M","R","T","?","$","R","M","M","R","B",null,"M","$","M","M","?","R","?","R","T","?","R","M","R","$","R","B",null],"character_chosen":"IRONCLAD","items_purchased":["Spot Weakness"],"campfire_rested":4,"item_purchase_floors":[28],"current_hp_per_floor":[75,75,75,68,68,68,62,47,47,40,40,40,33,33,57,42,80,72,72,72,57,57,57,36,60,60,55,55,55,48,30,54,44,80,80,80,80,60,50,74,74,74,74,74,74,73,73,73,73,37],"gold":53,"neow_bonus":"BOSS_RELIC","is_prod":false,"is_daily":false,"chose_seed":false,"campfire_upgraded":8,"win_rate":0,"timestamp":1552455447,"path_taken":["M","?","?","M","$","R","M","M","T","?","R","?","M","?","R","BOSS","M","?","?","M","$","R","M","R","T","?","$","R","M","M","R","BOSS","M","$","M","M","?","R","?","R","T","?","R","M","R","?","R","BOSS"],"build_version":"2019-01-23","purchased_purges":4,"victory":true,"max_hp_per_floor":[80,80,80,80,80,80,80,80,80,80,80,80,80,80,80,80,80,80,80,80,80,80,80,80,80,80,80,80,80,80,80,80,80,80,80,80,80,80,80,80,80,80,80,80,80,80,80,80,80,80],"card_choices":[{"not_picked":["Rampage","Clash"],"picked":"Searing Blow","floor":1.0},{"not_picked":["Sword Boomerang","Flame Barrier"],"picked":"Battle Trance","floor":4.0},{"not_picked":["Thunderclap","Reckless Charge"],"picked":"Armaments","floor":7.0},{"not_picked":["Ghostly Armor","Searing Blow","Pummel"],"picked":"SKIP","floor":8.0},{"not_picked":["Clothesline","Sentinel"],"picked":"Shrug It Off","floor":13.0},{"not_picked":["Anger","Thunderclap"],"picked":"Corruption","floor":14.0},{"not_picked":["Juggernaut","Offering"],"picked":"Demon Form","floor":16.0},{"not_picked":["Entrench+1","Pommel Strike","Warcry"],"picked":"SKIP","floor":18.0},{"not_picked":["Iron Wave","Pommel Strike+1"],"picked":"Warcry","floor":21.0},{"not_picked":["Disarm+1","Twin Strike+1"],"picked":"Rampage+1","floor":24.0},{"not_picked":["Dark Embrace","Dropkick"],"picked":"Headbutt","floor":30.0},{"not_picked":["Uppercut","Flex"],"picked":"Shrug It Off","floor":31.0},{"not_picked":["Dark Embrace","Immolate"],"picked":"Impervious","floor":33.0},{"not_picked":["Ghostly Armor","Rupture"],"picked":"Armaments+1","floor":35.0},{"not_picked":["Shockwave+1","Pummel+1"],"picked":"Havoc+1","floor":37.0},{"not_picked":["Body Slam+1","Sword Boomerang+1"],"picked":"Anger+1","floor":38.0},{"not_picked":["Evolve+1","True Grit+1"],"picked":"Armaments+1","floor":46.0}],"player_experience":352881,"relics_obtained":[],"event_choices":[{"damage_healed":0.0,"max_hp_gain":0.0,"max_hp_loss":0.0,"gold_gain":0.0,"event_name":"Living Wall","player_choice":"Grow","floor":2.0,"gold_loss":0.0,"damage_taken":0.0,"cards_upgraded":["Searing Blow"]},{"damage_healed":0.0,"max_hp_gain":0.0,"max_hp_loss":0.0,"gold_gain":0.0,"event_name":"Golden Idol","player_choice":"Ignored","floor":3.0,"gold_loss":0.0,"damage_taken":0.0},{"cards_removed":["Strike_R"],"damage_healed":0.0,"max_hp_gain":0.0,"max_hp_loss":0.0,"gold_gain":0.0,"event_name":"Golden Wing","player_choice":"Card Removal","floor":10.0,"gold_loss":0.0,"damage_taken":7.0},{"damage_healed":0.0,"max_hp_gain":0.0,"max_hp_loss":0.0,"gold_gain":0.0,"event_name":"Liars Game","player_choice":"Ignored","floor":12.0,"gold_loss":0.0,"damage_taken":0.0},{"damage_healed":0.0,"max_hp_gain":0.0,"max_hp_loss":0.0,"gold_gain":0.0,"cards_transformed":["Strike_R","Strike_R"],"event_name":"Drug Dealer","player_choice":"Became Test Subject","floor":19.0,"gold_loss":0.0,"damage_taken":0.0,"cards_obtained":["Clash","Havoc"]},{"damage_healed":0.0,"max_hp_gain":0.0,"max_hp_loss":0.0,"gold_gain":0.0,"event_name":"Colosseum","player_choice":"Fight","floor":27.0,"gold_loss":0.0,"damage_taken":0.0},{"damage_healed":0.0,"max_hp_gain":0.0,"max_hp_loss":0.0,"gold_gain":0.0,"event_name":"Colosseum","player_choice":"Fled From Nobs","floor":27.0,"gold_loss":0.0,"damage_taken":0.0},{"damage_healed":0.0,"max_hp_gain":0.0,"max_hp_loss":0.0,"gold_gain":0.0,"event_name":"Winding Halls","player_choice":"Embrace Madness","floor":39.0,"gold_loss":0.0,"damage_taken":10.0,"cards_obtained":["Madness","Madness"]},{"cards_removed":["Demon Form"],"damage_healed":0.0,"max_hp_gain":0.0,"max_hp_loss":0.0,"gold_gain":0.0,"event_name":"Falling","player_choice":"Removed Power","floor":41.0,"gold_loss":0.0,"damage_taken":0.0},{"damage_healed":0.0,"max_hp_gain":0.0,"max_hp_loss":0.0,"gold_gain":0.0,"event_name":"Mysterious Sphere","player_choice":"Ignored","floor":44.0,"gold_loss":0.0,"damage_taken":0.0}],"is_beta":false,"boss_relics":[{"not_picked":["Black Star","Cursed Key","Snecko Eye"]},{"not_picked":["Pandora\u0027s Box","Astrolabe","Lizard Tail"]}],"items_purged_floors":[5,22,36,48],"is_endless":false,"potions_floor_spawned":[1,7,14,18,24,31,33,35,38],"ascension_level":0}