{"gold_per_floor":[116,191,141,216,236,270,286,32,32,43,43,61,61],"floor_reached":13,"playtime":442,"items_purged":[],"score":182,"play_id":"c925d647-de7b-4225-ab63-17158a266b20","local_time":"20190329234246","is_ascension_mode":true,"campfire_choices":[{"data":"Concentrate","floor":11,"key":"SMITH"}],"neow_cost":"NONE","seed_source_timestamp":0,"circlet_count":0,"master_deck":["AscendersBane","Defend_G","Defend_G","Defend_G","Defend_G","Defend_G","Strike_G","Strike_G","Strike_G","Strike_G","Survivor","Neutralize","Calculated Gamble","Concentrate+1","Dagger Throw","Backstab"],"special_seed":0,"relics":["Ring of the Snake","NeowsBlessing","Pocketwatch","Blue Candle","Pear"],"potions_floor_usage":[],"damage_taken":[{"damage":0.0,"enemies":"Small Slimes","floor":1.0,"turns":1.0},{"damage":0.0,"enemies":"2 Louse","floor":5.0,"turns":1.0},{"damage":0.0,"enemies":"Lagavulin","floor":6.0,"turns":1.0},{"damage":0.0,"enemies":"Jaw Worm","floor":7.0,"turns":6.0},{"damage":34,"enemies":"Gremlin Gang","floor":10,"turns":8},{"damage":4,"enemies":"2 Fungi Beasts","floor":12,"turns":3},{"damage":20,"enemies":"Red Slaver","floor":13,"turns":4}],"seed_played":"-3038444658900391714","potions_obtained":[{"floor":1.0,"key":"EssenceOfSteel"},{"floor":6.0,"key":"EssenceOfSteel"}],"is_trial":false,"path_per_floor":["M","?","?","?","M","E","M","$","T","M","R","M","M"],"character_chosen":"THE_SILENT","items_purchased":["Blue Candle"],"campfire_rested":0,"item_purchase_floors":[8],"current_hp_per_floor":[63,52,52,45,45,45,45,45,55,21,21,17,0],"gold":61,"neow_bonus":"THREE_ENEMY_KILL","is_prod":false,"is_daily":false,"chose_seed":false,"campfire_upgraded":1,"win_rate":0,"timestamp":1553870566,"path_taken":["M","?","?","?","M","E","M","$","T","M","R","?","?"],"build_version":"2019-01-23","purchased_purges":0,"victory":false,"max_hp_per_floor":[70,70,70,70,70,70,70,70,80,80,80,80,80],"card_choices":[{"not_picked":["Riddle With Holes","Sucker Punch"],"picked":"Calculated Gamble","floor":1.0},{"not_picked":["Outmaneuver","Calculated Gamble","Dodge and Roll"],"picked":"SKIP","floor":5.0},{"not_picked":["Skewer","Deflect"],"picked":"Concentrate","floor":6.0},{"not_picked":["PiercingWail","Heel Hook"],"picked":"Dagger Throw","floor":7.0},{"not_picked":["Bane","Accuracy"],"picked":"Backstab","floor":10},{"not_picked":["Deflect","Predator","Dodge and Roll"],"picked":"SKIP","floor":12}],"player_experience":624166,"relics_obtained":[{"floor":6.0,"key":"Pocketwatch"},{"floor":9.0,"key":"Pear"}],"event_choices":[{"damage_healed":0.0,"max_hp_gain":0.0,"max_hp_loss":0.0,"gold_gain":75.0,"event_name":"World of Goop","player_choice":"Gather Gold","floor":2.0,"gold_loss":0.0,"damage_taken":11.0},{"cards_removed":["Strike_G"],"damage_healed":0.0,"max_hp_gain":0.0,"max_hp_loss":0.0,"gold_gain":0.0,"event_name":"The Cleric","player_choice":"Card Removal","floor":3.0,"gold_loss":50.0,"damage_taken":0.0},{"damage_healed":0.0,"max_hp_gain":0.0,"max_hp_loss":0.0,"gold_gain":75.0,"event_name":"FaceTrader","player_choice":"Touch","floor":4.0,"gold_loss":0.0,"damage_taken":7.0}],"is_beta":false,"boss_relics":[],"items_purged_floors":[],"is_endless":false,"potions_floor_spawned":[1,6],"killed_by":"Red Slaver","ascension_level":13}