{"gold_per_floor":[115,135,146,96,271,271,271,271,298,318,343,343,356,380,380,380],"floor_reached":16,"playtime":568,"items_purged":[],"score":94,"play_id":"7e7bbe6e-becd-4af5-8438-41eec7402fe9","local_time":"20190308115620","is_ascension_mode":false,"campfire_choices":[{"data":"True Grit","floor":6,"key":"SMITH"},{"floor":12,"key":"RECALL"},{"data":"Infernal Blade","floor":15,"key":"SMITH"}],"neow_cost":"NONE","seed_source_timestamp":1957347941930184,"circlet_count":0,"master_deck":["Strike_R","Strike_R","Strike_R","Strike_R","Defend_R","Defend_R","Defend_R","Defend_R","Bash","Infernal Blade+1","Intimidate","True Grit+1","Doubt","True Grit","Pummel","Fiend Fire","Second Wind"],"relics":["Burning Blood","NeowsBlessing","Golden Idol","GremlinMask","Oddly Smooth Stone"],"potions_floor_usage":[16],"damage_taken":[{"damage":0,"enemies":"Jaw Worm","floor":1,"turns":1},{"damage":0,"enemies":"2 Louse","floor":2,"turns":1},{"damage":0,"enemies":"Cultist","floor":3,"turns":1},{"damage":6,"enemies":"2 Fungi Beasts","floor":10,"turns":4},{"damage":0,"enemies":"Exordium Wildlife","floor":11,"turns":3},{"damage":3,"enemies":"Exordium Thugs","floor":13,"turns":7},{"damage":22,"enemies":"Red Slaver","floor":14,"turns":5},{"damage":44,"enemies":"The Guardian","floor":16,"turns":11}],"seed_played":"-2327469444235663279","potions_obtained":[{"floor":3,"key":"Explosive Potion"},{"floor":10,"key":"BloodPotion"},{"floor":13,"key":"Explosive Potion"}],"is_trial":false,"path_per_floor":["M","M","M","?","?","R","?","?","T","M","M","R","M","M","R","B"],"character_chosen":"IRONCLAD","items_purchased":[],"campfire_rested":0,"item_purchase_floors":[],"current_hp_per_floor":[80,80,80,80,80,80,60,60,60,60,66,66,69,53,53,17],"gold":380,"neow_bonus":"THREE_ENEMY_KILL","is_prod":false,"is_daily":false,"chose_seed":false,"campfire_upgraded":2,"win_rate":0,"timestamp":1552013780,"path_taken":["M","M","M","?","?","R","?","?","T","M","M","R","M","M","R","BOSS"],"build_version":"2019-01-23","purchased_purges":0,"victory":false,"max_hp_per_floor":[80,80,80,80,80,80,80,80,80,80,80,80,80,80,80,80],"card_choices":[{"not_picked":["Wild Strike","Blood for Blood"],"picked":"Infernal Blade","floor":1},{"not_picked":["Sword Boomerang","Clothesline"],"picked":"Intimidate","floor":2},{"not_picked":["Sword Boomerang","Flex"],"picked":"True Grit","floor":3},{"not_picked":["Iron Wave","Body Slam"],"picked":"True Grit","floor":10},{"not_picked":["Infernal Blade","Blood for Blood"],"picked":"Pummel","floor":11},{"not_picked":["Twin Strike","Headbutt"],"picked":"Fiend Fire","floor":13},{"not_picked":["Body Slam","Clothesline"],"picked":"Second Wind","floor":14}],"player_experience":211849,"relics_obtained":[{"floor":9,"key":"Oddly Smooth Stone"}],"event_choices":[{"cards_removed":["Strike_R"],"damage_healed":0,"gold_gain":0,"player_choice":"Card Removal","damage_taken":0,"max_hp_gain":0,"max_hp_loss":0,"event_name":"The Cleric","floor":4,"gold_loss":50},{"damage_healed":0,"gold_gain":175,"player_choice":"AGREE","damage_taken":0,"max_hp_gain":0,"max_hp_loss":0,"event_name":"Liars Game","floor":5,"gold_loss":0,"cards_obtained":["Doubt"]},{"damage_healed":0,"gold_gain":0,"player_choice":"Take Damage","damage_taken":20,"relics_obtained":["Golden Idol"],"max_hp_gain":0,"max_hp_loss":0,"event_name":"Golden Idol","floor":7,"gold_loss":0},{"damage_healed":0,"gold_gain":0,"player_choice":"Trade","damage_taken":0,"relics_obtained":["GremlinMask"],"max_hp_gain":0,"max_hp_loss":0,"event_name":"FaceTrader","floor":8,"gold_loss":0}],"is_beta":false,"boss_relics":[],"items_purged_floors":[],"is_endless":false,"potions_floor_spawned":[3,10,13],"killed_by":"The Guardian","ascension_level":0}