{"gold_per_floor":[115,115,25,25,25,51,51,82,82,82,7,32,32,42,42,42],"floor_reached":16,"playtime":559,"items_purged":["Defend_G"],"score":239,"play_id":"49803a3e-cab8-4d47-8fc7-d57141f2d678","local_time":"20190326202019","is_ascension_mode":true,"campfire_choices":[{"data":"Strike_G","floor":7,"key":"PURGE"},{"data":"Noxious Fumes","floor":13,"key":"SMITH"},{"data":"Adrenaline","floor":15,"key":"SMITH"}],"neow_cost":"NONE","seed_source_timestamp":10295358027080,"circlet_count":0,"master_deck":["AscendersBane","Defend_G","Defend_G","Defend_G","Strike_G","Strike_G","Strike_G","Strike_G","Survivor","Neutralize","Noxious Fumes+1","Backflip","Backstab","Adrenaline+1"],"relics":["Ring of the Snake","NeowsBlessing","Peace Pipe","Happy Flower","Centennial Puzzle","Odd Mushroom"],"potions_floor_usage":[16],"damage_taken":[{"damage":0,"enemies":"Small Slimes","floor":1,"turns":1},{"damage":0,"enemies":"Gremlin Nob","floor":6,"turns":1},{"damage":0,"enemies":"Lagavulin","floor":8,"turns":1},{"damage":10,"enemies":"The Mushroom Lair","floor":12,"turns":4},{"damage":0,"enemies":"Jaw Worm","floor":14,"turns":4},{"damage":66,"enemies":"Slime Boss","floor":16,"turns":9}],"seed_played":"-83938549406307239","potions_obtained":[{"floor":12,"key":"Swift Potion"}],"is_trial":false,"path_per_floor":["M","?","$","$","?","E","R","E","T","?","$","?","R","M","R","B"],"character_chosen":"THE_SILENT","items_purchased":["Noxious Fumes","Backflip"],"campfire_rested":0,"item_purchase_floors":[3,3],"current_hp_per_floor":[63,68,68,68,68,68,68,68,68,68,68,58,58,58,58,0],"gold":42,"neow_bonus":"THREE_ENEMY_KILL","is_prod":false,"is_daily":false,"chose_seed":false,"campfire_upgraded":2,"win_rate":0,"timestamp":1553599219,"path_taken":["M","?","?","$","?","E","R","E","T","?","$","?","R","M","R","BOSS"],"build_version":"2019-01-23","purchased_purges":1,"victory":false,"max_hp_per_floor":[70,75,75,75,75,75,75,75,75,75,75,75,75,75,75,75],"card_choices":[{"not_picked":["Quick Slash","PiercingWail","Slice"],"picked":"SKIP","floor":1},{"not_picked":["Choke","Terror","All Out Attack"],"picked":"SKIP","floor":6},{"not_picked":["Dagger Spray","Dodge and Roll"],"picked":"Backstab","floor":8},{"not_picked":["Outmaneuver","Deadly Poison"],"picked":"Adrenaline","floor":12},{"not_picked":["Outmaneuver","Heel Hook","PiercingWail"],"picked":"SKIP","floor":14}],"player_experience":605475,"relics_obtained":[{"floor":6,"key":"Peace Pipe"},{"floor":8,"key":"Happy Flower"},{"floor":9,"key":"Centennial Puzzle"},{"floor":12,"key":"Odd Mushroom"}],"event_choices":[{"damage_healed":0,"gold_gain":0,"player_choice":"Donut","damage_taken":0,"max_hp_gain":5,"max_hp_loss":0,"event_name":"Big Fish","floor":2,"gold_loss":0},{"damage_healed":0,"gold_gain":0,"player_choice":"Ignored","damage_taken":0,"max_hp_gain":0,"max_hp_loss":0,"event_name":"Liars Game","floor":5,"gold_loss":0},{"cards_removed":["Defend_G"],"damage_healed":0,"gold_gain":0,"player_choice":"Forget","damage_taken":0,"max_hp_gain":0,"max_hp_loss":0,"event_name":"Living Wall","floor":10,"gold_loss":0},{"damage_healed":0,"gold_gain":0,"player_choice":"Fought Mushrooms","damage_taken":0,"max_hp_gain":0,"max_hp_loss":0,"event_name":"Mushrooms","floor":12,"gold_loss":0}],"is_beta":false,"boss_relics":[],"items_purged_floors":[11],"is_endless":false,"potions_floor_spawned":[12],"killed_by":"Slime Boss","ascension_level":11}