{"gold_per_floor":[109,126,138,156,169,169,203,203,203,203,259,18,18,30,30,125,125,140,151,250,350,350,350,363,363,389,402,402],"floor_reached":28,"playtime":1337,"items_purged":["Strike_B"],"score":341,"play_id":"efd54305-fdba-4c05-a801-9fe893c1fd7a","local_time":"20190410122445","is_ascension_mode":true,"campfire_choices":[{"data":"Defragment","floor":6.0,"key":"SMITH"},{"data":"Coolheaded","floor":8.0,"key":"SMITH"},{"data":"Zap","floor":10.0,"key":"SMITH"},{"floor":13.0,"key":"REST"},{"data":"Consume","floor":15.0,"key":"SMITH"},{"floor":23,"key":"REST"},{"data":"Tempest","floor":25,"key":"SMITH"}],"neow_cost":"NONE","seed_source_timestamp":8131424124139,"circlet_count":0,"master_deck":["AscendersBane","Strike_B","Defend_B","Defend_B","Defend_B","Zap+1","Dualcast","Defragment+1","Coolheaded+1","Cold Snap","Compile Driver","Consume+1","Chill","Doom and Gloom","Tempest+1","Seek","Glacier","Leap+1","Defragment"],"special_seed":0,"relics":["Cracked Core","WingedGreaves","Unceasing Top","Dead Branch","Membership Card","Empty Cage","Mango","Ornamental Fan","Bird Faced Urn","Art of War"],"potions_floor_usage":[21,21],"damage_taken":[{"damage":4.0,"enemies":"Jaw Worm","floor":1.0,"turns":4.0},{"damage":1.0,"enemies":"2 Louse","floor":2.0,"turns":2.0},{"damage":6.0,"enemies":"Small Slimes","floor":3.0,"turns":5.0},{"damage":4.0,"enemies":"2 Fungi Beasts","floor":4.0,"turns":4.0},{"damage":0.0,"enemies":"3 Louse","floor":5.0,"turns":4.0},{"damage":23.0,"enemies":"Lagavulin","floor":7.0,"turns":8.0},{"damage":3.0,"enemies":"Lagavulin Event","floor":11.0,"turns":7.0},{"damage":4.0,"enemies":"Blue Slaver","floor":14.0,"turns":2.0},{"damage":27.0,"enemies":"Slime Boss","floor":16.0,"turns":5.0},{"damage":12.0,"enemies":"Chosen","floor":18.0,"turns":4.0},{"damage":0.0,"enemies":"Spheric Guardian","floor":19.0,"turns":4.0},{"damage":12,"enemies":"Colosseum Slavers","floor":21,"turns":5},{"damage":15,"enemies":"Colosseum Nobs","floor":21,"turns":6},{"damage":4,"enemies":"Snake Plant","floor":24,"turns":4},{"damage":11,"enemies":"3 Cultists","floor":27,"turns":6},{"damage":55,"enemies":"Masked Bandits","floor":28,"turns":3}],"seed_played":"-4261940713129358445","potions_obtained":[{"floor":11.0,"key":"Ancient Potion"},{"floor":14.0,"key":"FocusPotion"},{"floor":21,"key":"PowerPotion"},{"floor":27,"key":"SteroidPotion"}],"is_trial":false,"path_per_floor":["M","M","M","M","M","R","E","R","T","R","?","$","R","M","R","B",null,"M","M","?","?","?","R","M","R","T","M","?"],"character_chosen":"DEFECT","items_purchased":["Membership Card"],"campfire_rested":2,"item_purchase_floors":[12],"current_hp_per_floor":[64,63,57,53,53,53,30,30,30,30,27,27,49,45,45,18,61,49,49,49,36,36,62,60,60,60,53,0],"gold":402,"neow_bonus":"TRANSFORM_CARD","is_prod":false,"is_daily":false,"chose_seed":false,"campfire_upgraded":5,"win_rate":0,"timestamp":1554866685,"path_taken":["M","M","M","M","M","R","E","R","T","R","?","$","R","M","R","BOSS","M","M","?","?","?","R","M","R","T","M","?"],"build_version":"2019-01-23","purchased_purges":1,"victory":false,"max_hp_per_floor":[75,75,75,75,75,75,75,75,75,75,75,75,75,75,75,75,75,75,75,75,89,89,89,89,89,89,89,89],"card_choices":[{"not_picked":["Go for the Eyes","Rebound"],"picked":"Coolheaded","floor":1.0},{"not_picked":["Beam Cell","Rebound","FTL"],"picked":"SKIP","floor":2.0},{"not_picked":["Beam Cell","Steam Power"],"picked":"Cold Snap","floor":3.0},{"not_picked":["Steam","Turbo"],"picked":"Compile Driver","floor":4.0},{"not_picked":["Loop","Steam"],"picked":"Consume","floor":5.0},{"not_picked":["Beam Cell","FTL"],"picked":"Chill","floor":7.0},{"not_picked":["Hello World","Stack"],"picked":"Doom and Gloom","floor":11.0},{"not_picked":["Conserve Battery","Ball Lightning"],"picked":"Tempest","floor":14.0},{"not_picked":["Hyperbeam","Amplify"],"picked":"Seek","floor":16.0},{"not_picked":["Redo","Stack","Sweeping Beam"],"picked":"SKIP","floor":18.0},{"not_picked":["Echo Form","Reinforced Body"],"picked":"Glacier","floor":19.0},{"not_picked":["Heatsinks","Hello World"],"picked":"Leap+1","floor":21},{"not_picked":["Beam Cell","Compile Driver","Skim"],"picked":"SKIP","floor":24},{"not_picked":["Aggregate","Melter"],"picked":"Defragment","floor":27}],"player_experience":532548,"relics_obtained":[{"floor":7.0,"key":"WingedGreaves"},{"floor":9.0,"key":"Unceasing Top"},{"floor":11.0,"key":"Dead Branch"},{"floor":21,"key":"Mango"},{"floor":21,"key":"Ornamental Fan"},{"floor":26,"key":"Art of War"}],"event_choices":[{"damage_healed":0.0,"max_hp_gain":0.0,"max_hp_loss":0.0,"gold_gain":0.0,"event_name":"Dead Adventurer","player_choice":"Searched \u00271\u0027 times","floor":11.0,"gold_loss":0.0,"damage_taken":0.0},{"damage_healed":0.0,"max_hp_gain":0.0,"max_hp_loss":0.0,"gold_gain":99.0,"event_name":"Nest","player_choice":"Stole From Cult","floor":20.0,"gold_loss":0.0,"damage_taken":0.0},{"damage_healed":0,"gold_gain":0,"player_choice":"Fight","damage_taken":0,"max_hp_gain":0,"max_hp_loss":0,"event_name":"Colosseum","floor":21,"gold_loss":0},{"damage_healed":0,"gold_gain":0,"player_choice":"Fought Nobs","damage_taken":0,"max_hp_gain":0,"max_hp_loss":0,"event_name":"Colosseum","floor":21,"gold_loss":0},{"damage_healed":0,"gold_gain":0,"player_choice":"Opened","damage_taken":0,"relics_obtained":["Bird Faced Urn"],"max_hp_gain":0,"max_hp_loss":0,"event_name":"The Mausoleum","floor":22,"gold_loss":0},{"damage_healed":0,"gold_gain":0,"player_choice":"Fought Bandits","damage_taken":0,"max_hp_gain":0,"max_hp_loss":0,"event_name":"Masked Bandits","floor":28,"gold_loss":0}],"is_beta":false,"boss_relics":[{"not_picked":["Velvet Choker","Nuclear Battery"],"picked":"Empty Cage"}],"items_purged_floors":[12],"is_endless":false,"potions_floor_spawned":[11,14,16,21,27],"killed_by":"Masked Bandits","ascension_level":11}