{"gold_per_floor":[114,289,41,41,58,58,71,119,197,124,141,141,160,160],"floor_reached":14,"playtime":1384,"items_purged":["Doubt","Strike_R"],"score":80,"play_id":"a19a224c-830d-402e-ae91-e5c5d6ce9429","local_time":"20190307142412","is_ascension_mode":false,"campfire_choices":[{"data":"Armaments","floor":6,"key":"SMITH"}],"neow_cost":"NONE","seed_source_timestamp":1879005815639004,"circlet_count":0,"master_deck":["Strike_R","Strike_R","Strike_R","Strike_R","Defend_R","Defend_R","Defend_R","Defend_R","Bash","True Grit","Corruption","Armaments+1","Madness","Heavy Blade","Second Wind+1","Warcry+1","Body Slam","Shrug It Off"],"relics":["Burning Blood","NeowsBlessing","Smiling Mask"],"potions_floor_usage":[],"damage_taken":[{"damage":0,"enemies":"Cultist","floor":1,"turns":1},{"damage":0,"enemies":"Jaw Worm","floor":5,"turns":1},{"damage":0,"enemies":"2 Louse","floor":7,"turns":1},{"damage":53,"enemies":"Gremlin Gang","floor":11,"turns":7},{"damage":0,"enemies":"Exordium Thugs","floor":13,"turns":5},{"damage":23,"enemies":"3 Sentries","floor":14,"turns":4}],"seed_played":"-6261456798775198491","potions_obtained":[{"floor":11,"key":"Strength Potion"},{"floor":13,"key":"Block Potion"}],"is_trial":false,"path_per_floor":["M","?","$","?","M","R","M","T","T","$","M","?","M","E"],"character_chosen":"IRONCLAD","items_purchased":["Corruption","Armaments","Madness","Warcry"],"campfire_rested":0,"item_purchase_floors":[3,3,3,10],"current_hp_per_floor":[80,80,80,80,80,80,80,80,80,80,33,17,23,0],"gold":160,"neow_bonus":"THREE_ENEMY_KILL","is_prod":false,"is_daily":false,"chose_seed":false,"campfire_upgraded":1,"win_rate":0,"timestamp":1551936252,"path_taken":["M","?","?","?","?","R","M","?","T","?","M","?","M","E"],"build_version":"2019-01-23","purchased_purges":2,"victory":false,"max_hp_per_floor":[80,80,80,80,80,80,80,80,80,80,80,80,80,80],"card_choices":[{"not_picked":["Sword Boomerang","Evolve"],"picked":"True Grit","floor":1},{"not_picked":["Wild Strike","Shockwave"],"picked":"Heavy Blade","floor":5},{"not_picked":["Combust","Evolve"],"picked":"Second Wind","floor":7},{"not_picked":["Rage","Twin Strike"],"picked":"Body Slam","floor":11},{"not_picked":["Headbutt","Rupture"],"picked":"Shrug It Off","floor":13}],"player_experience":174398,"relics_obtained":[{"floor":8,"key":"Smiling Mask"}],"event_choices":[{"damage_healed":0,"gold_gain":175,"player_choice":"AGREE","damage_taken":0,"max_hp_gain":0,"max_hp_loss":0,"event_name":"Liars Game","floor":2,"gold_loss":0,"cards_obtained":["Doubt"]},{"damage_healed":0,"gold_gain":0,"player_choice":"0 cards matched","damage_taken":0,"max_hp_gain":0,"max_hp_loss":0,"event_name":"Match and Keep!","floor":4,"gold_loss":0,"cards_obtained":[]},{"damage_healed":0,"gold_gain":0,"player_choice":"Entered Light","damage_taken":16,"max_hp_gain":0,"max_hp_loss":0,"event_name":"Shining Light","floor":12,"gold_loss":0,"cards_upgraded":["Second Wind","Warcry"]}],"is_beta":false,"boss_relics":[],"items_purged_floors":[3,10],"is_endless":false,"potions_floor_spawned":[11,13],"killed_by":"3 Sentries","ascension_level":0}