{"gold_per_floor":[117,117,117,132,151,151,164,164,246,273,273,284,301,312,312,414,414,432,432,89,102,117,117,147,147,171,171,201,216,396,415,415,510,510,525,535,580,580,133,133,133,133,160,194,206,220,235,235,235,235],"floor_reached":51,"playtime":6821,"items_purged":["Reckless Charge","Inflame+1"],"score":829,"play_id":"3c15c885-f88c-416e-9942-13f919edb131","local_time":"20190311171222","is_ascension_mode":true,"campfire_choices":[{"data":"Second Wind","floor":6.0,"key":"SMITH"},{"data":"Armaments","floor":8.0,"key":"SMITH"},{"data":"Body Slam","floor":15.0,"key":"SMITH"},{"data":"Evolve","floor":23.0,"key":"SMITH"},{"data":"Rupture","floor":25.0,"key":"SMITH"},{"data":"Warcry","floor":27.0,"key":"SMITH"},{"data":"Armaments","floor":32.0,"key":"SMITH"},{"data":"Barricade","floor":40.0,"key":"SMITH"},{"data":"Madness","floor":42.0,"key":"SMITH"},{"floor":49.0,"key":"REST"}],"neow_cost":"NONE","seed_source_timestamp":2228763814380051,"circlet_count":0,"master_deck":["Bash","Second Wind+1","Armaments+1","Wild Strike","Offering","Metallicize","Body Slam+1","Power Through","Juggernaut","Warcry+1","Flame Barrier","Shrug It Off+1","Fiend Fire","Evolve+1","Battle Trance","Second Wind","Feel No Pain","Armaments+1","Barricade+1","Sentinel+1","Juggernaut+1","Feed+1","Power Through+1","Dark Embrace","Madness+1","Madness+1","Disarm","Metallicize","Warcry+1"],"special_seed":0,"relics":["Burning Blood","Smiling Mask","Self Forming Clay","Strawberry","Pandora\u0027s Box","Oddly Smooth Stone","Bronze Scales","Magic Flower","Ancient Tea Set","Red Mask","Astrolabe","Girya","Sundial","War Paint","Juzu Bracelet","Darkstone Periapt"],"potions_floor_usage":[50,50,50],"damage_taken":[{"damage":12.0,"enemies":"Small Slimes","floor":1.0,"turns":5.0},{"damage":0.0,"enemies":"2 Louse","floor":4.0,"turns":3.0},{"damage":1.0,"enemies":"Cultist","floor":5.0,"turns":3.0},{"damage":0.0,"enemies":"Gremlin Gang","floor":7.0,"turns":5.0},{"damage":20.0,"enemies":"Gremlin Nob","floor":10.0,"turns":5.0},{"damage":6.0,"enemies":"Large Slime","floor":12.0,"turns":4.0},{"damage":6.0,"enemies":"Lots of Slimes","floor":13.0,"turns":4.0},{"damage":6.0,"enemies":"2 Fungi Beasts","floor":14.0,"turns":2.0},{"damage":19.0,"enemies":"The Guardian","floor":16.0,"turns":10.0},{"damage":6.0,"enemies":"3 Byrds","floor":18.0,"turns":4.0},{"damage":8.0,"enemies":"Spheric Guardian","floor":21.0,"turns":3.0},{"damage":15.0,"enemies":"Snake Plant","floor":22.0,"turns":3.0},{"damage":6.0,"enemies":"Gremlin Leader","floor":24.0,"turns":4.0},{"damage":7.0,"enemies":"Masked Bandits","floor":28.0,"turns":3.0},{"damage":6.0,"enemies":"Snecko","floor":29.0,"turns":4.0},{"damage":17.0,"enemies":"3 Cultists","floor":31.0,"turns":4.0},{"damage":27.0,"enemies":"Champ","floor":33.0,"turns":11.0},{"damage":18.0,"enemies":"Orb Walker","floor":35.0,"turns":5.0},{"damage":7.0,"enemies":"3 Shapes","floor":36.0,"turns":4.0},{"damage":75.0,"enemies":"2 Orb Walkers","floor":37.0,"turns":6.0},{"damage":9.0,"enemies":"Giant Head","floor":44.0,"turns":5.0},{"damage":68.0,"enemies":"Transient","floor":45.0,"turns":5.0},{"damage":6.0,"enemies":"4 Shapes","floor":46.0,"turns":7.0},{"damage":14.0,"enemies":"Spire Growth","floor":47.0,"turns":7.0},{"damage":35,"enemies":"Awakened One","floor":50,"turns":9}],"seed_played":"-9012804733260547211","potions_obtained":[{"floor":4.0,"key":"PowerPotion"},{"floor":7.0,"key":"LiquidBronze"},{"floor":10.0,"key":"Swift Potion"},{"floor":12.0,"key":"SpeedPotion"},{"floor":13.0,"key":"Block Potion"},{"floor":18.0,"key":"Strength Potion"},{"floor":28.0,"key":"SpeedPotion"},{"floor":37.0,"key":"Fruit Juice"},{"floor":44.0,"key":"Block Potion"},{"floor":47.0,"key":"EssenceOfSteel"}],"is_trial":false,"path_per_floor":["M","?","?","M","M","R","M","R","T","E","?","M","M","M","R","B",null,"M","?","$","M","M","R","E","R","T","R","?","M","?","M","R","B",null,"M","M","?","?","$","R","?","R","T","E","M","M","M","T","R","B",null],"character_chosen":"IRONCLAD","items_purchased":["Oddly Smooth Stone","Bronze Scales","Dark Embrace","Sundial"],"campfire_rested":1,"item_purchase_floors":[20,20,39,39],"current_hp_per_floor":[74,74,74,80,80,80,80,80,80,73,73,73,73,73,73,60,87,87,87,87,85,76,76,76,76,76,76,78,81,57,49,49,31,87,78,80,19,80,80,80,70,70,70,70,11,20,21,21,47,21],"gold":235,"neow_bonus":"RANDOM_COMMON_RELIC","is_prod":false,"is_daily":false,"chose_seed":false,"campfire_upgraded":9,"win_rate":0,"timestamp":1552291942,"path_taken":["M","?","?","M","?","R","?","R","T","E","?","?","M","M","R","BOSS","M","?","$","M","M","R","E","R","T","R","?","?","?","?","R","BOSS","M","?","?","?","$","R","?","R","T","E","M","M","M","?","R","BOSS"],"build_version":"2019-01-23","purchased_purges":2,"victory":true,"max_hp_per_floor":[80,80,80,80,80,80,80,80,80,87,87,87,87,87,87,87,87,87,87,87,87,87,87,87,87,87,87,87,87,87,87,87,87,87,87,87,92,80,80,80,80,80,80,80,80,84,88,88,88,88],"card_choices":[{"not_picked":["Cleave","Disarm"],"picked":"Iron Wave","floor":1.0},{"not_picked":["Uppercut","Power Through"],"picked":"Second Wind","floor":4.0},{"not_picked":["Intimidate","Havoc","Infernal Blade"],"picked":"SKIP","floor":5.0},{"not_picked":["Carnage","Havoc"],"picked":"Armaments","floor":7.0},{"not_picked":["Hemokinesis","Anger"],"picked":"Wild Strike","floor":10.0},{"not_picked":["Thunderclap","Heavy Blade"],"picked":"Metallicize","floor":12.0},{"not_picked":["Sword Boomerang","Thunderclap"],"picked":"Body Slam","floor":13.0},{"not_picked":["Double Tap","Flex"],"picked":"Power Through","floor":14.0},{"not_picked":["Demon Form","Bludgeon"],"picked":"Juggernaut","floor":16.0},{"not_picked":["Pommel Strike","Combust"],"picked":"Thunderclap+1","floor":18.0},{"not_picked":["Sever Soul","Cleave","Clash"],"picked":"SKIP","floor":21.0},{"not_picked":["Cleave+1","Flex"],"picked":"Battle Trance","floor":22.0},{"not_picked":["Perfected Strike+1","Cleave"],"picked":"Second Wind","floor":24.0},{"not_picked":["Metallicize","Body Slam+1"],"picked":"Feel No Pain","floor":28.0},{"not_picked":["Thunderclap","Clash"],"picked":"Inflame+1","floor":29.0},{"not_picked":["Anger","Rupture+1"],"picked":"Armaments","floor":31.0},{"not_picked":["Impervious","Brutality"],"picked":"Barricade","floor":33.0},{"not_picked":["Heavy Blade+1","Thunderclap","Iron Wave"],"picked":"SKIP","floor":35.0},{"not_picked":["Corruption+1","Cleave+1"],"picked":"Power Through+1","floor":36.0},{"not_picked":["Uppercut","Heavy Blade+1"],"picked":"Disarm","floor":44.0},{"not_picked":["Limit Break","Headbutt+1","Thunderclap+1"],"picked":"SKIP","floor":45.0},{"not_picked":["Heavy Blade+1","Rage"],"picked":"Metallicize","floor":46.0},{"not_picked":["Pommel Strike+1","Seeing Red"],"picked":"Warcry+1","floor":47.0}],"player_experience":310336,"relics_obtained":[{"floor":9.0,"key":"Self Forming Clay"},{"floor":10.0,"key":"Strawberry"},{"floor":24.0,"key":"Magic Flower"},{"floor":26.0,"key":"Ancient Tea Set"},{"floor":28.0,"key":"Red Mask"},{"floor":37.0,"key":"Girya"},{"floor":43.0,"key":"War Paint"},{"floor":44.0,"key":"Juzu Bracelet"},{"floor":48.0,"key":"Darkstone Periapt"}],"event_choices":[{"cards_removed":["Strike_R"],"damage_healed":0.0,"max_hp_gain":0.0,"max_hp_loss":0.0,"gold_gain":0.0,"event_name":"Living Wall","player_choice":"Forget","floor":2.0,"gold_loss":0.0,"damage_taken":0.0},{"cards_removed":["Defend_R"],"damage_healed":0.0,"max_hp_gain":0.0,"max_hp_loss":0.0,"gold_gain":0.0,"event_name":"Bonfire Elementals","player_choice":"Offered Basic","floor":3.0,"gold_loss":0.0,"damage_taken":0.0},{"damage_healed":0.0,"max_hp_gain":0.0,"max_hp_loss":0.0,"gold_gain":0.0,"event_name":"Match and Keep!","player_choice":"1 cards matched","floor":11.0,"gold_loss":0.0,"damage_taken":0.0,"cards_obtained":["Offering"]},{"damage_healed":0.0,"max_hp_gain":0.0,"max_hp_loss":0.0,"gold_gain":0.0,"cards_transformed":["Anger","Twin Strike"],"event_name":"Drug Dealer","player_choice":"Became Test Subject","floor":19.0,"gold_loss":0.0,"damage_taken":0.0,"cards_obtained":["Evolve","Rupture"]},{"damage_healed":0.0,"max_hp_gain":0.0,"max_hp_loss":0.0,"gold_gain":0.0,"event_name":"Masked Bandits","player_choice":"Fought Bandits","floor":28.0,"gold_loss":0.0,"damage_taken":0.0},{"damage_healed":0.0,"max_hp_gain":0.0,"max_hp_loss":0.0,"gold_gain":180.0,"event_name":"Knowing Skull","player_choice":"GOLD GOLD ","floor":30.0,"potions_obtained":[],"gold_loss":0.0,"damage_taken":24.0,"cards_obtained":[]},{"damage_healed":0.0,"max_hp_gain":0.0,"max_hp_loss":0.0,"gold_gain":0.0,"event_name":"Mysterious Sphere","player_choice":"Fight","floor":37.0,"gold_loss":0.0,"damage_taken":0.0},{"damage_healed":80.0,"max_hp_gain":0.0,"max_hp_loss":12.0,"gold_gain":0.0,"event_name":"The Moai Head","player_choice":"Heal","floor":38.0,"gold_loss":0.0,"damage_taken":0.0},{"damage_healed":0.0,"max_hp_gain":0.0,"max_hp_loss":0.0,"gold_gain":0.0,"event_name":"Winding Halls","player_choice":"Embrace Madness","floor":41.0,"gold_loss":0.0,"damage_taken":10.0,"cards_obtained":["Madness","Madness"]}],"is_beta":false,"boss_relics":[{"not_picked":["Runic Pyramid","Tiny House"],"picked":"Pandora\u0027s Box"},{"not_picked":["Eternal Feather","Orrery"],"picked":"Astrolabe"}],"items_purged_floors":[20,39],"is_endless":false,"potions_floor_spawned":[4,7,10,12,13,18,28,31,37,44,47],"ascension_level":3}