{"gold_per_floor":[110,127,143,116,127,160,160,173,200,200,200,200,220,234,234,336,336,261,24,24,35,45,45,45,145,145,145,145,2,13,13,13,118,118,135,189,189,208,227,227,242,242,242,254,254,254,47,59,59,59],"floor_reached":51,"playtime":4823,"items_purged":[],"score":891,"play_id":"ccd83462-ca68-4a9c-b599-89cb94bc53ca","local_time":"20190327181733","is_ascension_mode":true,"campfire_choices":[{"data":"Self Repair","floor":7.0,"key":"SMITH"},{"data":"Sunder","floor":10.0,"key":"SMITH"},{"data":"Glacier","floor":15.0,"key":"SMITH"},{"data":"Defragment","floor":23.0,"key":"SMITH"},{"data":"1","floor":27.0,"key":"LIFT"},{"floor":32.0,"key":"REST"},{"floor":40.0,"key":"REST"},{"data":"2","floor":42.0,"key":"LIFT"},{"data":"3","floor":45.0,"key":"LIFT"},{"data":"Go for the Eyes","floor":49.0,"key":"SMITH"}],"neow_cost":"NONE","seed_source_timestamp":237596870019000,"circlet_count":0,"master_deck":["Strike_B","Strike_B","Strike_B","Defend_B","Zap","Dualcast","Dramatic Entrance","Steam","Cold Snap","Self Repair+1","Steam","Sunder+1","Compile Driver","Go for the Eyes+1","Glacier+1","Coolheaded","Fission","Streamline+1","Defragment+1","Sunder","All For One","Blizzard+1","Redo+1","RitualDagger","Amplify","Redo+1","Reboot+1","Streamline+1","Hologram+1","Double Energy","Stack","Cold Snap+1","Go for the Eyes+1","Melter","Conserve Battery+1"],"special_seed":0,"relics":["FrozenCore","Torii","Orichalcum","Happy Flower","Centennial Puzzle","Girya","Dodecahedron","Sundial","Strawberry","Astrolabe","WingedGreaves","Omamori","Runic Capacitor"],"potions_floor_usage":[50,50],"damage_taken":[{"damage":6.0,"enemies":"Cultist","floor":1.0,"turns":4.0},{"damage":2.0,"enemies":"Jaw Worm","floor":2.0,"turns":3.0},{"damage":0.0,"enemies":"Small Slimes","floor":3.0,"turns":2.0},{"damage":8.0,"enemies":"Blue Slaver","floor":5.0,"turns":4.0},{"damage":21.0,"enemies":"Gremlin Nob","floor":6.0,"turns":5.0},{"damage":2.0,"enemies":"Large Slime","floor":8.0,"turns":8.0},{"damage":1.0,"enemies":"Looter","floor":13.0,"turns":3.0},{"damage":0.0,"enemies":"2 Fungi Beasts","floor":14.0,"turns":2.0},{"damage":17.0,"enemies":"Hexaghost","floor":16.0,"turns":14.0},{"damage":11.0,"enemies":"2 Thieves","floor":18.0,"turns":5.0},{"damage":11.0,"enemies":"3 Byrds","floor":21.0,"turns":8.0},{"damage":22.0,"enemies":"Snake Plant","floor":22.0,"turns":8.0},{"damage":15.0,"enemies":"Colosseum Slavers","floor":25.0,"turns":5.0},{"damage":14.0,"enemies":"Colosseum Nobs","floor":25.0,"turns":6.0},{"damage":2.0,"enemies":"3 Cultists","floor":30.0,"turns":6.0},{"damage":56.0,"enemies":"Automaton","floor":33.0,"turns":13.0},{"damage":9.0,"enemies":"Orb Walker","floor":35.0,"turns":4.0},{"damage":13.0,"enemies":"2 Orb Walkers","floor":36.0,"turns":4.0},{"damage":0.0,"enemies":"3 Darklings","floor":38.0,"turns":5.0},{"damage":30.0,"enemies":"Spire Growth","floor":39.0,"turns":7.0},{"damage":23.0,"enemies":"Transient","floor":41.0,"turns":5.0},{"damage":1.0,"enemies":"3 Darklings","floor":44.0,"turns":5.0},{"damage":6.0,"enemies":"Sphere and 2 Shapes","floor":48.0,"turns":4.0},{"damage":50,"enemies":"Donu and Deca","floor":50,"turns":16}],"seed_played":"3743181350336142476","potions_obtained":[{"floor":6.0,"key":"SkillPotion"},{"floor":8.0,"key":"AttackPotion"},{"floor":13.0,"key":"SteroidPotion"},{"floor":16.0,"key":"SkillPotion"},{"floor":22.0,"key":"SpeedPotion"},{"floor":25.0,"key":"SneckoOil"},{"floor":30.0,"key":"FearPotion"},{"floor":35.0,"key":"PowerPotion"},{"floor":41.0,"key":"Fire Potion"},{"floor":44.0,"key":"FearPotion"}],"is_trial":false,"path_per_floor":["M","M","M","$","M","E","R","M","T","R","$","?","M","M","R","B",null,"M","$","?","M","M","R","?","?","T","R","$","$","M","?","R","B",null,"M","?","?","M","M","R","M","R","T","M","R","?","$","M","R","B",null],"character_chosen":"DEFECT","items_purchased":["Steam","Happy Flower","Defragment","Strawberry","Runic Capacitor"],"campfire_rested":2,"item_purchase_floors":[4,19,19,29,47],"current_hp_per_floor":[62,60,60,60,59,38,38,46,46,46,46,46,55,55,55,48,68,67,67,67,66,54,54,54,45,45,45,45,52,60,54,78,32,70,61,68,68,78,58,82,69,69,69,78,78,78,78,82,82,42],"gold":59,"neow_bonus":"RANDOM_COLORLESS","is_prod":false,"is_daily":false,"chose_seed":false,"campfire_upgraded":5,"win_rate":0,"timestamp":1553707053,"path_taken":["M","M","M","$","M","E","R","M","T","R","$","?","M","M","R","BOSS","M","$","?","M","M","R","?","?","T","R","?","$","M","?","R","BOSS","M","?","?","M","M","R","M","R","T","M","R","?","$","?","R","BOSS"],"build_version":"2019-01-23","purchased_purges":0,"victory":true,"max_hp_per_floor":[75,75,75,75,75,75,75,75,75,75,75,75,75,75,75,75,75,75,75,75,75,75,75,75,75,75,75,75,82,82,82,82,82,82,82,82,82,82,82,82,82,82,82,82,82,82,82,82,82,82],"card_choices":[{"not_picked":["Hologram","Compile Driver"],"picked":"Steam","floor":1.0},{"not_picked":["Beam Cell","Compile Driver"],"picked":"Cold Snap","floor":2.0},{"not_picked":["Go for the Eyes","Stack"],"picked":"Self Repair","floor":3.0},{"not_picked":["Reinforced Body","Coolheaded"],"picked":"Sunder","floor":5.0},{"not_picked":["Force Field","Reboot"],"picked":"Compile Driver","floor":6.0},{"not_picked":["Redo","Barrage"],"picked":"Go for the Eyes","floor":8.0},{"not_picked":["Steam Power","Turbo"],"picked":"Glacier","floor":13.0},{"not_picked":["Beam Cell","Auto Shields"],"picked":"Coolheaded","floor":14.0},{"not_picked":["Electrodynamics","Rainbow"],"picked":"Fission","floor":16.0},{"not_picked":["Gash","Reinforced Body+1"],"picked":"Streamline+1","floor":18.0},{"not_picked":["Coolheaded","Redo"],"picked":"Sunder","floor":21.0},{"not_picked":["Rebound+1","Tempest"],"picked":"All For One","floor":22.0},{"not_picked":["Beam Cell+1","Hologram+1"],"picked":"Blizzard+1","floor":25.0},{"not_picked":["Leap","Gash"],"picked":"Redo+1","floor":30.0},{"not_picked":["All For One","Meteor Strike"],"picked":"Amplify","floor":33.0},{"not_picked":["Rebound","Go for the Eyes+1"],"picked":"Hologram+1","floor":35.0},{"not_picked":["Compile Driver+1","Gash+1"],"picked":"Double Energy","floor":36.0},{"not_picked":["Rebound+1","Sweeping Beam"],"picked":"Stack","floor":38.0},{"not_picked":["Fusion+1","Rebound+1"],"picked":"Cold Snap+1","floor":39.0},{"not_picked":["Electrodynamics","Steam"],"picked":"Go for the Eyes+1","floor":41.0},{"not_picked":["Coolheaded+1","Static Discharge+1"],"picked":"Melter","floor":44.0},{"not_picked":["Redo","Streamline+1"],"picked":"Conserve Battery+1","floor":48.0}],"player_experience":608419,"relics_obtained":[{"floor":6.0,"key":"Torii"},{"floor":9.0,"key":"Orichalcum"},{"floor":25.0,"key":"Girya"},{"floor":25.0,"key":"Dodecahedron"},{"floor":26.0,"key":"Sundial"},{"floor":36.0,"key":"WingedGreaves"},{"floor":43.0,"key":"Omamori"}],"event_choices":[{"damage_healed":0.0,"max_hp_gain":0.0,"max_hp_loss":0.0,"gold_gain":0.0,"event_name":"Liars Game","player_choice":"Ignored","floor":12.0,"gold_loss":0.0,"damage_taken":0.0},{"damage_healed":0.0,"max_hp_gain":0.0,"max_hp_loss":0.0,"gold_gain":0.0,"event_name":"Ghosts","player_choice":"Ignored","floor":20.0,"gold_loss":0.0,"damage_taken":0.0},{"damage_healed":0.0,"max_hp_gain":0.0,"max_hp_loss":0.0,"gold_gain":0.0,"event_name":"The Mausoleum","player_choice":"Opened","floor":24.0,"gold_loss":0.0,"damage_taken":0.0,"relics_obtained":["Centennial Puzzle"]},{"damage_healed":0.0,"max_hp_gain":0.0,"max_hp_loss":0.0,"gold_gain":0.0,"event_name":"Colosseum","player_choice":"Fight","floor":25.0,"gold_loss":0.0,"damage_taken":0.0},{"damage_healed":0.0,"max_hp_gain":0.0,"max_hp_loss":0.0,"gold_gain":0.0,"event_name":"Colosseum","player_choice":"Fought Nobs","floor":25.0,"gold_loss":0.0,"damage_taken":0.0},{"damage_healed":0.0,"max_hp_gain":0.0,"max_hp_loss":0.0,"gold_gain":0.0,"event_name":"Nest","player_choice":"Joined the Cult","floor":31.0,"gold_loss":0.0,"damage_taken":6.0,"cards_obtained":["RitualDagger"]},{"damage_healed":0.0,"max_hp_gain":0.0,"max_hp_loss":0.0,"gold_gain":0.0,"event_name":"Mysterious Sphere","player_choice":"Fight","floor":36.0,"gold_loss":0.0,"damage_taken":0.0},{"damage_healed":0.0,"max_hp_gain":0.0,"max_hp_loss":0.0,"gold_gain":0.0,"event_name":"Tomb of Lord Red Mask","player_choice":"Ignored","floor":37.0,"gold_loss":0.0,"damage_taken":0.0},{"cards_removed":["Strike_B"],"damage_healed":0.0,"max_hp_gain":0.0,"max_hp_loss":0.0,"gold_gain":0.0,"event_name":"Falling","player_choice":"Removed Attack","floor":46.0,"gold_loss":0.0,"damage_taken":0.0}],"is_beta":false,"boss_relics":[{"not_picked":["Calling Bell","Nuclear Battery"],"picked":"FrozenCore"},{"not_picked":["Velvet Choker","Runic Dome"],"picked":"Astrolabe"}],"items_purged_floors":[],"is_endless":false,"potions_floor_spawned":[6,8,13,16,22,25,25,30,35,41,44],"ascension_level":9}