{"gold_per_floor":[131,143,171,193,205,217,249,211,223,235,257,269,301,326,338,448,460,487,290,290,342,342,342,381,395,395,434,434,434,434,450,450,450],"floor_reached":33,"playtime":2027,"items_purged":[],"score":291,"play_id":"2343544f-05d4-46b4-98b6-299e180ef629","local_time":"20190411020621","is_ascension_mode":false,"campfire_choices":[{"data":"Bash","floor":6,"key":"SMITH"},{"data":"Armaments","floor":10,"key":"SMITH"},{"data":"True Grit","floor":12,"key":"SMITH"},{"data":"Disarm","floor":15,"key":"SMITH"},{"data":"J.A.X.","floor":23,"key":"SMITH"},{"data":"Feed","floor":28,"key":"SMITH"},{"data":"Dual Wield","floor":30,"key":"SMITH"},{"floor":32,"key":"REST"}],"neow_cost":"NONE","seed_source_timestamp":20951639985000,"circlet_count":0,"master_deck":["Strike_R","Strike_R","Strike_R","Strike_R","Strike_R","Defend_R","Defend_R","Defend_R","Defend_R","Bash+1","Disarm+1","Shrug It Off","True Grit+1","Armaments+1","Spot Weakness","Feed+1","Carnage","Inflame","HandOfGreed","J.A.X.+1","Headbutt","Burning Pact","Headbutt+1","Dual Wield+1","Writhe","Disarm+1"],"relics":["Black Blood","MawBank","Bronze Scales","Centennial Puzzle","FossilizedHelix","Self Forming Clay","Meat on the Bone"],"potions_floor_usage":[16,21,25,31,33],"damage_taken":[{"damage":6,"enemies":"Cultist","floor":1,"turns":3},{"damage":4,"enemies":"2 Louse","floor":3,"turns":3},{"damage":3,"enemies":"Small Slimes","floor":4,"turns":3},{"damage":8,"enemies":"Blue Slaver","floor":7,"turns":4},{"damage":6,"enemies":"3 Louse","floor":11,"turns":3},{"damage":0,"enemies":"Exordium Wildlife","floor":13,"turns":4},{"damage":13,"enemies":"Lots of Slimes","floor":14,"turns":4},{"damage":0,"enemies":"The Guardian","floor":16,"turns":12},{"damage":5,"enemies":"3 Byrds","floor":18,"turns":4},{"damage":17,"enemies":"2 Thieves","floor":21,"turns":4},{"damage":9,"enemies":"Centurion and Healer","floor":24,"turns":5},{"damage":30,"enemies":"Chosen and Byrds","floor":25,"turns":5},{"damage":14,"enemies":"Snake Plant","floor":27,"turns":3},{"damage":44,"enemies":"3 Cultists","floor":31,"turns":7},{"damage":79,"enemies":"Automaton","floor":33,"turns":8}],"seed_played":"-7731846131299571135","potions_obtained":[{"floor":1,"key":"AttackPotion"},{"floor":3,"key":"FearPotion"},{"floor":13,"key":"Swift Potion"},{"floor":18,"key":"Weak Potion"},{"floor":24,"key":"SpeedPotion"}],"is_trial":false,"path_per_floor":["M","T","M","M","?","R","M","?","T","R","M","R","M","M","R","B",null,"M","$","?","M","?","R","M","M","T","M","R","?","R","M","R","B"],"character_chosen":"IRONCLAD","items_purchased":["Inflame","HandOfGreed"],"campfire_rested":1,"item_purchase_floors":[19,19],"current_hp_per_floor":[80,80,80,80,80,80,78,78,78,78,78,78,80,73,73,79,80,83,83,83,76,76,76,80,63,63,59,59,59,59,41,68,0],"gold":450,"neow_bonus":"RANDOM_COMMON_RELIC","is_prod":false,"is_daily":false,"chose_seed":false,"campfire_upgraded":7,"win_rate":0,"timestamp":1554973581,"path_taken":["M","?","M","M","?","R","M","?","T","R","M","R","M","M","R","BOSS","M","$","?","M","?","R","M","M","T","M","R","?","R","M","R","BOSS"],"build_version":"2019-01-23","purchased_purges":0,"victory":false,"max_hp_per_floor":[80,80,80,80,80,80,80,80,80,80,80,80,80,80,80,80,80,83,83,83,83,83,83,86,89,89,89,89,89,89,93,93,93],"card_choices":[{"not_picked":["Flex","Twin Strike"],"picked":"Disarm","floor":1},{"not_picked":["Warcry","Corruption"],"picked":"Shrug It Off","floor":3},{"not_picked":["Entrench","Evolve"],"picked":"True Grit","floor":4},{"not_picked":["Perfected Strike","Shrug It Off"],"picked":"Armaments","floor":7},{"not_picked":["Blood for Blood","Flame Barrier"],"picked":"Spot Weakness","floor":11},{"not_picked":["Clash","Pommel Strike","Thunderclap"],"picked":"SKIP","floor":13},{"not_picked":["Clothesline","Infernal Blade","Reckless Charge"],"picked":"SKIP","floor":14},{"not_picked":["Double Tap","Berserk"],"picked":"Feed","floor":16},{"not_picked":["Headbutt","Havoc"],"picked":"Carnage","floor":18},{"not_picked":["Pommel Strike","Power Through"],"picked":"Headbutt","floor":21},{"not_picked":["Iron Wave","Twin Strike"],"picked":"Burning Pact","floor":24},{"not_picked":["Intimidate+1","Clash"],"picked":"Headbutt+1","floor":25},{"not_picked":["Hemokinesis","Wild Strike"],"picked":"Dual Wield","floor":27},{"not_picked":["Second Wind","Thunderclap+1"],"picked":"Disarm+1","floor":31}],"player_experience":160532,"relics_obtained":[{"floor":2,"key":"Bronze Scales"},{"floor":9,"key":"FossilizedHelix"},{"floor":26,"key":"Self Forming Clay"}],"event_choices":[{"damage_healed":0,"gold_gain":0,"player_choice":"Box","damage_taken":0,"relics_obtained":["Centennial Puzzle"],"max_hp_gain":0,"max_hp_loss":0,"event_name":"Big Fish","floor":5,"gold_loss":0,"cards_obtained":["Regret"]},{"cards_removed":["Regret"],"damage_healed":0,"gold_gain":0,"player_choice":"Card Removal","damage_taken":0,"max_hp_gain":0,"max_hp_loss":0,"event_name":"The Cleric","floor":8,"gold_loss":50},{"damage_healed":0,"gold_gain":0,"player_choice":"Obtain J.A.X.","damage_taken":0,"max_hp_gain":0,"max_hp_loss":0,"event_name":"Drug Dealer","floor":20,"gold_loss":0,"cards_obtained":["J.A.X."]},{"damage_healed":0,"gold_gain":0,"player_choice":"Ignored","damage_taken":0,"max_hp_gain":0,"max_hp_loss":0,"event_name":"Ghosts","floor":22,"gold_loss":0},{"damage_healed":0,"gold_gain":0,"player_choice":"Opened","damage_taken":0,"relics_obtained":["Meat on the Bone"],"max_hp_gain":0,"max_hp_loss":0,"event_name":"The Mausoleum","floor":29,"gold_loss":0,"cards_obtained":["Writhe"]}],"is_beta":false,"boss_relics":[{"not_picked":["Ectoplasm","Runic Cube"],"picked":"Black Blood"}],"items_purged_floors":[],"is_endless":false,"potions_floor_spawned":[1,3,13,18,24],"killed_by":"Automaton","ascension_level":0}