{"gold_per_floor":[117,30,30,30,49,74,100,135,213,213],"floor_reached":10,"playtime":319,"items_purged":[],"score":188,"play_id":"54345bb4-b188-440f-bafa-b8a726c349ad","local_time":"20190406174900","is_ascension_mode":true,"campfire_choices":[],"neow_cost":"NONE","seed_source_timestamp":4797653479942,"circlet_count":0,"master_deck":["AscendersBane","Defend_G","Defend_G","Defend_G","Defend_G","Defend_G","Strike_G","Strike_G","Strike_G","Strike_G","Strike_G","Survivor","Neutralize","Crippling Poison","Noxious Fumes","Caltrops"],"relics":["Ring of the Snake","NeowsBlessing","Snake Skull","Matryoshka","Ice Cream","Odd Mushroom","Art of War","Oddly Smooth Stone","Kunai"],"potions_floor_usage":[7,8],"damage_taken":[{"damage":0,"enemies":"Cultist","floor":1,"turns":1},{"damage":0,"enemies":"Jaw Worm","floor":5,"turns":1},{"damage":0,"enemies":"Lagavulin","floor":6,"turns":1},{"damage":10,"enemies":"The Mushroom Lair","floor":7,"turns":5},{"damage":21,"enemies":"3 Sentries","floor":8,"turns":8},{"damage":20,"enemies":"Gremlin Nob","floor":10,"turns":3}],"seed_played":"-1002207100456262907","potions_obtained":[{"floor":1,"key":"EssenceOfSteel"},{"floor":5,"key":"EssenceOfSteel"}],"is_trial":false,"path_per_floor":["M","$","?","T","M","E","?","E","T","E"],"character_chosen":"THE_SILENT","items_purchased":["Noxious Fumes"],"campfire_rested":0,"item_purchase_floors":[2],"current_hp_per_floor":[59,59,41,41,41,41,31,10,10,0],"gold":213,"neow_bonus":"THREE_ENEMY_KILL","is_prod":false,"is_daily":false,"chose_seed":false,"campfire_upgraded":0,"win_rate":0,"timestamp":1554540540,"path_taken":["M","?","?","?","M","E","?","E","T","E"],"build_version":"2019-01-23","purchased_purges":0,"victory":false,"max_hp_per_floor":[66,66,66,66,66,66,66,66,66,66],"card_choices":[{"not_picked":["Deadly Poison","Outmaneuver"],"picked":"Crippling Poison","floor":1},{"not_picked":["Sucker Punch","Underhanded Strike","Riddle With Holes"],"picked":"SKIP","floor":5},{"not_picked":["Outmaneuver","Terror"],"picked":"Caltrops","floor":6},{"not_picked":["Expertise","Backstab","Endless Agony"],"picked":"SKIP","floor":8}],"player_experience":690661,"relics_obtained":[{"floor":4,"key":"Matryoshka"},{"floor":6,"key":"Ice Cream"},{"floor":7,"key":"Odd Mushroom"},{"floor":8,"key":"Art of War"},{"floor":9,"key":"Oddly Smooth Stone"},{"floor":9,"key":"Kunai"}],"event_choices":[{"damage_healed":0,"gold_gain":0,"player_choice":"Success","damage_taken":18,"relics_obtained":["Snake Skull"],"max_hp_gain":0,"max_hp_loss":0,"event_name":"Scrap Ooze","floor":3,"gold_loss":0},{"damage_healed":0,"gold_gain":0,"player_choice":"Fought Mushrooms","damage_taken":0,"max_hp_gain":0,"max_hp_loss":0,"event_name":"Mushrooms","floor":7,"gold_loss":0}],"is_beta":false,"boss_relics":[],"items_purged_floors":[],"is_endless":false,"potions_floor_spawned":[1,5],"killed_by":"Gremlin Nob","ascension_level":18}