{"gold_per_floor":[112,112,127,39,39,70,70,70,70,82,99,126,51,23,23,97,97,115,129,129,22,38,38,51,51],"floor_reached":25,"playtime":1967,"items_purged":[],"score":497,"play_id":"fd92cbde-5f4e-4426-9276-86a83cb3b538","local_time":"20190413135043","is_ascension_mode":true,"campfire_choices":[{"data":"Neutralize","floor":7.0,"key":"SMITH"},{"data":"Well Laid Plans","floor":15.0,"key":"SMITH"},{"data":"Terror","floor":23,"key":"SMITH"}],"neow_cost":"NONE","seed_source_timestamp":52062606001100,"circlet_count":0,"master_deck":["AscendersBane","Defend_G","Defend_G","Defend_G","Defend_G","Defend_G","Strike_G","Strike_G","Strike_G","Strike_G","Survivor","Neutralize+1","Poisoned Stab+1","Quick Slash","Well Laid Plans+1","Infinite Blades","Dash","Quick Slash","Heel Hook","Quick Slash","Adrenaline","Poisoned Stab","Terror+1","Quick Slash+1"],"special_seed":0,"relics":["Ring of the Serpent","NeowsBlessing","Gremlin Horn","Nunchaku","Potion Belt"],"potions_floor_usage":[24,25,25,25,25],"damage_taken":[{"damage":0.0,"enemies":"Jaw Worm","floor":1.0,"turns":1.0},{"damage":0.0,"enemies":"2 Louse","floor":3.0,"turns":1.0},{"damage":0.0,"enemies":"Gremlin Nob","floor":6.0,"turns":1.0},{"damage":0.0,"enemies":"Cultist","floor":10.0,"turns":4.0},{"damage":0.0,"enemies":"2 Fungi Beasts","floor":11.0,"turns":3.0},{"damage":17.0,"enemies":"3 Sentries","floor":12.0,"turns":9.0},{"damage":48.0,"enemies":"Slime Boss","floor":16.0,"turns":12.0},{"damage":2.0,"enemies":"3 Byrds","floor":18.0,"turns":4.0},{"damage":12.0,"enemies":"Shell Parasite","floor":19.0,"turns":3.0},{"damage":19,"enemies":"Cultist and Chosen","floor":22,"turns":7},{"damage":10,"enemies":"Chosen and Byrds","floor":24,"turns":6},{"damage":20,"enemies":"Sentry and Sphere","floor":25,"turns":5}],"seed_played":"5241427698074349227","potions_obtained":[{"floor":3.0,"key":"Dexterity Potion"},{"floor":11.0,"key":"Regen Potion"},{"floor":16.0,"key":"Explosive Potion"},{"floor":18.0,"key":"FearPotion"},{"floor":22,"key":"AttackPotion"}],"is_trial":false,"path_per_floor":["M","?","M","$","?","E","R","?","T","M","M","E","?","$","R","B",null,"M","M","?","$","M","R","M","M"],"character_chosen":"THE_SILENT","items_purchased":["Well Laid Plans","Quick Slash","EntropicBrew"],"campfire_rested":0,"item_purchase_floors":[4,14,21],"current_hp_per_floor":[59,59,59,59,64,64,64,64,64,64,64,62,62,62,62,14,57,55,43,43,43,24,24,14,0],"gold":51,"neow_bonus":"THREE_ENEMY_KILL","is_prod":false,"is_daily":false,"chose_seed":false,"campfire_upgraded":3,"win_rate":0,"timestamp":1555177843,"path_taken":["M","?","M","$","?","E","R","?","T","?","M","E","?","$","R","BOSS","M","M","?","$","M","R","M","M"],"build_version":"2019-01-23","purchased_purges":0,"victory":false,"max_hp_per_floor":[66,66,66,66,71,71,71,71,71,71,71,71,71,71,71,71,71,71,71,71,71,71,71,71,71],"card_choices":[{"not_picked":["Dagger Throw","Quick Slash"],"picked":"Poisoned Stab","floor":1.0},{"not_picked":["Accuracy","Endless Agony"],"picked":"Quick Slash","floor":3.0},{"not_picked":["Caltrops","Glass Knife"],"picked":"Infinite Blades","floor":6.0},{"not_picked":["Deflect","Poisoned Stab"],"picked":"Dash","floor":10.0},{"not_picked":["Dodge and Roll","Blur"],"picked":"Quick Slash","floor":11.0},{"not_picked":["Catalyst","Poisoned Stab"],"picked":"Heel Hook","floor":12.0},{"not_picked":["Malaise","After Image"],"picked":"Adrenaline","floor":16.0},{"not_picked":["Slice+1","Blade Dance+1"],"picked":"Poisoned Stab","floor":18.0},{"not_picked":["Tactician","Blade Dance"],"picked":"Terror","floor":19.0},{"not_picked":["Unload","Sucker Punch"],"picked":"Quick Slash+1","floor":22},{"not_picked":["Reflex","Dodge and Roll","Flechettes"],"picked":"SKIP","floor":24}],"player_experience":307886,"relics_obtained":[{"floor":6.0,"key":"Gremlin Horn"},{"floor":9.0,"key":"Nunchaku"},{"floor":12.0,"key":"Potion Belt"}],"event_choices":[{"damage_healed":0.0,"max_hp_gain":0.0,"max_hp_loss":0.0,"gold_gain":0.0,"event_name":"Liars Game","player_choice":"Ignored","floor":2.0,"gold_loss":0.0,"damage_taken":0.0},{"damage_healed":0.0,"max_hp_gain":5.0,"max_hp_loss":0.0,"gold_gain":0.0,"event_name":"Big Fish","player_choice":"Donut","floor":5.0,"gold_loss":0.0,"damage_taken":0.0},{"damage_healed":0.0,"max_hp_gain":0.0,"max_hp_loss":0.0,"gold_gain":0.0,"event_name":"Upgrade Shrine","player_choice":"Upgraded","floor":8.0,"gold_loss":0.0,"damage_taken":0.0,"cards_upgraded":["Poisoned Stab"]},{"cards_removed":["Strike_G"],"damage_healed":0.0,"max_hp_gain":0.0,"max_hp_loss":0.0,"gold_gain":0.0,"event_name":"The Cleric","player_choice":"Card Removal","floor":13.0,"gold_loss":75.0,"damage_taken":0.0},{"damage_healed":0,"gold_gain":0,"player_choice":"Ignored","damage_taken":0,"max_hp_gain":0,"max_hp_loss":0,"event_name":"The Mausoleum","floor":20,"gold_loss":0}],"is_beta":false,"boss_relics":[{"not_picked":["Coffee Dripper","Velvet Choker"],"picked":"Ring of the Serpent"}],"items_purged_floors":[],"is_endless":false,"potions_floor_spawned":[3,11,16,18,22],"killed_by":"Sentry and Sphere","ascension_level":20}