{"gold_per_floor":[114,114,64,339,52,52,80,91,91,91,101,101,135,153,153,227,227,237,237,237,237],"floor_reached":21,"playtime":678,"items_purged":[],"score":347,"play_id":"63301cf9-44d5-4225-8b29-b7ac744fdc21","local_time":"20190411214644","is_ascension_mode":true,"campfire_choices":[{"data":"Genetic Algorithm","floor":6,"key":"SMITH"},{"data":"Zap","floor":10,"key":"SMITH"},{"data":"Hologram","floor":12,"key":"SMITH"},{"floor":15,"key":"REST"}],"neow_cost":"NONE","seed_source_timestamp":6564696024420,"circlet_count":0,"master_deck":["AscendersBane","Strike_B","Strike_B","Strike_B","Defend_B","Defend_B","Defend_B","Zap+1","Dualcast","Reprogram","Regret","Genetic Algorithm+1","Conserve Battery","Thunder Strike","Hologram+1","Storm","Creative AI","Decay"],"relics":["Cracked Core","NeowsBlessing","Blue Candle","Nunchaku","Darkstone Periapt","Singing Bowl","Snecko Eye","Dodecahedron"],"potions_floor_usage":[13,16,16],"damage_taken":[{"damage":0,"enemies":"Small Slimes","floor":1,"turns":1},{"damage":0,"enemies":"Lagavulin","floor":7,"turns":1},{"damage":0,"enemies":"2 Louse","floor":8,"turns":1},{"damage":6,"enemies":"Cultist","floor":11,"turns":5},{"damage":36,"enemies":"Gremlin Nob","floor":13,"turns":4},{"damage":10,"enemies":"Exordium Wildlife","floor":14,"turns":3},{"damage":32,"enemies":"The Guardian","floor":16,"turns":9},{"damage":24,"enemies":"Shell Parasite","floor":18,"turns":4},{"damage":46,"enemies":"3 Byrds","floor":21,"turns":3}],"seed_played":"3769020072441719026","potions_obtained":[{"floor":1,"key":"PowerPotion"},{"floor":8,"key":"Swift Potion"},{"floor":13,"key":"Regen Potion"},{"floor":16,"key":"FearPotion"}],"is_trial":false,"path_per_floor":["M","?","?","?","$","R","E","M","T","R","M","R","E","M","R","B",null,"M","?","?","M"],"character_chosen":"DEFECT","items_purchased":["Blue Candle","Genetic Algorithm"],"campfire_rested":1,"item_purchase_floors":[5,5],"current_hp_per_floor":[68,61,61,61,61,61,61,61,61,61,55,55,21,11,34,17,62,40,40,46,0],"gold":237,"neow_bonus":"THREE_ENEMY_KILL","is_prod":false,"is_daily":false,"chose_seed":false,"campfire_upgraded":3,"win_rate":0,"timestamp":1554986804,"path_taken":["M","?","?","?","$","R","E","M","T","R","?","R","E","M","R","BOSS","M","?","?","?"],"build_version":"2019-01-23","purchased_purges":0,"victory":false,"max_hp_per_floor":[75,75,75,75,75,75,75,75,75,75,75,75,77,77,77,77,77,79,79,85,85],"card_choices":[{"not_picked":["Rebound","Coolheaded"],"picked":"Reprogram","floor":1},{"not_picked":["Leap","Doom and Gloom"],"picked":"Conserve Battery","floor":7},{"not_picked":["Hologram","Sweeping Beam"],"picked":"Thunder Strike","floor":8},{"not_picked":["Go for the Eyes","Conserve Battery"],"picked":"Hologram","floor":11},{"not_picked":["Gash","Beam Cell","Redo"],"picked":"Singing Bowl","floor":13},{"not_picked":["Compile Driver","Auto Shields"],"picked":"Storm","floor":14},{"not_picked":["Thunder Strike","Seek"],"picked":"Creative AI","floor":16},{"not_picked":["Cold Snap","Coolheaded","Steam Power+1"],"picked":"Singing Bowl","floor":18}],"player_experience":734251,"relics_obtained":[{"floor":7,"key":"Nunchaku"},{"floor":9,"key":"Darkstone Periapt"},{"floor":13,"key":"Singing Bowl"}],"event_choices":[{"cards_removed":["Strike_B"],"damage_healed":0,"gold_gain":0,"player_choice":"Card Removal","damage_taken":7,"max_hp_gain":0,"max_hp_loss":0,"event_name":"Golden Wing","floor":2,"gold_loss":0},{"cards_removed":["Defend_B"],"damage_healed":0,"gold_gain":0,"player_choice":"Card Removal","damage_taken":0,"max_hp_gain":0,"max_hp_loss":0,"event_name":"The Cleric","floor":3,"gold_loss":50},{"damage_healed":0,"gold_gain":275,"player_choice":"Desecrate","damage_taken":0,"max_hp_gain":0,"max_hp_loss":0,"event_name":"Golden Shrine","floor":4,"gold_loss":0,"cards_obtained":["Regret"]},{"damage_healed":0,"gold_gain":0,"player_choice":"Opened","damage_taken":0,"relics_obtained":["Dodecahedron"],"max_hp_gain":0,"max_hp_loss":0,"event_name":"The Mausoleum","floor":19,"gold_loss":0},{"damage_healed":0,"gold_gain":0,"player_choice":"Cursed","damage_taken":0,"max_hp_gain":0,"max_hp_loss":0,"event_name":"Wheel of Change","floor":20,"gold_loss":0,"cards_obtained":["Decay"]}],"is_beta":false,"boss_relics":[{"not_picked":["Fusion Hammer","Calling Bell"],"picked":"Snecko Eye"}],"items_purged_floors":[],"is_endless":false,"potions_floor_spawned":[1,8,13,16],"killed_by":"3 Byrds","ascension_level":13}