{"gold_per_floor":[113,130,150,150,150,179,179,191,191,211,227,283,302,320,320,418,418,431,355,372,387,209,239,239,252,252,262,30,58,86,104,104,199,199,209,219,55,55,17,47,47,80,132,167,181,198,211,229,229,229],"floor_reached":51,"playtime":4503,"items_purged":[],"score":870,"play_id":"71d40890-1d5d-4f70-9547-4284e7ad2eec","local_time":"20190415115629","is_ascension_mode":false,"campfire_choices":[{"data":"Inflame","floor":7,"key":"SMITH"},{"data":"Armaments","floor":15,"key":"SMITH"},{"data":"Uppercut","floor":24,"key":"SMITH"},{"data":"Disarm","floor":32,"key":"SMITH"},{"data":"Inflame","floor":41,"key":"SMITH"},{"data":"Inflame","floor":49,"key":"SMITH"}],"neow_cost":"PERCENT_DAMAGE","seed_source_timestamp":259626676903000,"circlet_count":0,"master_deck":["Strike_R","Strike_R","Strike_R","Defend_R+1","Defend_R","Bash+1","Battle Trance","Shrug It Off","Pommel Strike","Inflame+1","Inflame+1","Armaments+1","Seeing Red","Feel No Pain","Headbutt","Flame Barrier+1","Feed","Power Through+1","Shrug It Off","Inflame+1","Disarm+1","Headbutt","Uppercut+1","Clothesline+1","Dual Wield+1","Shrug It Off+1","Metallicize","Feel No Pain","Shockwave+1","Shrug It Off","Ghostly Armor","Reaper","Combust+1","True Grit+1","Rage+1","Iron Wave+1","Reckless Charge","Pummel+1","True Grit+1","Impervious","Sentinel+1"],"relics":["Burning Blood","Matryoshka","Mummified Hand","The Courier","Tiny Chest","Snecko Eye","Anchor","Vajra","War Paint","Darkstone Periapt","Art of War","StoneCalendar","Red Mask","Astrolabe","ClockworkSouvenir","Oddly Smooth Stone","Orichalcum","Smiling Mask","Red Skull"],"potions_floor_usage":[6,6,12,16,16,40,50,50,50],"damage_taken":[{"damage":0,"enemies":"2 Louse","floor":1,"turns":4},{"damage":11,"enemies":"Jaw Worm","floor":2,"turns":4},{"damage":0,"enemies":"Cultist","floor":3,"turns":3},{"damage":33,"enemies":"Lagavulin","floor":6,"turns":6},{"damage":2,"enemies":"Looter","floor":8,"turns":3},{"damage":12,"enemies":"Blue Slaver","floor":10,"turns":3},{"damage":15,"enemies":"Exordium Thugs","floor":11,"turns":4},{"damage":15,"enemies":"Gremlin Nob","floor":12,"turns":4},{"damage":3,"enemies":"3 Louse","floor":13,"turns":5},{"damage":0,"enemies":"Large Slime","floor":14,"turns":4},{"damage":6,"enemies":"Hexaghost","floor":16,"turns":7},{"damage":3,"enemies":"3 Byrds","floor":18,"turns":5},{"damage":10,"enemies":"2 Thieves","floor":20,"turns":3},{"damage":0,"enemies":"Shelled Parasite and Fungi","floor":21,"turns":5},{"damage":2,"enemies":"Gremlin Leader","floor":23,"turns":6},{"damage":0,"enemies":"Centurion and Healer","floor":25,"turns":8},{"damage":7,"enemies":"Chosen and Byrds","floor":27,"turns":4},{"damage":15,"enemies":"Book of Stabbing","floor":29,"turns":5},{"damage":3,"enemies":"Masked Bandits","floor":30,"turns":5},{"damage":5,"enemies":"Cultist and Chosen","floor":31,"turns":7},{"damage":4,"enemies":"Champ","floor":33,"turns":8},{"damage":0,"enemies":"Orb Walker","floor":35,"turns":4},{"damage":17,"enemies":"3 Darklings","floor":36,"turns":7},{"damage":12,"enemies":"Reptomancer","floor":40,"turns":9},{"damage":6,"enemies":"Nemesis","floor":42,"turns":5},{"damage":1,"enemies":"Giant Head","floor":44,"turns":6},{"damage":21,"enemies":"Sphere and 2 Shapes","floor":45,"turns":7},{"damage":6,"enemies":"Writhing Mass","floor":46,"turns":7},{"damage":0,"enemies":"Transient","floor":47,"turns":5},{"damage":10,"enemies":"Spire Growth","floor":48,"turns":5},{"damage":41,"enemies":"Awakened One","floor":50,"turns":12}],"seed_played":"3538635128378416440","potions_obtained":[{"floor":1,"key":"Weak Potion"},{"floor":5,"key":"Swift Potion"},{"floor":5,"key":"Dexterity Potion"},{"floor":10,"key":"Weak Potion"},{"floor":12,"key":"Swift Potion"},{"floor":14,"key":"Regen Potion"},{"floor":16,"key":"Poison Potion"},{"floor":18,"key":"Ancient Potion"},{"floor":25,"key":"Weak Potion"},{"floor":33,"key":"Energy Potion"},{"floor":42,"key":"FairyPotion"},{"floor":44,"key":"Swift Potion"}],"is_trial":false,"path_per_floor":["M","M","M","?","?","E","R","M","T","M","M","E","M","M","R","B",null,"M","$","M","M","$","E","R","M","T","M","$","E","?","M","R","B",null,"M","M","$","?","$","E","R","E","T","E","M","M","M","M","R","B",null],"character_chosen":"IRONCLAD","items_purchased":["Shrug It Off","Inflame","Anchor","Uppercut","Art of War","Metallicize","Feel No Pain","ClockworkSouvenir","SteroidPotion"],"campfire_rested":0,"item_purchase_floors":[19,19,22,22,28,28,28,37,39],"current_hp_per_floor":[78,73,79,79,79,52,52,56,56,50,41,32,35,41,41,41,96,96,96,95,103,103,103,103,106,106,108,108,102,114,118,118,123,127,130,119,119,119,119,113,113,130,130,133,133,133,133,129,129,122],"gold":229,"neow_bonus":"TWENTY_PERCENT_HP_BONUS","is_prod":false,"is_daily":false,"chose_seed":false,"campfire_upgraded":6,"win_rate":1,"timestamp":1555354589,"path_taken":["M","M","M","?","?","E","R","M","T","M","M","E","M","M","R","BOSS","M","$","M","M","$","E","R","M","T","M","?","E","?","M","R","BOSS","M","M","$","?","?","E","R","E","T","E","M","M","M","M","R","BOSS"],"build_version":"2019-01-23","purchased_purges":0,"victory":true,"max_hp_per_floor":[96,96,96,96,96,96,96,96,96,96,96,96,96,96,96,96,96,96,96,99,103,103,103,103,106,106,109,109,112,121,124,124,127,127,130,130,130,130,130,130,130,133,133,133,133,133,133,133,133,133],"card_choices":[{"not_picked":["Whirlwind","Flex"],"picked":"Battle Trance","floor":1},{"not_picked":["Infernal Blade","Combust"],"picked":"Shrug It Off","floor":2},{"not_picked":["Shrug It Off","Thunderclap"],"picked":"Pommel Strike","floor":3},{"not_picked":["Double Tap","Flex"],"picked":"Inflame","floor":6},{"not_picked":["Ghostly Armor","Wild Strike"],"picked":"Inflame","floor":8},{"not_picked":["Twin Strike","Pommel Strike"],"picked":"Armaments","floor":10},{"not_picked":["Thunderclap","Combust"],"picked":"Seeing Red","floor":11},{"not_picked":["Dual Wield","Body Slam"],"picked":"Feel No Pain","floor":12},{"not_picked":["Feed","Pommel Strike"],"picked":"Headbutt","floor":13},{"not_picked":["Cleave","Burning Pact"],"picked":"Flame Barrier","floor":14},{"not_picked":["Berserk","Reaper"],"picked":"Feed","floor":16},{"not_picked":["Clothesline","Twin Strike"],"picked":"Power Through+1","floor":18},{"not_picked":["Ghostly Armor","Twin Strike"],"picked":"Disarm","floor":20},{"not_picked":["Dropkick","Clothesline"],"picked":"Headbutt","floor":21},{"not_picked":["Shrug It Off","Double Tap"],"picked":"Clothesline+1","floor":23},{"not_picked":["Carnage","Heavy Blade+1"],"picked":"Dual Wield+1","floor":25},{"not_picked":["Wild Strike","Flame Barrier"],"picked":"Shrug It Off+1","floor":27},{"not_picked":["Evolve","Fire Breathing"],"picked":"Shockwave+1","floor":29},{"not_picked":["Iron Wave+1","Clash"],"picked":"Shrug It Off","floor":30},{"not_picked":["Shrug It Off","Anger"],"picked":"Ghostly Armor","floor":31},{"not_picked":["Bludgeon","Double Tap"],"picked":"Reaper","floor":33},{"not_picked":["Perfected Strike+1","Sever Soul","Dropkick+1"],"picked":"SKIP","floor":35},{"not_picked":["Clash+1","Flex+1"],"picked":"Iron Wave+1","floor":36},{"not_picked":["Anger","Perfected Strike+1"],"picked":"Pummel+1","floor":40},{"not_picked":["Perfected Strike","Sever Soul+1"],"picked":"True Grit+1","floor":42},{"not_picked":["Flame Barrier","Feel No Pain"],"picked":"Impervious","floor":44},{"not_picked":["Body Slam","Rampage","Wild Strike"],"picked":"SKIP","floor":45},{"not_picked":["Armaments","Body Slam+1","Rampage"],"picked":"SKIP","floor":46},{"not_picked":["Wild Strike","Warcry+1"],"picked":"Sentinel+1","floor":47},{"not_picked":["Anger","Flex","Iron Wave"],"picked":"SKIP","floor":48}],"player_experience":355547,"relics_obtained":[{"floor":6,"key":"Matryoshka"},{"floor":9,"key":"Mummified Hand"},{"floor":9,"key":"The Courier"},{"floor":12,"key":"Tiny Chest"},{"floor":23,"key":"Vajra"},{"floor":26,"key":"War Paint"},{"floor":26,"key":"Darkstone Periapt"},{"floor":29,"key":"StoneCalendar"},{"floor":30,"key":"Red Mask"},{"floor":40,"key":"Oddly Smooth Stone"},{"floor":42,"key":"Orichalcum"},{"floor":43,"key":"Smiling Mask"},{"floor":44,"key":"Red Skull"}],"event_choices":[{"damage_healed":0,"gold_gain":0,"player_choice":"Grow","damage_taken":0,"max_hp_gain":0,"max_hp_loss":0,"event_name":"Living Wall","floor":4,"gold_loss":0,"cards_upgraded":["Bash"]},{"damage_healed":0,"gold_gain":0,"player_choice":"Got Potions","damage_taken":0,"max_hp_gain":0,"max_hp_loss":0,"event_name":"Lab","floor":5,"gold_loss":0},{"damage_healed":0,"gold_gain":0,"player_choice":"Fought Bandits","damage_taken":0,"max_hp_gain":0,"max_hp_loss":0,"event_name":"Masked Bandits","floor":30,"gold_loss":0},{"damage_healed":0,"gold_gain":0,"cards_transformed":["Defend_R"],"player_choice":"Transformed","damage_taken":0,"max_hp_gain":0,"max_hp_loss":0,"event_name":"Transmorgrifier","floor":38,"gold_loss":0,"cards_obtained":["Reckless Charge"]}],"is_beta":false,"boss_relics":[{"not_picked":["Runic Dome","Ectoplasm"],"picked":"Snecko Eye"},{"not_picked":["Black Blood","Runic Cube"],"picked":"Astrolabe"}],"items_purged_floors":[],"is_endless":false,"potions_floor_spawned":[1,10,12,14,16,18,25,29,31,33,42,44,45,48],"ascension_level":0}