{"gold_per_floor":[118,132,132,150,169,195,195,214,214,231,231,262,279,244,244,348,348,348,273,273,202,216,216,216,216,242,261,3,103,119,119],"floor_reached":31,"playtime":1346,"items_purged":[],"score":383,"play_id":"b4acfe24-8149-46ca-820d-b33c0f34f89a","local_time":"20190411215845","is_ascension_mode":true,"campfire_choices":[{"floor":7.0,"key":"REST"},{"floor":11.0,"key":"REST"},{"data":"Creative AI","floor":15.0,"key":"SMITH"},{"data":"Defragment","floor":23,"key":"SMITH"},{"data":"Coolheaded","floor":25,"key":"SMITH"}],"neow_cost":"NONE","seed_source_timestamp":3177818884878,"circlet_count":0,"master_deck":["AscendersBane","Strike_B","Strike_B","Defend_B","Defend_B","Defend_B","Defend_B","Zap","Dualcast","Capacitor","Barrage","Fusion","Conserve Battery","Sweeping Beam","Cold Snap","Coolheaded+1","Defragment+1","Creative AI+1","Seek","Conserve Battery+1","Compile Driver+1","Double Energy+1"],"special_seed":0,"relics":["Cracked Core","NeowsBlessing","Blood Vial","Cables","Bottled Lightning","Inserter","Anchor","Question Card","Smiling Mask","Pantograph"],"potions_floor_usage":[18,27],"damage_taken":[{"damage":0.0,"enemies":"Small Slimes","floor":1.0,"turns":1.0},{"damage":0.0,"enemies":"Cultist","floor":2.0,"turns":1.0},{"damage":0.0,"enemies":"Jaw Worm","floor":4.0,"turns":1.0},{"damage":18.0,"enemies":"3 Louse","floor":5.0,"turns":5.0},{"damage":36.0,"enemies":"3 Sentries","floor":6.0,"turns":8.0},{"damage":6.0,"enemies":"Lots of Slimes","floor":8.0,"turns":4.0},{"damage":7.0,"enemies":"Blue Slaver","floor":10.0,"turns":4.0},{"damage":3.0,"enemies":"Lagavulin","floor":12.0,"turns":8.0},{"damage":15.0,"enemies":"Exordium Wildlife","floor":13.0,"turns":5.0},{"damage":34.0,"enemies":"The Guardian","floor":16.0,"turns":13.0},{"damage":0,"enemies":"2 Thieves","floor":18,"turns":1},{"damage":22,"enemies":"Spheric Guardian","floor":22,"turns":6},{"damage":14,"enemies":"Snake Plant","floor":27,"turns":6},{"damage":30,"enemies":"Snecko","floor":30,"turns":6},{"damage":10,"enemies":"Centurion and Healer","floor":31,"turns":2}],"seed_played":"-4588847465914522101","potions_obtained":[{"floor":1.0,"key":"AttackPotion"},{"floor":2.0,"key":"SpeedPotion"},{"floor":5.0,"key":"EssenceOfSteel"},{"floor":6.0,"key":"SmokeBomb"},{"floor":10.0,"key":"Block Potion"},{"floor":22,"key":"Energy Potion"},{"floor":30,"key":"Fire Potion"}],"is_trial":false,"path_per_floor":["M","M","?","M","M","E","R","M","T","M","R","E","M","?","R","B",null,"M","?","?","?","M","R","T","R","T","M","$","?","M","M"],"character_chosen":"DEFECT","items_purchased":["Pantograph"],"campfire_rested":2,"item_purchase_floors":[28],"current_hp_per_floor":[68,68,68,68,50,14,36,32,32,27,49,48,35,53,53,21,62,64,64,64,64,44,44,44,44,44,32,32,32,4,0],"gold":119,"neow_bonus":"THREE_ENEMY_KILL","is_prod":false,"is_daily":false,"chose_seed":false,"campfire_upgraded":3,"win_rate":0,"timestamp":1554987525,"path_taken":["M","M","?","M","M","E","R","?","T","M","R","E","M","?","R","BOSS","M","?","?","?","?","R","?","R","T","M","$","?","?","M"],"build_version":"2019-01-23","purchased_purges":0,"victory":false,"max_hp_per_floor":[75,75,75,75,75,75,75,75,75,75,75,75,75,75,75,75,75,75,75,75,75,75,75,75,75,75,75,75,75,75,75],"card_choices":[{"not_picked":["Darkness","Cold Snap"],"picked":"Capacitor","floor":1.0},{"not_picked":["Gash","Darkness"],"picked":"Barrage","floor":2.0},{"not_picked":["BootSequence","Hyperbeam"],"picked":"Conserve Battery","floor":4.0},{"not_picked":["Reprogram","Rip and Tear"],"picked":"Sweeping Beam","floor":5.0},{"not_picked":["Rip and Tear","Conserve Battery"],"picked":"Cold Snap","floor":6.0},{"not_picked":["Redo","Compile Driver"],"picked":"Coolheaded","floor":8.0},{"not_picked":["Turbo","Scrape"],"picked":"Defragment","floor":10.0},{"not_picked":["Compile Driver","Streamline"],"picked":"Creative AI","floor":12.0},{"not_picked":["Sweeping Beam","Barrage","Turbo"],"picked":"SKIP","floor":13.0},{"not_picked":["Thunder Strike","All For One"],"picked":"Seek","floor":16.0},{"not_picked":["Beam Cell","Hologram"],"picked":"Conserve Battery+1","floor":22},{"not_picked":["Beam Cell","Rip and Tear+1","Reprogram"],"picked":"Compile Driver+1","floor":27},{"not_picked":["Streamline","Fusion+1","Auto Shields"],"picked":"Double Energy+1","floor":30}],"player_experience":543773,"relics_obtained":[{"floor":6.0,"key":"Blood Vial"},{"floor":9.0,"key":"Cables"},{"floor":12.0,"key":"Bottled Lightning"},{"floor":24,"key":"Question Card"},{"floor":26,"key":"Smiling Mask"}],"event_choices":[{"damage_healed":0.0,"max_hp_gain":0.0,"max_hp_loss":0.0,"gold_gain":0.0,"cards_transformed":["Strike_B"],"event_name":"Transmorgrifier","player_choice":"Transformed","floor":3.0,"gold_loss":0.0,"damage_taken":0.0,"cards_obtained":["Fusion"]},{"damage_healed":18.0,"max_hp_gain":0.0,"max_hp_loss":0.0,"gold_gain":0.0,"event_name":"The Cleric","player_choice":"Healed","floor":14.0,"gold_loss":35.0,"damage_taken":0.0},{"cards_removed":["Strike_B"],"damage_healed":0,"gold_gain":0,"player_choice":"Gave Gold","damage_taken":0,"max_hp_gain":0,"max_hp_loss":0,"event_name":"Beggar","floor":19,"gold_loss":75},{"damage_healed":0,"gold_gain":0,"player_choice":"Ignored","damage_taken":0,"max_hp_gain":0,"max_hp_loss":0,"event_name":"Vampires","floor":20,"gold_loss":0},{"damage_healed":0,"gold_gain":0,"player_choice":"Paid Gold","damage_taken":0,"relics_obtained":["Anchor"],"max_hp_gain":0,"max_hp_loss":0,"event_name":"WeMeetAgain","floor":21,"gold_loss":71},{"damage_healed":0,"gold_gain":100,"player_choice":"Pray","damage_taken":0,"max_hp_gain":0,"max_hp_loss":0,"event_name":"Golden Shrine","floor":29,"gold_loss":0}],"is_beta":false,"boss_relics":[{"not_picked":["Empty Cage","Coffee Dripper"],"picked":"Inserter"}],"items_purged_floors":[],"is_endless":false,"potions_floor_spawned":[1,2,5,6,10,22,30],"killed_by":"Centurion and Healer","ascension_level":11}