{"gold_per_floor":[119,119,136,47,61,96,96,271,271,303,253,0,0,14,14,93,93,109,109,120,49,49,49],"floor_reached":23,"playtime":1402,"items_purged":["Strike_B"],"score":325,"play_id":"1703f090-2184-426a-bb33-e053d473514b","local_time":"20190413135356","is_ascension_mode":true,"campfire_choices":[{"data":"Hologram","floor":7.0,"key":"SMITH"},{"data":"Deep Breath","floor":13.0,"key":"SMITH"},{"data":"Beam Cell","floor":15.0,"key":"SMITH"}],"neow_cost":"NONE","seed_source_timestamp":5765758051440,"circlet_count":0,"master_deck":["AscendersBane","Zap+1","Dualcast","FTL","Go for the Eyes","Deep Breath+1","Hologram+1","Leap+1","Reprogram+1","Good Instincts+1","Steam+1","Melter","Beam Cell+1","Core Surge","Hologram+1","Biased Cognition"],"special_seed":0,"relics":["Cracked Core","NeowsBlessing","Toxic Egg 2","Boot","Pantograph","Pandora\u0027s Box"],"potions_floor_usage":[23],"damage_taken":[{"damage":0.0,"enemies":"Jaw Worm","floor":1.0,"turns":1.0},{"damage":0.0,"enemies":"Cultist","floor":3.0,"turns":1.0},{"damage":0.0,"enemies":"Small Slimes","floor":5.0,"turns":1.0},{"damage":17.0,"enemies":"3 Sentries","floor":6.0,"turns":6.0},{"damage":29.0,"enemies":"Lagavulin","floor":10.0,"turns":7.0},{"damage":0.0,"enemies":"2 Fungi Beasts","floor":14.0,"turns":3.0},{"damage":41.0,"enemies":"Hexaghost","floor":16.0,"turns":14.0},{"damage":4,"enemies":"Chosen","floor":18,"turns":4},{"damage":18,"enemies":"2 Thieves","floor":20,"turns":4},{"damage":40,"enemies":"Book of Stabbing","floor":23,"turns":5}],"seed_played":"4472001872488350186","potions_obtained":[{"floor":1.0,"key":"Fire Potion"},{"floor":3.0,"key":"GamblersBrew"},{"floor":14.0,"key":"Block Potion"},{"floor":16.0,"key":"Dexterity Potion"},{"floor":19,"key":"Block Potion"}],"is_trial":false,"path_per_floor":["M","?","M","$","M","E","R","?","T","E","?","$","R","M","R","B",null,"M","?","M","$","?","E"],"character_chosen":"DEFECT","items_purchased":["Deep Breath","Good Instincts+1","Steam+1","Melter","Biased Cognition"],"campfire_rested":0,"item_purchase_floors":[4,12,12,12,21],"current_hp_per_floor":[68,68,68,68,68,51,51,51,51,22,22,22,22,22,22,6,58,54,54,36,36,36,0],"gold":49,"neow_bonus":"THREE_ENEMY_KILL","is_prod":false,"is_daily":false,"chose_seed":false,"campfire_upgraded":3,"win_rate":0,"timestamp":1555131236,"path_taken":["M","?","M","?","?","E","R","?","T","E","?","$","R","M","R","BOSS","M","?","?","$","?","E"],"build_version":"2019-01-23","purchased_purges":1,"victory":false,"max_hp_per_floor":[75,75,75,75,75,75,75,75,75,75,75,75,75,75,75,75,75,75,75,75,75,75,75],"card_choices":[{"not_picked":["Redo","Rip and Tear"],"picked":"FTL","floor":1.0},{"not_picked":["Hologram","Barrage"],"picked":"Go for the Eyes","floor":3.0},{"not_picked":["Conserve Battery","Melter"],"picked":"Hologram","floor":5.0},{"not_picked":["Compile Driver","Sweeping Beam"],"picked":"Leap","floor":6.0},{"not_picked":["Hologram+1","Buffer"],"picked":"Reprogram+1","floor":10.0},{"not_picked":["Chaos+1","Compile Driver"],"picked":"Beam Cell","floor":14.0},{"not_picked":["Rainbow+1","Thunder Strike"],"picked":"Core Surge","floor":16.0},{"not_picked":["Chill+1","Redo+1"],"picked":"Streamline","floor":18},{"not_picked":["Cold Snap","Sweeping Beam"],"picked":"Hologram+1","floor":20}],"player_experience":738927,"relics_obtained":[{"floor":6.0,"key":"Toxic Egg 2"},{"floor":9.0,"key":"Boot"},{"floor":10.0,"key":"Pantograph"}],"event_choices":[{"damage_healed":0.0,"max_hp_gain":0.0,"max_hp_loss":0.0,"gold_gain":0.0,"event_name":"Upgrade Shrine","player_choice":"Upgraded","floor":2.0,"gold_loss":0.0,"damage_taken":0.0,"cards_upgraded":["Zap"]},{"damage_healed":0.0,"max_hp_gain":0.0,"max_hp_loss":0.0,"gold_gain":175.0,"event_name":"Liars Game","player_choice":"AGREE","floor":8.0,"gold_loss":0.0,"damage_taken":0.0,"cards_obtained":["Doubt"]},{"cards_removed":["Doubt"],"damage_healed":0.0,"max_hp_gain":0.0,"max_hp_loss":0.0,"gold_gain":0.0,"event_name":"The Cleric","player_choice":"Card Removal","floor":11.0,"gold_loss":50.0,"damage_taken":0.0},{"damage_healed":0,"gold_gain":0,"player_choice":"Got Potions","damage_taken":0,"max_hp_gain":0,"max_hp_loss":0,"event_name":"Lab","floor":19,"gold_loss":0},{"cards_removed":["Streamline"],"damage_healed":0,"gold_gain":0,"player_choice":"Purged","damage_taken":0,"max_hp_gain":0,"max_hp_loss":0,"event_name":"Purifier","floor":22,"gold_loss":0}],"is_beta":false,"boss_relics":[{"not_picked":["Ectoplasm","Orrery"],"picked":"Pandora\u0027s Box"}],"items_purged_floors":[12],"is_endless":false,"potions_floor_spawned":[1,3,5,14,16],"killed_by":"Book of Stabbing","ascension_level":13}