{"gold_per_floor":[117,117,133,133,150,184,184,195,195,213,213,25,38,8,8,8],"floor_reached":16,"playtime":808,"items_purged":[],"score":194,"play_id":"0a6ec22c-0123-4a68-963b-89dde2f887bd","local_time":"20190321145642","is_ascension_mode":true,"campfire_choices":[{"floor":15,"key":"REST"}],"neow_cost":"NONE","seed_source_timestamp":15704476896373,"circlet_count":0,"master_deck":["AscendersBane","Strike_R","Strike_R","Strike_R","Strike_R","Strike_R","Defend_R","Defend_R","Defend_R","Defend_R","Bash","Thunderclap","Second Wind","Burning Pact","Corruption","Armaments","Seeing Red","Dual Wield","Power Through","Shrug It Off","Flash of Steel","Shrug It Off","True Grit","Armaments"],"special_seed":0,"relics":["Burning Blood","NeowsBlessing","Mercury Hourglass","Oddly Smooth Stone","Shuriken","Prayer Wheel","Turnip"],"potions_floor_usage":[10,16],"damage_taken":[{"damage":0.0,"enemies":"Small Slimes","floor":1.0,"turns":1.0},{"damage":0,"enemies":"Cultist","floor":3,"turns":1},{"damage":0,"enemies":"2 Louse","floor":5,"turns":1},{"damage":30,"enemies":"3 Sentries","floor":6,"turns":7},{"damage":24,"enemies":"Exordium Wildlife","floor":8,"turns":4},{"damage":19,"enemies":"Large Slime","floor":10,"turns":8},{"damage":11,"enemies":"Looter","floor":13,"turns":3},{"damage":69,"enemies":"Slime Boss","floor":16,"turns":11}],"seed_played":"7744864179677261835","potions_obtained":[{"floor":3,"key":"Weak Potion"},{"floor":8,"key":"FairyPotion"},{"floor":10,"key":"Fire Potion"}],"is_trial":false,"path_per_floor":["M","?","M","?","M","E","T","M","T","M","?","$","M","$","R","B"],"character_chosen":"IRONCLAD","items_purchased":["Power Through","Shrug It Off","Flash of Steel","Armaments"],"campfire_rested":1,"item_purchase_floors":[12,12,12,14],"current_hp_per_floor":[74,74,75,75,75,51,51,33,33,20,15,15,10,10,32,0],"gold":8,"neow_bonus":"THREE_ENEMY_KILL","is_prod":false,"is_daily":false,"chose_seed":false,"campfire_upgraded":0,"win_rate":0,"timestamp":1553147802,"path_taken":["M","?","M","?","?","E","?","?","T","M","?","$","M","?","R","BOSS"],"build_version":"2019-01-23","purchased_purges":0,"victory":false,"max_hp_per_floor":[75,75,75,75,75,75,75,75,75,75,75,75,75,75,75,75],"card_choices":[{"not_picked":["Heavy Blade","Pommel Strike"],"picked":"Thunderclap","floor":1.0},{"not_picked":["Twin Strike","Iron Wave"],"picked":"Second Wind","floor":3},{"not_picked":["Ghostly Armor","Heavy Blade"],"picked":"Burning Pact","floor":5},{"not_picked":["Immolate","Clash"],"picked":"Corruption","floor":6},{"not_picked":["Warcry","Battle Trance"],"picked":"Armaments","floor":8},{"not_picked":["Headbutt","Clothesline"],"picked":"Seeing Red","floor":10},{"not_picked":["Intimidate","Rampage"],"picked":"Dual Wield","floor":10},{"not_picked":["Wild Strike","Perfected Strike"],"picked":"Shrug It Off","floor":13},{"not_picked":["Flex","Whirlwind"],"picked":"True Grit","floor":13}],"player_experience":488202,"relics_obtained":[{"floor":6,"key":"Oddly Smooth Stone"},{"floor":7,"key":"Shuriken"},{"floor":9,"key":"Prayer Wheel"}],"event_choices":[{"damage_healed":0,"gold_gain":0,"player_choice":"Box","damage_taken":0,"relics_obtained":["Mercury Hourglass"],"max_hp_gain":0,"max_hp_loss":0,"event_name":"Big Fish","floor":2,"gold_loss":0,"cards_obtained":["Regret"]},{"cards_removed":["Regret"],"damage_healed":0,"gold_gain":0,"player_choice":"Removed Curses","damage_taken":0,"max_hp_gain":0,"max_hp_loss":0,"event_name":"Fountain of Cleansing","floor":4,"gold_loss":0},{"damage_healed":0,"gold_gain":0,"player_choice":"Success","damage_taken":5,"relics_obtained":["Turnip"],"max_hp_gain":0,"max_hp_loss":0,"event_name":"Scrap Ooze","floor":11,"gold_loss":0}],"is_beta":false,"boss_relics":[],"items_purged_floors":[],"is_endless":false,"potions_floor_spawned":[3,8,10,13],"killed_by":"Slime Boss","ascension_level":18}