{"gold_per_floor":[119,44,44,61,74,103,25,25,25,43,77,77,103,103],"floor_reached":14,"playtime":2363,"items_purged":["Strike_B"],"score":135,"play_id":"e4073eb5-3f12-4f1b-9ea2-30663aab03fe","local_time":"20190324173407","is_ascension_mode":true,"campfire_choices":[{"data":"Deep Breath","floor":8,"key":"SMITH"},{"floor":12,"key":"REST"}],"neow_cost":"NONE","seed_source_timestamp":4017301557811,"circlet_count":0,"master_deck":["Strike_B","Strike_B","Defend_B","Defend_B","Defend_B","Defend_B","Zap","Dualcast","Ball Lightning","Hologram","Capacitor","Storm","Deep Breath+1","Skim"],"special_seed":0,"relics":["Cracked Core","The Courier","Pantograph","Gremlin Horn","Pen Nib"],"potions_floor_usage":[6,11,13,14],"damage_taken":[{"damage":1.0,"enemies":"Cultist","floor":1.0,"turns":4.0},{"damage":4,"enemies":"Jaw Worm","floor":4,"turns":4},{"damage":9,"enemies":"Small Slimes","floor":5,"turns":3},{"damage":17,"enemies":"Lagavulin","floor":6,"turns":6},{"damage":9,"enemies":"Red Slaver","floor":10,"turns":3},{"damage":41,"enemies":"Gremlin Nob","floor":11,"turns":4},{"damage":27,"enemies":"Lagavulin","floor":13,"turns":6},{"damage":2,"enemies":"3 Louse","floor":14,"turns":1}],"seed_played":"-2089376701816741935","potions_obtained":[{"floor":1.0,"key":"Weak Potion"},{"floor":10,"key":"Regen Potion"},{"floor":11,"key":"FocusPotion"},{"floor":13,"key":"SkillPotion"}],"is_trial":false,"path_per_floor":["M","$","?","M","M","E","$","R","T","M","E","R","E","M"],"character_chosen":"DEFECT","items_purchased":["Deep Breath"],"campfire_rested":1,"item_purchase_floors":[7],"current_hp_per_floor":[74,74,74,70,61,44,44,44,44,35,6,28,1,0],"gold":103,"neow_bonus":"REMOVE_CARD","is_prod":false,"is_daily":false,"chose_seed":false,"campfire_upgraded":1,"win_rate":0,"timestamp":1553416447,"path_taken":["M","?","?","M","?","E","?","R","T","?","E","R","E","M"],"build_version":"2019-01-23","purchased_purges":1,"victory":false,"max_hp_per_floor":[75,75,75,75,75,75,75,75,75,75,75,75,75,75],"card_choices":[{"not_picked":["Capacitor","Sunder"],"picked":"Ball Lightning","floor":1.0},{"not_picked":["Doom and Gloom","Chaos"],"picked":"Hologram","floor":4},{"not_picked":["Conserve Battery","Turbo"],"picked":"Capacitor","floor":5},{"not_picked":["Gash","Auto Shields"],"picked":"Storm","floor":6},{"not_picked":["Turbo","Consume"],"picked":"Skim","floor":10},{"not_picked":["Fusion","Rebound","Force Field"],"picked":"SKIP","floor":11},{"not_picked":["Compile Driver","Gash","Stack"],"picked":"SKIP","floor":13}],"player_experience":557350,"relics_obtained":[{"floor":6,"key":"The Courier"},{"floor":9,"key":"Pantograph"},{"floor":11,"key":"Gremlin Horn"},{"floor":13,"key":"Pen Nib"}],"event_choices":[{"damage_healed":0,"gold_gain":0,"player_choice":"Leave","damage_taken":0,"max_hp_gain":0,"max_hp_loss":0,"event_name":"The Cleric","floor":3,"gold_loss":0}],"is_beta":false,"boss_relics":[],"items_purged_floors":[2],"is_endless":false,"potions_floor_spawned":[1,10,11,13],"killed_by":"3 Louse","ascension_level":5}