{"gold_per_floor":[115,115,60,135,152,185,110,136,163,87,87,87,115,131,131,205,205,105,105,122,122,32,32,32,82,82,93,93],"floor_reached":28,"playtime":1421,"items_purged":["Strike_R","Writhe"],"score":560,"play_id":"0bdc93ab-b5ed-4d31-af72-ed4968b0c6b6","local_time":"20190322173057","is_ascension_mode":true,"campfire_choices":[{"data":"Armaments","floor":12.0,"key":"SMITH"},{"data":"True Grit","floor":15.0,"key":"SMITH"},{"data":"Corruption","floor":23.0,"key":"SMITH"}],"neow_cost":"NONE","seed_source_timestamp":110784269977150,"circlet_count":0,"master_deck":["AscendersBane","Strike_R","Defend_R","Defend_R","Defend_R","Defend_R","Bash","Shrug It Off","Cleave","Armaments+1","Flame Barrier","Feel No Pain","Shrug It Off","True Grit+1","Feed","Corruption+1","Feel No Pain","Seeing Red","Ghostly","Ghostly","Ghostly","Sentinel"],"special_seed":0,"relics":["Black Blood","NeowsBlessing","Smiling Mask","Calipers","Ancient Tea Set","Red Skull","Pantograph","Sundial"],"potions_floor_usage":[28],"damage_taken":[{"damage":0.0,"enemies":"Small Slimes","floor":1.0,"turns":1.0},{"damage":0.0,"enemies":"2 Louse","floor":5.0,"turns":1.0},{"damage":0.0,"enemies":"3 Sentries","floor":6.0,"turns":1.0},{"damage":56.0,"enemies":"Lagavulin","floor":8.0,"turns":8.0},{"damage":0.0,"enemies":"3 Sentries","floor":13.0,"turns":20.0},{"damage":0.0,"enemies":"Jaw Worm","floor":14.0,"turns":4.0},{"damage":15.0,"enemies":"The Guardian","floor":16.0,"turns":22.0},{"damage":32.0,"enemies":"2 Thieves","floor":18.0,"turns":5.0},{"damage":35.0,"enemies":"Spheric Guardian","floor":20.0,"turns":8.0},{"damage":10.0,"enemies":"Shelled Parasite and Fungi","floor":27.0,"turns":15.0},{"damage":23,"enemies":"Cultist and Chosen","floor":28,"turns":7}],"seed_played":"5671780786533565174","potions_obtained":[{"floor":1.0,"key":"EssenceOfSteel"},{"floor":6.0,"key":"AttackPotion"},{"floor":14.0,"key":"SpeedPotion"},{"floor":16.0,"key":"EssenceOfSteel"},{"floor":20.0,"key":"EssenceOfSteel"},{"floor":27.0,"key":"SneckoOil"}],"is_trial":false,"path_per_floor":["M","?","$","?","M","E","?","E","T","$","?","R","E","M","R","B",null,"M","?","M","?","$","R","?","?","T","M","M"],"character_chosen":"IRONCLAD","items_purchased":["Cleave","Shrug It Off","Seeing Red"],"campfire_rested":0,"item_purchase_floors":[3,10,22],"current_hp_per_floor":[74,67,67,56,62,68,68,18,18,18,18,18,24,30,30,21,62,40,40,18,18,18,18,18,18,18,22,0],"gold":93,"neow_bonus":"THREE_ENEMY_KILL","is_prod":false,"is_daily":false,"chose_seed":false,"campfire_upgraded":3,"win_rate":0,"timestamp":1553243457,"path_taken":["M","?","$","?","M","E","?","E","T","?","?","R","E","M","R","BOSS","M","?","M","?","$","R","?","?","T","M","M"],"build_version":"2019-01-23","purchased_purges":2,"victory":false,"max_hp_per_floor":[75,75,75,75,75,75,75,75,75,75,75,75,75,75,75,75,75,75,75,78,78,78,78,39,39,39,43,43],"card_choices":[{"not_picked":["Blood for Blood","Clash"],"picked":"Shrug It Off","floor":1.0},{"not_picked":["Searing Blow","Flex"],"picked":"Armaments","floor":5.0},{"not_picked":["Twin Strike","Seeing Red"],"picked":"Flame Barrier","floor":6.0},{"not_picked":["Disarm","Sword Boomerang"],"picked":"Feel No Pain","floor":8.0},{"not_picked":["Uppercut","Headbutt"],"picked":"True Grit","floor":13.0},{"not_picked":["Reckless Charge","Wild Strike","Anger"],"picked":"SKIP","floor":14.0},{"not_picked":["Berserk","Fiend Fire"],"picked":"Feed","floor":16.0},{"not_picked":["Sever Soul","Flex"],"picked":"Corruption","floor":18.0},{"not_picked":["Iron Wave","Anger"],"picked":"Feel No Pain","floor":20.0},{"not_picked":["Havoc","Clash"],"picked":"Sentinel","floor":27.0}],"player_experience":516581,"relics_obtained":[{"floor":6.0,"key":"Smiling Mask"},{"floor":8.0,"key":"Calipers"},{"floor":9.0,"key":"Ancient Tea Set"},{"floor":13.0,"key":"Red Skull"},{"floor":26.0,"key":"Sundial"}],"event_choices":[{"cards_removed":["Strike_R"],"damage_healed":0.0,"max_hp_gain":0.0,"max_hp_loss":0.0,"gold_gain":0.0,"event_name":"Golden Wing","player_choice":"Card Removal","floor":2.0,"gold_loss":0.0,"damage_taken":7.0},{"damage_healed":0.0,"max_hp_gain":0.0,"max_hp_loss":0.0,"gold_gain":75.0,"event_name":"World of Goop","player_choice":"Gather Gold","floor":4.0,"gold_loss":0.0,"damage_taken":11.0},{"cards_removed":["Strike_R"],"damage_healed":0.0,"max_hp_gain":0.0,"max_hp_loss":0.0,"gold_gain":0.0,"event_name":"The Cleric","player_choice":"Card Removal","floor":7.0,"gold_loss":75.0,"damage_taken":0.0},{"cards_removed":["Strike_R"],"damage_healed":0.0,"max_hp_gain":0.0,"max_hp_loss":0.0,"gold_gain":0.0,"event_name":"Purifier","player_choice":"Purged","floor":11.0,"gold_loss":0.0,"damage_taken":0.0},{"damage_healed":0.0,"max_hp_gain":0.0,"max_hp_loss":0.0,"gold_gain":0.0,"event_name":"Vampires","player_choice":"Ignored","floor":19.0,"gold_loss":0.0,"damage_taken":0.0},{"damage_healed":0.0,"max_hp_gain":0.0,"max_hp_loss":0.0,"gold_gain":0.0,"event_name":"The Mausoleum","player_choice":"Opened","floor":21.0,"gold_loss":0.0,"damage_taken":0.0,"relics_obtained":["Pantograph"],"cards_obtained":["Writhe"]},{"damage_healed":0.0,"max_hp_gain":0.0,"max_hp_loss":39.0,"gold_gain":0.0,"event_name":"Ghosts","player_choice":"Became a Ghost","floor":24.0,"gold_loss":0.0,"damage_taken":0.0,"cards_obtained":["Ghostly","Ghostly","Ghostly"]},{"damage_healed":0.0,"max_hp_gain":0.0,"max_hp_loss":0.0,"gold_gain":50.0,"event_name":"Nest","player_choice":"Stole From Cult","floor":25.0,"gold_loss":0.0,"damage_taken":0.0}],"is_beta":false,"boss_relics":[{"not_picked":["Sozu","Mark of Pain"],"picked":"Black Blood"}],"items_purged_floors":[10,22],"is_endless":false,"potions_floor_spawned":[1,6,14,16,20,27],"killed_by":"Cultist and Chosen","ascension_level":20}