{"gold_per_floor":[113,127,138,158,158,158,30,30,57,57,57,68,19,19,19,118,118,136,136,51,67,86,104,104,104,157,168,187,187,199,199,199,294,294,310,310,310,323,323,323],"floor_reached":40,"playtime":1587,"items_purged":["Strike_B"],"score":378,"play_id":"cbeac6df-1219-4d9b-97c2-9fed313d51b5","local_time":"20190313031945","is_ascension_mode":false,"campfire_choices":[{"data":"Go for the Eyes","floor":6,"key":"SMITH"},{"data":"Gash","floor":8,"key":"SMITH"},{"floor":11,"key":"REST"},{"data":"Gash","floor":15,"key":"SMITH"},{"floor":29,"key":"REST"},{"data":"Skim","floor":32,"key":"SMITH"}],"neow_cost":"NONE","seed_source_timestamp":39284074806941,"circlet_count":0,"master_deck":["Defend_B","Defend_B","Defend_B","Zap","Dualcast+1","Go for the Eyes+1","Gash+1","Gash+1","Reinforced Body","Rebound","Go for the Eyes","FTL","Beam Cell+1","Scrape","Hologram","Gash","All For One","Go for the Eyes","Skim+1","Fission","Redo+1","Rip and Tear+1","Tempest+1","Reprogram"],"relics":["Cracked Core","NeowsBlessing","Anchor","Art of War","Orrery","Enchiridion","Pear","DataDisk","Astrolabe"],"potions_floor_usage":[16,16,23,33,33],"damage_taken":[{"damage":0,"enemies":"Cultist","floor":1,"turns":1},{"damage":0,"enemies":"Small Slimes","floor":2,"turns":1},{"damage":0,"enemies":"Jaw Worm","floor":3,"turns":1},{"damage":24,"enemies":"Large Slime","floor":4,"turns":5},{"damage":0,"enemies":"2 Fungi Beasts","floor":12,"turns":2},{"damage":20,"enemies":"Slime Boss","floor":16,"turns":10},{"damage":14,"enemies":"3 Byrds","floor":18,"turns":5},{"damage":5,"enemies":"Shell Parasite","floor":21,"turns":4},{"damage":0,"enemies":"Cultist and Chosen","floor":22,"turns":6},{"damage":9,"enemies":"Snake Plant","floor":23,"turns":4},{"damage":19,"enemies":"Colosseum Slavers","floor":25,"turns":3},{"damage":10,"enemies":"Snecko","floor":27,"turns":5},{"damage":0,"enemies":"Centurion and Healer","floor":28,"turns":5},{"damage":0,"enemies":"Chosen and Byrds","floor":30,"turns":3},{"damage":10,"enemies":"Automaton","floor":33,"turns":6},{"damage":17,"enemies":"3 Shapes","floor":35,"turns":2},{"damage":0,"enemies":"Orb Walker","floor":38,"turns":3},{"damage":75,"enemies":"Nemesis","floor":40,"turns":5}],"seed_played":"-1497364225555058650","potions_obtained":[{"floor":2,"key":"Poison Potion"},{"floor":12,"key":"GamblersBrew"},{"floor":18,"key":"Block Potion"},{"floor":28,"key":"SpeedPotion"},{"floor":30,"key":"AttackPotion"},{"floor":33,"key":"SpeedPotion"},{"floor":38,"key":"Explosive Potion"}],"is_trial":false,"path_per_floor":["M","M","M","M","?","R","$","R","T","?","R","M","$","?","R","B",null,"M","?","?","M","M","M","?","?","T","M","M","R","M","?","R","B",null,"M","?","?","M","?","E"],"character_chosen":"DEFECT","items_purchased":["Gash","Gash"],"campfire_rested":2,"item_purchase_floors":[7,13],"current_hp_per_floor":[75,75,75,51,36,36,36,36,36,18,40,40,40,40,40,20,75,61,45,55,50,50,41,41,22,22,12,12,37,37,37,37,27,85,68,68,68,68,68,0],"gold":323,"neow_bonus":"THREE_ENEMY_KILL","is_prod":false,"is_daily":false,"chose_seed":false,"campfire_upgraded":4,"win_rate":0,"timestamp":1552414785,"path_taken":["M","M","M","?","?","R","$","R","T","?","R","M","$","?","R","BOSS","M","?","?","M","M","M","?","?","T","M","?","R","M","?","R","BOSS","M","?","?","M","?","E"],"build_version":"2019-01-23","purchased_purges":1,"victory":false,"max_hp_per_floor":[75,75,75,75,75,75,75,75,75,75,75,75,75,75,75,75,75,75,75,85,85,85,85,85,85,85,85,85,85,85,85,85,85,85,85,85,81,81,81,81],"card_choices":[{"not_picked":["Compile Driver","Auto Shields","Lockon"],"picked":"SKIP","floor":1},{"not_picked":["Ball Lightning","Storm","Heatsinks"],"picked":"SKIP","floor":2},{"not_picked":["Compile Driver","Recycle","Steam Power"],"picked":"SKIP","floor":3},{"not_picked":["Sweeping Beam","Tempest"],"picked":"Go for the Eyes","floor":4},{"not_picked":["Capacitor","Doom and Gloom","Auto Shields"],"picked":"SKIP","floor":12},{"not_picked":["Beam Cell","Go for the Eyes"],"picked":"Reinforced Body","floor":17},{"not_picked":["Capacitor","Darkness"],"picked":"Rebound","floor":17},{"not_picked":["Force Field","Leap"],"picked":"Go for the Eyes","floor":17},{"not_picked":["Coolheaded","Turbo"],"picked":"FTL","floor":17},{"not_picked":["Streamline","Redo"],"picked":"Beam Cell+1","floor":18},{"not_picked":["Auto Shields+1","Turbo"],"picked":"Scrape","floor":21},{"not_picked":["Static Discharge","Hello World"],"picked":"Hologram","floor":22},{"not_picked":["Storm","Genetic Algorithm","Ball Lightning"],"picked":"SKIP","floor":23},{"not_picked":["Ball Lightning","Steam"],"picked":"All For One","floor":27},{"not_picked":["Tempest+1","Coolheaded+1"],"picked":"Go for the Eyes","floor":28},{"not_picked":["Compile Driver+1","Coolheaded"],"picked":"Skim","floor":30},{"not_picked":["Hyperbeam","Echo Form"],"picked":"Fission","floor":33},{"not_picked":["Barrage+1","Stack+1","Self Repair"],"picked":"SKIP","floor":35},{"not_picked":["Sweeping Beam+1","Darkness+1"],"picked":"Reprogram","floor":38}],"player_experience":344947,"relics_obtained":[{"floor":9,"key":"Anchor"},{"floor":19,"key":"Enchiridion"},{"floor":26,"key":"DataDisk"}],"event_choices":[{"damage_healed":0,"gold_gain":0,"player_choice":"Entered Light","damage_taken":15,"max_hp_gain":0,"max_hp_loss":0,"event_name":"Shining Light","floor":5,"gold_loss":0,"cards_upgraded":["Strike_B","Dualcast"]},{"damage_healed":0,"gold_gain":0,"player_choice":"Success","damage_taken":18,"relics_obtained":["Art of War"],"max_hp_gain":0,"max_hp_loss":0,"event_name":"Scrap Ooze","floor":10,"gold_loss":0},{"damage_healed":0,"gold_gain":0,"player_choice":"Leave","damage_taken":0,"max_hp_gain":0,"max_hp_loss":0,"event_name":"The Cleric","floor":14,"gold_loss":0},{"damage_healed":0,"gold_gain":0,"player_choice":"Obtained Book","damage_taken":16,"max_hp_gain":0,"max_hp_loss":0,"event_name":"Cursed Tome","floor":19,"gold_loss":0},{"damage_healed":0,"gold_gain":0,"player_choice":"Obtained Relic","damage_taken":0,"relics_obtained":["Pear"],"max_hp_gain":0,"max_hp_loss":0,"event_name":"Addict","floor":20,"gold_loss":85},{"damage_healed":0,"gold_gain":0,"player_choice":"Read","damage_taken":0,"max_hp_gain":0,"max_hp_loss":0,"event_name":"The Library","floor":24,"gold_loss":0,"cards_obtained":["Gash"]},{"damage_healed":0,"gold_gain":0,"player_choice":"Fight","damage_taken":0,"max_hp_gain":0,"max_hp_loss":0,"event_name":"Colosseum","floor":25,"gold_loss":0},{"damage_healed":0,"gold_gain":0,"player_choice":"Fled From Nobs","damage_taken":0,"max_hp_gain":0,"max_hp_loss":0,"event_name":"Colosseum","floor":25,"gold_loss":0},{"damage_healed":0,"gold_gain":0,"player_choice":"Ignored","damage_taken":0,"max_hp_gain":0,"max_hp_loss":0,"event_name":"NoteForYourself","floor":31,"gold_loss":0},{"cards_removed":["Defend_B"],"damage_healed":0,"gold_gain":0,"player_choice":"Removed Skill","damage_taken":0,"max_hp_gain":0,"max_hp_loss":0,"event_name":"Falling","floor":36,"gold_loss":0},{"damage_healed":0,"gold_gain":0,"player_choice":"Max HP","damage_taken":0,"max_hp_gain":0,"max_hp_loss":4,"event_name":"Winding Halls","floor":37,"gold_loss":0},{"damage_healed":0,"gold_gain":0,"player_choice":"Ignored","damage_taken":0,"max_hp_gain":0,"max_hp_loss":0,"event_name":"Mysterious Sphere","floor":39,"gold_loss":0}],"is_beta":false,"boss_relics":[{"not_picked":["Tiny House","Velvet Choker"],"picked":"Orrery"},{"not_picked":["Lizard Tail","Sozu"],"picked":"Astrolabe"}],"items_purged_floors":[7],"is_endless":false,"potions_floor_spawned":[2,12,18,28,30,33,38],"killed_by":"Nemesis","ascension_level":0}