{"gold_per_floor":[216,491,42,42,57,87,87,106,136,13,26,105,125,138,138,213,213,226,226,226,226,85,85,85,118,118,143,158,187,187,197,197,274,274,284,83,83,100,12,12,58,58,103,131,131,146,171,26,26,26],"floor_reached":51,"playtime":3707,"items_purged":["Regret","Shame"],"score":1535,"play_id":"e076ec9b-3ff9-455c-a583-99c5f2b32cba","local_time":"20190330054524","is_ascension_mode":true,"campfire_choices":[{"floor":7.0,"key":"REST"},{"data":"Cloak And Dagger","floor":15.0,"key":"SMITH"},{"data":"Cloak And Dagger","floor":23.0,"key":"SMITH"},{"data":"Tactician","floor":32.0,"key":"SMITH"},{"data":"Calculated Gamble","floor":40.0,"key":"SMITH"},{"data":"Poisoned Stab+1","floor":45,"key":"PURGE"},{"data":"Caltrops","floor":49,"key":"PURGE"}],"neow_cost":"NONE","seed_source_timestamp":60065369786905,"circlet_count":0,"master_deck":["AscendersBane","Neutralize","Calculated Gamble+1","Backflip","Dagger Throw+1","Quick Slash+1","Dagger Throw+1","Cloak And Dagger+1","Tactician+1","Bullet Time","Cloak And Dagger+1","Ghostly","Ghostly","Ghostly","Ghostly","Ghostly","Accuracy","Noxious Fumes","Distraction","PiercingWail+1","Backstab+1","Dagger Spray+1","Tools of the Trade","Finisher+1","Tactician+1","Tactician+1","Bandage Up","Calculated Gamble","Madness","Madness","Backstab+1","Calculated Gamble+1","A Thousand Cuts+1"],"special_seed":0,"relics":["Ring of the Snake","Molten Egg 2","Pen Nib","Kunai","Tiny Chest","Bottled Flame","Snecko Eye","Gambling Chip","Dead Branch","Ice Cream","Mummified Hand","Happy Flower","Vajra","Du-Vu Doll","Pandora\u0027s Box","DollysMirror","Peace Pipe","Ancient Tea Set","Frozen Egg 2","Bag of Preparation"],"potions_floor_usage":[50,50],"damage_taken":[{"damage":4.0,"enemies":"Small Slimes","floor":1.0,"turns":4.0},{"damage":5.0,"enemies":"Cultist","floor":5.0,"turns":5.0},{"damage":32.0,"enemies":"Gremlin Nob","floor":6.0,"turns":5.0},{"damage":0.0,"enemies":"Jaw Worm","floor":8.0,"turns":3.0},{"damage":6.0,"enemies":"Red Slaver","floor":11.0,"turns":2.0},{"damage":10.0,"enemies":"Gremlin Gang","floor":13.0,"turns":5.0},{"damage":0.0,"enemies":"Exordium Wildlife","floor":14.0,"turns":3.0},{"damage":0.0,"enemies":"Hexaghost","floor":16.0,"turns":9.0},{"damage":3.0,"enemies":"Shell Parasite","floor":18.0,"turns":5.0},{"damage":4.0,"enemies":"Book of Stabbing","floor":25.0,"turns":7.0},{"damage":0.0,"enemies":"Slavers","floor":27.0,"turns":5.0},{"damage":1.0,"enemies":"2 Thieves","floor":28.0,"turns":3.0},{"damage":0.0,"enemies":"Book of Stabbing","floor":29.0,"turns":3.0},{"damage":0.0,"enemies":"3 Cultists","floor":31.0,"turns":3.0},{"damage":1.0,"enemies":"Automaton","floor":33.0,"turns":6.0},{"damage":0.0,"enemies":"3 Shapes","floor":35.0,"turns":2.0},{"damage":0.0,"enemies":"Orb Walker","floor":38.0,"turns":2.0},{"damage":2.0,"enemies":"2 Orb Walkers","floor":41.0,"turns":3.0},{"damage":0,"enemies":"Reptomancer","floor":44,"turns":4},{"damage":1,"enemies":"Sphere and 2 Shapes","floor":46,"turns":3},{"damage":2,"enemies":"Nemesis","floor":47,"turns":5},{"damage":19,"enemies":"Awakened One","floor":50,"turns":7}],"seed_played":"6817448020681254361","potions_obtained":[{"floor":5.0,"key":"SpeedPotion"},{"floor":11.0,"key":"Energy Potion"},{"floor":13.0,"key":"PowerPotion"},{"floor":25.0,"key":"Ancient Potion"},{"floor":28.0,"key":"EntropicBrew"},{"floor":44,"key":"LiquidBronze"}],"is_trial":false,"path_per_floor":["M","?","$","?","M","E","R","M","T","$","M","T","M","M","R","B",null,"M","T","?","?","$","R","?","E","T","E","M","E","T","M","R","B",null,"M","$","?","M","$","R","?","?","T","E","R","M","E","$","R","B",null],"character_chosen":"THE_SILENT","items_purchased":["Molten Egg 2","Backflip","Pen Nib","Dagger Throw+1","Caltrops","DollysMirror","Bandage Up","A Thousand Cuts+1"],"campfire_rested":1,"item_purchase_floors":[3,3,3,10,22,36,39,48],"current_hp_per_floor":[55,55,55,42,37,5,24,24,24,24,18,18,8,8,8,8,52,49,49,49,33,33,33,33,29,29,29,28,28,28,28,28,27,32,32,32,32,32,32,32,30,26,26,30,30,32,31,31,31,12],"gold":26,"neow_bonus":"HUNDRED_GOLD","is_prod":false,"is_daily":false,"chose_seed":false,"campfire_upgraded":4,"win_rate":0,"timestamp":1553892324,"path_taken":["M","?","?","?","?","E","R","M","T","?","?","?","M","M","R","BOSS","M","?","?","?","?","R","?","E","T","E","?","E","?","M","R","BOSS","M","$","?","?","$","R","?","?","T","E","R","M","E","?","R","BOSS"],"build_version":"2019-01-23","purchased_purges":2,"victory":true,"max_hp_per_floor":[66,66,66,66,66,66,66,66,66,66,66,66,66,66,66,66,66,66,66,66,33,33,33,33,33,33,33,33,33,33,33,33,33,33,33,33,33,33,33,33,33,33,33,33,33,33,33,33,33,33],"card_choices":[{"not_picked":["Outmaneuver","Slice"],"picked":"Calculated Gamble","floor":1.0},{"not_picked":["Deflect","Slice+1"],"picked":"Dagger Throw+1","floor":5.0},{"not_picked":["Bane+1","Calculated Gamble"],"picked":"Quick Slash+1","floor":6.0},{"not_picked":["Caltrops","Quick Slash+1"],"picked":"Poisoned Stab+1","floor":8.0},{"not_picked":["Slice+1","Deflect","Outmaneuver"],"picked":"SKIP","floor":11.0},{"not_picked":["Choke+1","Dodge and Roll"],"picked":"Cloak And Dagger","floor":13.0},{"not_picked":["Caltrops","Die Die Die+1"],"picked":"Tactician","floor":14.0},{"not_picked":["Unload+1","Die Die Die+1"],"picked":"Bullet Time","floor":16.0},{"not_picked":["Acrobatics","Dagger Throw+1"],"picked":"Cloak And Dagger","floor":18.0},{"not_picked":["Cloak And Dagger","Heel Hook+1"],"picked":"Noxious Fumes","floor":25.0},{"not_picked":["Quick Slash+1","Deflect"],"picked":"Distraction","floor":27.0},{"not_picked":["Flying Knee+1","Dagger Throw+1"],"picked":"PiercingWail+1","floor":28.0},{"not_picked":["Dagger Spray+1","Envenom"],"picked":"Backstab+1","floor":29.0},{"not_picked":["Escape Plan","Bane+1"],"picked":"Dagger Spray+1","floor":31.0},{"not_picked":["Die Die Die+1","Glass Knife+1"],"picked":"Tools of the Trade","floor":33.0},{"not_picked":["Outmaneuver","Heel Hook+1"],"picked":"Finisher+1","floor":35.0},{"not_picked":["Backflip","Sucker Punch+1"],"picked":"Tactician+1","floor":38.0},{"not_picked":["Deflect+1","Heel Hook+1"],"picked":"Calculated Gamble","floor":41.0},{"not_picked":["Prepared","Accuracy"],"picked":"Backstab+1","floor":44},{"not_picked":["Flechettes+1","Flying Knee+1","Calculated Gamble"],"picked":"SKIP","floor":46},{"not_picked":["Leg Sweep","Dagger Throw+1"],"picked":"Calculated Gamble+1","floor":47}],"player_experience":639634,"relics_obtained":[{"floor":6.0,"key":"Kunai"},{"floor":9.0,"key":"Tiny Chest"},{"floor":12.0,"key":"Bottled Flame"},{"floor":19.0,"key":"Gambling Chip"},{"floor":25.0,"key":"Ice Cream"},{"floor":26.0,"key":"Mummified Hand"},{"floor":27.0,"key":"Happy Flower"},{"floor":29.0,"key":"Vajra"},{"floor":30.0,"key":"Du-Vu Doll"},{"floor":41.0,"key":"Peace Pipe"},{"floor":43.0,"key":"Ancient Tea Set"},{"floor":44,"key":"Frozen Egg 2"},{"floor":47,"key":"Bag of Preparation"}],"event_choices":[{"damage_healed":0.0,"max_hp_gain":0.0,"max_hp_loss":0.0,"gold_gain":275.0,"event_name":"Golden Shrine","player_choice":"Desecrate","floor":2.0,"gold_loss":0.0,"damage_taken":0.0,"cards_obtained":["Regret"]},{"damage_healed":0.0,"max_hp_gain":0.0,"max_hp_loss":0.0,"gold_gain":0.0,"event_name":"Shining Light","player_choice":"Entered Light","floor":4.0,"gold_loss":0.0,"damage_taken":13.0,"cards_upgraded":["Strike_G","Defend_G"]},{"damage_healed":0.0,"max_hp_gain":0.0,"max_hp_loss":0.0,"gold_gain":0.0,"event_name":"Addict","player_choice":"Stole Relic","floor":20.0,"gold_loss":0.0,"damage_taken":0.0,"relics_obtained":["Dead Branch"],"cards_obtained":["Shame"]},{"damage_healed":0.0,"max_hp_gain":0.0,"max_hp_loss":33.0,"gold_gain":0.0,"event_name":"Ghosts","player_choice":"Became a Ghost","floor":21.0,"gold_loss":0.0,"damage_taken":0.0,"cards_obtained":["Ghostly","Ghostly","Ghostly","Ghostly","Ghostly"]},{"damage_healed":0.0,"max_hp_gain":0.0,"max_hp_loss":0.0,"gold_gain":0.0,"event_name":"The Library","player_choice":"Read","floor":24.0,"gold_loss":0.0,"damage_taken":0.0,"cards_obtained":["Accuracy"]},{"cards_removed":["Survivor"],"damage_healed":0.0,"max_hp_gain":0.0,"max_hp_loss":0.0,"gold_gain":0.0,"event_name":"Purifier","player_choice":"Purged","floor":37.0,"gold_loss":0.0,"damage_taken":0.0},{"damage_healed":0.0,"max_hp_gain":0.0,"max_hp_loss":0.0,"gold_gain":0.0,"event_name":"Mysterious Sphere","player_choice":"Fight","floor":41.0,"gold_loss":0.0,"damage_taken":0.0},{"damage_healed":0.0,"max_hp_gain":0.0,"max_hp_loss":0.0,"gold_gain":0.0,"event_name":"Winding Halls","player_choice":"Embrace Madness","floor":42.0,"gold_loss":0.0,"damage_taken":4.0,"cards_obtained":["Madness","Madness"]}],"is_beta":false,"boss_relics":[{"not_picked":["Lizard Tail","Orrery"],"picked":"Snecko Eye"},{"not_picked":["Fusion Hammer","Velvet Choker"],"picked":"Pandora\u0027s Box"}],"items_purged_floors":[10,22],"is_endless":false,"potions_floor_spawned":[5,11,13,25,28,38,44],"ascension_level":14}