{"gold_per_floor":[109,109,129,229,246,277,277,303,328,328,75,75,75,95,95,197,197,213,213,213,13,32,32,43,43,43,72,72,83,83,93,93,192,242,257,275,275],"floor_reached":37,"playtime":3162,"items_purged":["Decay"],"score":651,"play_id":"85b7ff04-a0ae-430f-8a71-5dd3be6fe2e6","local_time":"20190314182814","is_ascension_mode":true,"campfire_choices":[{"data":"Bash","floor":7,"key":"SMITH"},{"data":"Body Slam","floor":10,"key":"SMITH"},{"data":"Apotheosis","floor":15,"key":"SMITH"},{"floor":23,"key":"REST"},{"floor":28,"key":"REST"},{"floor":32,"key":"REST"}],"neow_cost":"NONE","seed_source_timestamp":2496685844794893,"circlet_count":0,"master_deck":["Strike_R","Strike_R","Strike_R+1","Defend_R","Defend_R","Defend_R","Defend_R","Bash+1","Evolve+1","Wild Strike","Uppercut","Entrench","Body Slam+1","Apotheosis+1","Metallicize","Shrug It Off","Shrug It Off","Offering","Power Through","Feel No Pain+1","Warcry","Feed+1","Fire Breathing","Warcry","Demon Form","Combust","Sentinel"],"relics":["Burning Blood","NeowsBlessing","PreservedInsect","Smiling Mask","Bronze Scales","Fusion Hammer","Bag of Marbles","Molten Egg 2","Meat on the Bone","Potion Belt","Tiny House"],"potions_floor_usage":[6,8,16,34,37,37,37,37,37],"damage_taken":[{"damage":0,"enemies":"2 Louse","floor":1,"turns":1},{"damage":0,"enemies":"Cultist","floor":3,"turns":1},{"damage":0,"enemies":"Small Slimes","floor":5,"turns":1},{"damage":36,"enemies":"Gremlin Nob","floor":6,"turns":5},{"damage":5,"enemies":"3 Sentries","floor":8,"turns":4},{"damage":18,"enemies":"Gremlin Gang","floor":14,"turns":5},{"damage":17,"enemies":"The Guardian","floor":16,"turns":10},{"damage":20,"enemies":"Shell Parasite","floor":18,"turns":6},{"damage":15,"enemies":"Chosen","floor":22,"turns":5},{"damage":12,"enemies":"Centurion and Healer","floor":24,"turns":5},{"damage":6,"enemies":"Gremlin Leader","floor":27,"turns":4},{"damage":14,"enemies":"Snake Plant","floor":29,"turns":3},{"damage":14,"enemies":"3 Cultists","floor":31,"turns":6},{"damage":45,"enemies":"Champ","floor":33,"turns":14},{"damage":28,"enemies":"3 Shapes","floor":35,"turns":3},{"damage":15,"enemies":"Orb Walker","floor":36,"turns":4},{"damage":73,"enemies":"2 Orb Walkers","floor":37,"turns":5}],"seed_played":"4185793752808041706","potions_obtained":[{"floor":1,"key":"Strength Potion"},{"floor":5,"key":"Dexterity Potion"},{"floor":6,"key":"AttackPotion"},{"floor":16,"key":"SkillPotion"},{"floor":24,"key":"Ancient Potion"},{"floor":27,"key":"Explosive Potion"},{"floor":33,"key":"LiquidBronze"},{"floor":34,"key":"Fruit Juice"},{"floor":35,"key":"Regen Potion"},{"floor":36,"key":"PowerPotion"}],"is_trial":false,"path_per_floor":["M","?","M","?","M","E","R","E","T","R","$","?","?","M","R","B",null,"M","?","?","$","M","R","M","?","T","E","R","M","?","M","R","B",null,"M","M","?"],"character_chosen":"IRONCLAD","items_purchased":["Apotheosis","Metallicize","Shrug It Off","Bag of Marbles"],"campfire_rested":3,"item_purchase_floors":[11,11,11,21],"current_hp_per_floor":[78,78,80,80,80,50,50,51,51,51,51,71,71,59,59,48,70,56,56,56,56,47,70,64,64,64,64,77,69,69,65,81,54,84,62,57,0],"gold":275,"neow_bonus":"THREE_ENEMY_KILL","is_prod":false,"is_daily":false,"chose_seed":false,"campfire_upgraded":3,"win_rate":0,"timestamp":1552555694,"path_taken":["M","?","?","?","?","E","R","E","T","R","$","?","?","M","R","BOSS","M","?","?","$","M","R","M","?","T","E","R","?","?","M","R","BOSS","M","M","?"],"build_version":"2019-01-23","purchased_purges":1,"victory":false,"max_hp_per_floor":[80,80,80,80,80,80,80,80,80,80,80,80,77,77,77,77,77,77,77,77,77,77,77,77,77,77,77,77,77,77,81,81,81,91,91,95,95],"card_choices":[{"not_picked":["Reckless Charge","Fire Breathing"],"picked":"Evolve","floor":1},{"not_picked":["Iron Wave","Anger"],"picked":"Wild Strike","floor":3},{"not_picked":["Headbutt","Clash"],"picked":"Uppercut","floor":5},{"not_picked":["Feel No Pain","Warcry"],"picked":"Entrench","floor":6},{"not_picked":["Impervious","Thunderclap"],"picked":"Body Slam","floor":8},{"not_picked":["Havoc","Wild Strike"],"picked":"Shrug It Off","floor":14},{"not_picked":["Brutality","Bludgeon"],"picked":"Offering","floor":16},{"not_picked":["Hemokinesis+1","Anger","Wild Strike"],"picked":"SKIP","floor":18},{"not_picked":["True Grit","Burning Pact"],"picked":"Power Through","floor":22},{"not_picked":["Shrug It Off","Headbutt+1","Sword Boomerang"],"picked":"SKIP","floor":24},{"not_picked":["Havoc+1","True Grit"],"picked":"Feel No Pain+1","floor":27},{"not_picked":["Wild Strike+1","Carnage+1"],"picked":"Warcry","floor":29},{"not_picked":["Heavy Blade+1","Carnage+1"],"picked":"Warcry","floor":31},{"not_picked":["Reaper+1","Double Tap"],"picked":"Demon Form","floor":33},{"not_picked":["Pommel Strike+1","Armaments"],"picked":"Combust","floor":34},{"not_picked":["Headbutt+1","Flex"],"picked":"Sentinel","floor":35},{"not_picked":["Hemokinesis+1","Clothesline+1","Headbutt+1"],"picked":"SKIP","floor":36}],"player_experience":364530,"relics_obtained":[{"floor":6,"key":"PreservedInsect"},{"floor":8,"key":"Smiling Mask"},{"floor":9,"key":"Bronze Scales"},{"floor":26,"key":"Meat on the Bone"},{"floor":27,"key":"Potion Belt"}],"event_choices":[{"damage_healed":0,"gold_gain":0,"player_choice":"Upgraded","damage_taken":0,"max_hp_gain":0,"max_hp_loss":0,"event_name":"Upgrade Shrine","floor":2,"gold_loss":0,"cards_upgraded":["Evolve"]},{"damage_healed":0,"gold_gain":100,"player_choice":"Pray","damage_taken":0,"max_hp_gain":0,"max_hp_loss":0,"event_name":"Golden Shrine","floor":4,"gold_loss":0},{"damage_healed":20,"gold_gain":0,"player_choice":"Healed and dodged fight","damage_taken":0,"max_hp_gain":0,"max_hp_loss":0,"event_name":"Mushrooms","floor":12,"gold_loss":0,"cards_obtained":["Parasite"]},{"cards_removed":["Parasite"],"damage_healed":0,"gold_gain":0,"player_choice":"Purged","damage_taken":0,"max_hp_gain":0,"max_hp_loss":0,"event_name":"Purifier","floor":13,"gold_loss":0},{"damage_healed":0,"gold_gain":0,"player_choice":"Ignored","damage_taken":0,"max_hp_gain":0,"max_hp_loss":0,"event_name":"Vampires","floor":19,"gold_loss":0},{"damage_healed":0,"gold_gain":0,"player_choice":"Smashed Altar","damage_taken":0,"max_hp_gain":0,"max_hp_loss":0,"event_name":"Forgotten Altar","floor":20,"gold_loss":0,"cards_obtained":["Decay"]},{"damage_healed":0,"gold_gain":0,"player_choice":"Gave Potion","damage_taken":0,"relics_obtained":["Molten Egg 2"],"max_hp_gain":0,"max_hp_loss":0,"event_name":"WeMeetAgain","floor":25,"gold_loss":0},{"damage_healed":0,"gold_gain":0,"cards_transformed":["Strike_R","Strike_R"],"player_choice":"Became Test Subject","damage_taken":0,"max_hp_gain":0,"max_hp_loss":0,"event_name":"Drug Dealer","floor":30,"gold_loss":0,"cards_obtained":["Feed","Fire Breathing"]},{"damage_healed":0,"gold_gain":0,"player_choice":"Fight","damage_taken":0,"max_hp_gain":0,"max_hp_loss":0,"event_name":"Mysterious Sphere","floor":37,"gold_loss":0}],"is_beta":false,"boss_relics":[{"not_picked":["Runic Dome","Busted Crown"],"picked":"Fusion Hammer"},{"not_picked":["Runic Cube","Eternal Feather"],"picked":"Tiny House"}],"items_purged_floors":[21],"is_endless":false,"potions_floor_spawned":[1,5,6,16,24,27,33,35,36],"killed_by":"2 Orb Walkers","ascension_level":8}