{"gold_per_floor":[115,129,129,109,120,120,151,166,166,199,199,219,219,246,246,345,345,345,345,259,21,21,21,21,21,21,21,21,21,21,21,21,21,21,21,21,21,21,21,21,21,21,21,21,21,21,21,21,21,21,21,21,21,21,21],"floor_reached":55,"playtime":4201,"items_purged":["Strike_B"],"score":866,"play_id":"744d7203-9596-4e6f-ae4a-e775b8d511c7","local_time":"20190202070940","is_ascension_mode":true,"campfire_choices":[{"data":"Go for the Eyes","floor":6.0,"key":"SMITH"},{"data":"Zap","floor":11.0,"key":"SMITH"},{"floor":13.0,"key":"REST"},{"data":"Defragment","floor":15.0,"key":"SMITH"},{"data":"Self Repair","floor":23.0,"key":"SMITH"},{"data":"Consume","floor":28.0,"key":"SMITH"},{"data":"Electrodynamics","floor":32.0,"key":"SMITH"},{"data":"Darkness","floor":41.0,"key":"SMITH"},{"data":"Seek","floor":44.0,"key":"SMITH"},{"floor":49.0,"key":"RECALL"},{"data":"Capacitor","floor":52.0,"key":"SMITH"}],"neow_cost":"NONE","seed_source_timestamp":0,"circlet_count":0,"master_deck":["Strike_B","Defend_B","Defend_B","Defend_B","Defend_B","Zap+1","Dualcast","Cold Snap","Go for the Eyes+1","Defragment+1","Go for the Eyes+1","Reinforced Body","Ball Lightning","Capacitor","Electrodynamics+1","Ball Lightning+1","Capacitor+1","Darkness+1","Self Repair+1","Barrage","Consume+1","RitualDagger","Conserve Battery","Seek+1","Coolheaded","BootSequence","Cold Snap","Coolheaded+1"],"special_seed":0,"relics":["Cracked Core","Incense Burner","Darkstone Periapt","Matryoshka","Oddly Smooth Stone","Ectoplasm","Juzu Bracelet","Bag of Preparation","Anchor","Blood Vial","Strawberry","Cursed Key","Omamori","PreservedInsect","Thread and Needle","Torii"],"potions_floor_usage":[],"damage_taken":[{"damage":0.0,"enemies":"2 Louse","floor":1.0,"turns":2.0},{"damage":0.0,"enemies":"Cultist","floor":2.0,"turns":3.0},{"damage":0.0,"enemies":"Jaw Worm","floor":5.0,"turns":3.0},{"damage":23.0,"enemies":"3 Sentries","floor":7.0,"turns":7.0},{"damage":11.0,"enemies":"Exordium Thugs","floor":8.0,"turns":5.0},{"damage":26.0,"enemies":"Gremlin Nob","floor":10.0,"turns":6.0},{"damage":0.0,"enemies":"2 Fungi Beasts","floor":12.0,"turns":3.0},{"damage":0.0,"enemies":"Lagavulin","floor":14.0,"turns":5.0},{"damage":8.0,"enemies":"Hexaghost","floor":16.0,"turns":10.0},{"damage":0.0,"enemies":"3 Byrds","floor":18.0,"turns":1.0},{"damage":0.0,"enemies":"Spheric Guardian","floor":19.0,"turns":3.0},{"damage":8.0,"enemies":"Book of Stabbing","floor":24.0,"turns":5.0},{"damage":0.0,"enemies":"Cultist and Chosen","floor":25.0,"turns":5.0},{"damage":22.0,"enemies":"Slavers","floor":30.0,"turns":4.0},{"damage":22.0,"enemies":"Collector","floor":33.0,"turns":9.0},{"damage":0.0,"enemies":"3 Darklings","floor":35.0,"turns":3.0},{"damage":5.0,"enemies":"3 Shapes","floor":39.0,"turns":4.0},{"damage":1.0,"enemies":"Giant Head","floor":40.0,"turns":8.0},{"damage":21.0,"enemies":"3 Darklings","floor":42.0,"turns":4.0},{"damage":36.0,"enemies":"Mind Bloom Boss Battle","floor":45.0,"turns":6.0},{"damage":0.0,"enemies":"Maw","floor":46.0,"turns":7.0},{"damage":0.0,"enemies":"Jaw Worm Horde","floor":47.0,"turns":2.0},{"damage":8.0,"enemies":"Spire Growth","floor":48.0,"turns":4.0},{"damage":17.0,"enemies":"Awakened One","floor":50.0,"turns":16.0},{"damage":55.0,"enemies":"Shield and Spear","floor":54.0,"turns":4.0},{"damage":48,"enemies":"The Heart","floor":55,"turns":3}],"seed_played":"3929778112022071879","potions_obtained":[{"floor":4.0,"key":"AttackPotion"},{"floor":5.0,"key":"Regen Potion"},{"floor":7.0,"key":"AttackPotion"},{"floor":8.0,"key":"Dexterity Potion"},{"floor":18.0,"key":"Strength Potion"},{"floor":33.0,"key":"Strength Potion"},{"floor":40.0,"key":"EssenceOfSteel"},{"floor":45.0,"key":"Fire Potion"},{"floor":48.0,"key":"Regen Potion"}],"is_trial":false,"path_per_floor":["M","M","?","?","M","R","E","M","T","E","R","M","R","E","R","B",null,"M","M","$","$","?","R","E","M","T","?","R","?","E","T","R","B",null,"M","?","$","?","M","E","R","M","T","R","?","M","M","M","R","B",null,"R","$","E","B"],"character_chosen":"DEFECT","items_purchased":["Capacitor","Dexterity Potion","Darkness","Self Repair","Barrage"],"campfire_rested":1,"item_purchase_floors":[20,20,21,21,21],"current_hp_per_floor":[75,75,68,68,68,68,45,34,34,23,23,23,45,45,45,37,75,75,75,75,75,75,75,75,75,75,61,61,55,43,50,50,40,87,87,87,87,87,87,87,87,76,76,76,52,64,66,70,70,80,87,87,87,32,0],"gold":21,"neow_bonus":"REMOVE_CARD","is_prod":false,"is_daily":false,"chose_seed":false,"campfire_upgraded":9,"win_rate":0,"timestamp":1549120180,"path_taken":["M","M","?","?","?","R","E","M","T","E","R","?","R","E","R","BOSS","M","M","?","$","?","R","E","M","T","?","R","?","E","?","R","BOSS","M","?","$","?","M","E","R","M","T","R","?","M","M","M","R","BOSS","R","$","E","BOSS"],"build_version":"2019-01-23","purchased_purges":1,"victory":false,"max_hp_per_floor":[75,75,75,75,75,75,75,75,75,75,75,75,75,75,75,75,75,75,75,75,75,75,75,75,75,75,80,80,80,80,87,87,87,87,87,87,87,87,87,87,87,87,87,87,87,87,87,87,87,87,87,87,87,87,87],"card_choices":[{"not_picked":["Rebound","Steam"],"picked":"Cold Snap","floor":1.0},{"not_picked":["Fission","Force Field"],"picked":"Go for the Eyes","floor":2.0},{"not_picked":["Leap","Cold Snap"],"picked":"Defragment","floor":5.0},{"not_picked":["Turbo","Reprogram"],"picked":"Go for the Eyes","floor":7.0},{"not_picked":["Double Energy","Recycle","Static Discharge"],"picked":"SKIP","floor":8.0},{"not_picked":["Doom and Gloom","Rip and Tear"],"picked":"Reinforced Body","floor":10.0},{"not_picked":["Steam","Rip and Tear"],"picked":"Ball Lightning","floor":12.0},{"not_picked":["Redo","Tempest"],"picked":"Capacitor","floor":14.0},{"not_picked":["Machine Learning","Meteor Strike"],"picked":"Electrodynamics","floor":16.0},{"not_picked":["Static Discharge","Streamline","Reprogram"],"picked":"SKIP","floor":18.0},{"not_picked":["Leap+1","Turbo"],"picked":"Ball Lightning+1","floor":19.0},{"not_picked":["Doom and Gloom+1","Beam Cell","Rip and Tear"],"picked":"SKIP","floor":24.0},{"not_picked":["Leap+1","Stack"],"picked":"Consume","floor":25.0},{"not_picked":["Stack","Gash"],"picked":"Conserve Battery","floor":30.0},{"not_picked":["Creative AI","Amplify"],"picked":"Seek","floor":33.0},{"not_picked":["Self Repair","Conserve Battery","Stack"],"picked":"SKIP","floor":35.0},{"not_picked":["Ball Lightning+1","Stack"],"picked":"Coolheaded","floor":39.0},{"not_picked":["Turbo+1","Streamline"],"picked":"BootSequence","floor":40.0},{"not_picked":["Gash","Go for the Eyes"],"picked":"Cold Snap","floor":42.0},{"not_picked":["Self Repair+1","Reprogram","Reboot"],"picked":"SKIP","floor":46.0},{"not_picked":["Undo","Reinforced Body","Sweeping Beam"],"picked":"SKIP","floor":47.0},{"not_picked":["Streamline+1","Rebound","Turbo"],"picked":"SKIP","floor":48.0},{"not_picked":["Conserve Battery","Go for the Eyes"],"picked":"Coolheaded+1","floor":54.0}],"player_experience":406488,"relics_obtained":[{"floor":7.0,"key":"Incense Burner"},{"floor":9.0,"key":"Darkstone Periapt"},{"floor":10.0,"key":"Matryoshka"},{"floor":14.0,"key":"Oddly Smooth Stone"},{"floor":24.0,"key":"Juzu Bracelet"},{"floor":26.0,"key":"Bag of Preparation"},{"floor":26.0,"key":"Anchor"},{"floor":30.0,"key":"Blood Vial"},{"floor":31.0,"key":"Strawberry"},{"floor":40.0,"key":"Omamori"},{"floor":43.0,"key":"PreservedInsect"},{"floor":45.0,"key":"Thread and Needle"},{"floor":54.0,"key":"Torii"}],"event_choices":[{"cards_removed":["Strike_B"],"damage_healed":0.0,"max_hp_gain":0.0,"max_hp_loss":0.0,"gold_gain":0.0,"event_name":"Golden Wing","player_choice":"Card Removal","floor":3.0,"gold_loss":0.0,"damage_taken":7.0},{"damage_healed":0.0,"max_hp_gain":0.0,"max_hp_loss":0.0,"gold_gain":0.0,"event_name":"The Woman in Blue","player_choice":"Bought 1 Potion","floor":4.0,"gold_loss":0.0,"damage_taken":0.0},{"damage_healed":0.0,"max_hp_gain":0.0,"max_hp_loss":0.0,"gold_gain":0.0,"event_name":"Upgrade Shrine","player_choice":"Upgraded","floor":22.0,"gold_loss":0.0,"damage_taken":0.0,"cards_upgraded":["Go for the Eyes"]},{"damage_healed":0.0,"max_hp_gain":5.0,"max_hp_loss":0.0,"gold_gain":0.0,"event_name":"Forgotten Altar","player_choice":"Shed Blood","floor":27.0,"gold_loss":0.0,"damage_taken":19.0},{"damage_healed":0.0,"max_hp_gain":0.0,"max_hp_loss":0.0,"gold_gain":0.0,"event_name":"Nest","player_choice":"Joined the Cult","floor":29.0,"gold_loss":0.0,"damage_taken":6.0,"cards_obtained":["RitualDagger"]},{"damage_healed":0.0,"max_hp_gain":0.0,"max_hp_loss":0.0,"gold_gain":0.0,"event_name":"FaceTrader","player_choice":"Leave","floor":36.0,"gold_loss":0.0,"damage_taken":0.0},{"damage_healed":0.0,"max_hp_gain":0.0,"max_hp_loss":0.0,"gold_gain":0.0,"event_name":"Mysterious Sphere","player_choice":"Ignored","floor":38.0,"gold_loss":0.0,"damage_taken":0.0},{"damage_healed":0.0,"max_hp_gain":0.0,"max_hp_loss":0.0,"gold_gain":0.0,"event_name":"MindBloom","player_choice":"Fight","floor":45.0,"gold_loss":0.0,"damage_taken":0.0}],"is_beta":false,"boss_relics":[{"not_picked":["Philosopher\u0027s Stone","Coffee Dripper"],"picked":"Ectoplasm"},{"not_picked":["Snecko Eye","Eternal Feather"],"picked":"Cursed Key"}],"items_purged_floors":[21],"is_endless":false,"potions_floor_spawned":[5,7,8,18,33,40,45,48],"killed_by":"The Heart","ascension_level":3}