{"gold_per_floor":[117,117,133,133,151,151,178,178,232,232,246,276,288,13,13,13],"floor_reached":16,"playtime":504,"items_purged":[],"score":215,"play_id":"22a658e0-718a-439b-8f45-1bd099d25f98","local_time":"20181223111659","is_ascension_mode":true,"campfire_choices":[{"data":"Venomology","floor":6.0,"key":"SMITH"},{"data":"Sucker Punch","floor":8.0,"key":"SMITH"},{"floor":10.0,"key":"REST"},{"data":"Adrenaline","floor":15.0,"key":"SMITH"}],"neow_cost":"NONE","seed_source_timestamp":2595787628195,"circlet_count":0,"master_deck":["AscendersBane","Defend_G","Defend_G","Defend_G","Defend_G","Defend_G","Strike_G","Strike_G","Strike_G","Strike_G","Strike_G","Survivor","Neutralize","PiercingWail","Regret","Sucker Punch+1","Corpse Explosion","Venomology+1","Deflect","Dagger Spray","PiercingWail","Escape Plan","Deflect","Adrenaline+1"],"special_seed":0,"relics":["Ring of the Snake","NeowsBlessing","Happy Flower","Prayer Wheel","Dream Catcher","Snake Skull","Paper Crane"],"potions_floor_usage":[16,16,16],"damage_taken":[{"damage":0.0,"enemies":"Jaw Worm","floor":1.0,"turns":1.0},{"damage":0.0,"enemies":"Cultist","floor":3.0,"turns":1.0},{"damage":0.0,"enemies":"Small Slimes","floor":5.0,"turns":1.0},{"damage":34.0,"enemies":"Gremlin Nob","floor":7.0,"turns":5.0},{"damage":10.0,"enemies":"Exordium Thugs","floor":11.0,"turns":4.0},{"damage":9.0,"enemies":"3 Sentries","floor":12.0,"turns":3.0},{"damage":0.0,"enemies":"2 Fungi Beasts","floor":13.0,"turns":2.0},{"damage":27,"enemies":"Slime Boss","floor":16,"turns":9}],"seed_played":"6164018500767254243","potions_obtained":[{"floor":1.0,"key":"Strength Potion"},{"floor":12.0,"key":"Fire Potion"},{"floor":13.0,"key":"SkillPotion"}],"is_trial":false,"path_per_floor":["M","?","M","M","?","M","R","E","R","T","R","M","E","M","$","R","B"],"character_chosen":"THE_SILENT","items_purchased":["Paper Crane"],"campfire_rested":1,"item_purchase_floors":[14],"current_hp_per_floor":[59,59,59,59,59,59,25,25,25,44,34,25,25,25,25,0],"gold":13,"neow_bonus":"THREE_ENEMY_KILL","is_prod":false,"is_daily":false,"chose_seed":false,"campfire_upgraded":3,"win_rate":0,"timestamp":1545560219,"path_taken":["M","?","M","?","?","R","E","R","T","R","M","E","M","$","R","BOSS"],"build_version":"2018-12-20","purchased_purges":0,"victory":false,"max_hp_per_floor":[66,66,66,66,66,66,66,66,66,66,66,66,66,66,66,66],"card_choices":[{"not_picked":["Caltrops","Flying Knee"],"picked":"PiercingWail","floor":1.0},{"not_picked":["Acrobatics","Slice"],"picked":"Sucker Punch","floor":3.0},{"not_picked":["Deadly Poison","Deflect"],"picked":"Venomology","floor":5.0},{"not_picked":["Backflip","Outmaneuver"],"picked":"Deflect","floor":7.0},{"not_picked":["Outmaneuver","Prepared"],"picked":"Dagger Spray","floor":10.0},{"not_picked":["Dagger Throw","Poisoned Stab"],"picked":"PiercingWail","floor":11.0},{"not_picked":["Underhanded Strike","Poisoned Stab"],"picked":"Escape Plan","floor":11.0},{"not_picked":["Dodge and Roll","Eviscerate"],"picked":"Deflect","floor":12.0},{"not_picked":["Skewer","Reflex"],"picked":"Adrenaline","floor":13.0},{"not_picked":["Predator","PiercingWail","Dodge and Roll"],"picked":"SKIP","floor":13.0}],"player_experience":860012,"relics_obtained":[{"floor":7.0,"key":"Prayer Wheel"},{"floor":9.0,"key":"Dream Catcher"},{"floor":12.0,"key":"Snake Skull"}],"event_choices":[{"damage_healed":0.0,"max_hp_gain":0.0,"max_hp_loss":0.0,"gold_gain":0.0,"event_name":"Big Fish","player_choice":"Box","floor":2.0,"gold_loss":0.0,"damage_taken":0.0,"relics_obtained":["Happy Flower"],"cards_obtained":["Regret"]},{"damage_healed":0.0,"max_hp_gain":0.0,"max_hp_loss":0.0,"gold_gain":0.0,"event_name":"Match and Keep!","player_choice":"1 cards matched","floor":4.0,"gold_loss":0.0,"damage_taken":0.0,"cards_obtained":["Corpse Explosion"]}],"is_beta":true,"boss_relics":[],"items_purged_floors":[],"is_endless":false,"potions_floor_spawned":[1,12,13],"killed_by":"Slime Boss","ascension_level":19}