{"gold_per_floor":[119,132,132,132,52,87,237,237,237,262,262,275,275,291,291,389,389,413,413,27,52,73,116,116,13,13,13],"floor_reached":27,"playtime":787,"items_purged":["Doubt","Strike_G"],"score":445,"play_id":"235fc1ce-3ff3-4a7a-9955-f0991accc8a7","local_time":"20190117182821","is_ascension_mode":true,"campfire_choices":[{"data":"Noxious Fumes","floor":8,"key":"SMITH"},{"data":"Die Die Die","floor":13,"key":"SMITH"},{"data":"Neutralize","floor":15,"key":"SMITH"},{"floor":24,"key":"REST"}],"neow_cost":"NONE","seed_source_timestamp":607801219681000,"circlet_count":0,"master_deck":["AscendersBane","Defend_G","Defend_G","Defend_G","Defend_G","Defend_G","Strike_G","Strike_G","Strike_G","Strike_G","Survivor","Neutralize+1","Deadly Poison","PiercingWail","Noxious Fumes+1","Dagger Spray","Die Die Die+1","Storm of Steel+1","Noxious Fumes","Die Die Die","Caltrops","Flying Knee"],"relics":["Ring of the Serpent","NeowsBlessing","Golden Idol","Singing Bowl","Mummified Hand","Paper Crane","Odd Mushroom","Membership Card","Mercury Hourglass","Peace Pipe","Toxic Egg 2"],"potions_floor_usage":[10,16],"damage_taken":[{"damage":0,"enemies":"Jaw Worm","floor":1,"turns":1},{"damage":0,"enemies":"Small Slimes","floor":2,"turns":1},{"damage":0,"enemies":"Lagavulin","floor":6,"turns":1},{"damage":12,"enemies":"The Mushroom Lair","floor":10,"turns":3},{"damage":10,"enemies":"2 Louse","floor":12,"turns":3},{"damage":0,"enemies":"2 Fungi Beasts","floor":14,"turns":2},{"damage":15,"enemies":"Slime Boss","floor":16,"turns":11},{"damage":1,"enemies":"3 Byrds","floor":18,"turns":4},{"damage":6,"enemies":"Chosen","floor":21,"turns":5},{"damage":11,"enemies":"Shelled Parasite and Fungi","floor":22,"turns":6},{"damage":20,"enemies":"Gremlin Leader","floor":23,"turns":5},{"damage":54,"enemies":"Book of Stabbing","floor":27,"turns":3}],"seed_played":"784264871949135548","potions_obtained":[{"floor":6,"key":"Poison Potion"},{"floor":14,"key":"Weak Potion"},{"floor":18,"key":"SteroidPotion"}],"is_trial":false,"path_per_floor":["M","M","?","?","$","E","?","R","T","?","?","M","R","M","R","B",null,"M","?","$","M","M","E","R","$","T","E"],"character_chosen":"THE_SILENT","items_purchased":["Noxious Fumes","Membership Card","Noxious Fumes","Mercury Hourglass","Caltrops","Flying Knee"],"campfire_rested":1,"item_purchase_floors":[5,20,20,20,25,25],"current_hp_per_floor":[59,59,59,48,48,48,48,48,48,38,43,33,33,35,35,20,57,58,58,58,54,43,25,47,47,47,0],"gold":13,"neow_bonus":"THREE_ENEMY_KILL","is_prod":false,"is_daily":false,"chose_seed":false,"campfire_upgraded":3,"win_rate":0,"timestamp":1547720901,"path_taken":["M","M","?","?","$","E","?","R","T","?","?","M","R","M","R","BOSS","M","?","$","M","?","E","R","?","T","E"],"build_version":"2019-01-10","purchased_purges":2,"victory":false,"max_hp_per_floor":[66,66,60,60,60,60,60,60,60,62,67,67,67,69,69,69,69,71,71,71,73,73,75,75,75,75,75],"card_choices":[{"not_picked":["Slice","Poisoned Stab"],"picked":"Deadly Poison","floor":1},{"not_picked":["All Out Attack","Underhanded Strike"],"picked":"PiercingWail","floor":2},{"not_picked":["Heel Hook","Endless Agony"],"picked":"Dagger Spray","floor":6},{"not_picked":["Dodge and Roll","Heel Hook","Bane"],"picked":"Singing Bowl","floor":10},{"not_picked":["Quick Slash","All Out Attack"],"picked":"Die Die Die","floor":12},{"not_picked":["Acrobatics","Slice","Escape Plan"],"picked":"Singing Bowl","floor":14},{"not_picked":["Phantasmal Killer","Bullet Time"],"picked":"Storm of Steel","floor":16},{"not_picked":["Terror+1","Blade Dance","Poisoned Stab"],"picked":"Singing Bowl","floor":18},{"not_picked":["Finisher","Concentrate+1","Poisoned Stab"],"picked":"Singing Bowl","floor":21},{"not_picked":["Bane","Terror"],"picked":"Die Die Die","floor":22},{"not_picked":["Flying Knee","Quick Slash","Masterful Stab"],"picked":"Singing Bowl","floor":23}],"player_experience":657456,"relics_obtained":[{"floor":6,"key":"Mummified Hand"},{"floor":9,"key":"Paper Crane"},{"floor":10,"key":"Odd Mushroom"},{"floor":23,"key":"Peace Pipe"},{"floor":26,"key":"Toxic Egg 2"}],"event_choices":[{"damage_healed":0,"gold_gain":0,"player_choice":"Lose Max HP","damage_taken":0,"relics_obtained":["Golden Idol"],"max_hp_gain":0,"max_hp_loss":6,"event_name":"Golden Idol","floor":3,"gold_loss":0},{"damage_healed":0,"gold_gain":0,"player_choice":"Success","damage_taken":11,"relics_obtained":["Singing Bowl"],"max_hp_gain":0,"max_hp_loss":0,"event_name":"Scrap Ooze","floor":4,"gold_loss":0},{"damage_healed":0,"gold_gain":150,"player_choice":"AGREE","damage_taken":0,"max_hp_gain":0,"max_hp_loss":0,"event_name":"Liars Game","floor":7,"gold_loss":0,"cards_obtained":["Doubt"]},{"damage_healed":0,"gold_gain":0,"player_choice":"Fought Mushrooms","damage_taken":0,"max_hp_gain":0,"max_hp_loss":0,"event_name":"Mushrooms","floor":10,"gold_loss":0},{"damage_healed":0,"gold_gain":0,"player_choice":"Donut","damage_taken":0,"max_hp_gain":5,"max_hp_loss":0,"event_name":"Big Fish","floor":11,"gold_loss":0},{"damage_healed":0,"gold_gain":0,"player_choice":"Upgraded","damage_taken":0,"max_hp_gain":0,"max_hp_loss":0,"event_name":"Upgrade Shrine","floor":19,"gold_loss":0,"cards_upgraded":["Storm of Steel"]}],"is_beta":false,"boss_relics":[{"not_picked":["Cursed Key","Philosopher\u0027s Stone"],"picked":"Ring of the Serpent"}],"items_purged_floors":[20,25],"is_endless":false,"potions_floor_spawned":[6,14,18],"killed_by":"Book of Stabbing","ascension_level":15}