{"path_per_floor":["M","$","?","?","M","?","E","M","T","M","$","?","M","M","R","B",null,"M","M","$","?"],"character_chosen":"IRONCLAD","items_purchased":["Flash of Steel","Ginger","Flex","Peace Pipe","Dropkick"],"gold_per_floor":[144,45,220,220,265,265,355,400,400,445,45,45,90,135,135,435,435,480,525,44,44],"floor_reached":22,"campfire_rested":1,"playtime":1037,"current_hp_per_floor":[79,79,79,79,80,73,30,35,35,36,36,20,18,24,75,16,75,54,36,36,22],"items_purged":["Strike_R","Pain"],"gold":44,"score":186,"play_id":"38ba57fa-9a9e-4004-adc9-44cc5590087e","local_time":"20180310144840","daily_mods":["Allstar","Midas","Night Terrors"],"is_prod":false,"is_daily":true,"is_ascension_mode":false,"campfire_upgraded":0,"timestamp":1520664520,"path_taken":["M","$","?","?","M","?","E","?","T","M","?","?","?","M","R","BOSS","M","?","?","?","M"],"build_version":"2018-03-09","purchased_purges":3,"victory":false,"master_deck":["Strike_R","Strike_R","Strike_R","Strike_R","Defend_R","Defend_R","Defend_R","Defend_R","Bash+1","Purity+1","Thinking Ahead","Twin Strike","Flash of Steel","Iron Wave+1","Flame Barrier","Body Slam","Shrug It Off","Flex","Cleave","Barricade","Decay","Clumsy","Inflame+1","Dropkick"],"max_hp_per_floor":[80,80,80,80,80,80,80,80,80,80,80,80,80,80,75,75,75,75,75,75,80],"relics":["Burning Blood","Matryoshka","Vajra","Prayer Wheel","Ginger","Calling Bell","Blue Candle","Mercury Hourglass","Self Forming Clay","Peace Pipe"],"card_choices":[{"not_picked":["Havoc","Juggernaut"],"picked":"Twin Strike"},{"not_picked":["Sentinel","Heavy Blade"],"picked":"Iron Wave"},{"not_picked":["Headbutt","Anger"],"picked":"Flame Barrier"},{"not_picked":["Pommel Strike","Havoc"],"picked":"Body Slam"},{"not_picked":["Immolate","Rupture"],"picked":"Shrug It Off"},{"not_picked":["Sword Boomerang","Twin Strike"],"picked":"Cleave"},{"not_picked":["Offering","Demon Form"],"picked":"Barricade"},{"not_picked":["Anger","Feel No Pain"],"picked":"Inflame"}],"player_experience":295549,"potions_floor_usage":[7,22,22,22],"damage_taken":[{"damage":7,"enemies":"Small Slimes","floor":1,"turns":5},{"damage":3,"enemies":"Jaw Worm","floor":5,"turns":4},{"damage":49,"enemies":"Lagavulin","floor":7,"turns":6},{"damage":1,"enemies":"Cultist","floor":8,"turns":4},{"damage":5,"enemies":"Looter","floor":10,"turns":3},{"damage":8,"enemies":"2 Fungi Beasts","floor":13,"turns":4},{"damage":0,"enemies":"Large Slime","floor":14,"turns":4},{"damage":65,"enemies":"The Guardian","floor":16,"turns":14},{"damage":27,"enemies":"Chosen","floor":18,"turns":6},{"damage":24,"enemies":"Shell Parasite","floor":19,"turns":4},{"damage":25,"enemies":"Cultist and Chosen","floor":22,"turns":4}],"event_choices":[{"event_name":"Liars Game","player_choice":"agreed","floor":3,"damage_taken":0},{"event_name":"Upgrade Shrine","player_choice":"Upgraded","floor":4,"damage_taken":0},{"event_name":"Golden Wing","player_choice":"Card Removal","floor":6,"damage_taken":0},{"event_name":"Shining Light","player_choice":"Entered Light","floor":12,"damage_taken":0},{"event_name":"Forgotten Altar","player_choice":"Shed Blood","floor":21,"damage_taken":0}],"boss_relics":[{"not_picked":["Question Card","Orrery"],"picked":"Calling Bell"}],"potions_floor_spawned":[5,13,16,18],"seed_played":"-2228362409843830943","killed_by":"Cultist and Chosen","ascension_level":0,"is_trial":false}