{"gold_per_floor":[118,128,53,63,24,24,24,24,24,36,56,56,91,91,91,91],"floor_reached":16,"playtime":689,"items_purged":["Strike_G"],"score":165,"play_id":"5eab91c7-d4b3-4e9b-9966-a38dff8c6f5a","local_time":"20190301132143","is_ascension_mode":true,"campfire_choices":[{"data":"Neutralize","floor":6,"key":"SMITH"},{"data":"Sucker Punch","floor":8,"key":"SMITH"},{"data":"Adrenaline","floor":12,"key":"SMITH"},{"data":"Dash","floor":15,"key":"SMITH"}],"neow_cost":"NONE","seed_source_timestamp":1238749160492508,"circlet_count":0,"master_deck":["AscendersBane","Defend_G","Defend_G","Defend_G","Defend_G","Defend_G","Strike_G","Strike_G","Strike_G","Survivor","Neutralize+1","Adrenaline+1","Dash+1","All Out Attack","Sucker Punch+1","Escape Plan","Backflip"],"relics":["Ring of the Snake","Thread and Needle","WingedGreaves"],"potions_floor_usage":[13,16],"damage_taken":[{"damage":1,"enemies":"Cultist","floor":1,"turns":5},{"damage":0,"enemies":"Jaw Worm","floor":2,"turns":4},{"damage":0,"enemies":"2 Louse","floor":4,"turns":2},{"damage":0,"enemies":"Red Slaver","floor":10,"turns":3},{"damage":8,"enemies":"Large Slime","floor":11,"turns":6},{"damage":9,"enemies":"Lagavulin","floor":13,"turns":7},{"damage":76,"enemies":"Hexaghost","floor":16,"turns":21}],"seed_played":"3338284101852293556","potions_obtained":[{"floor":1,"key":"Dexterity Potion"},{"floor":11,"key":"AttackPotion"}],"is_trial":false,"path_per_floor":["M","M","$","M","$","R","?","R","T","M","M","R","E","?","R","B"],"character_chosen":"THE_SILENT","items_purchased":["Escape Plan"],"campfire_rested":0,"item_purchase_floors":[5],"current_hp_per_floor":[62,62,62,62,62,62,67,67,67,67,59,59,50,75,75,0],"gold":91,"neow_bonus":"TRANSFORM_CARD","is_prod":false,"is_daily":false,"chose_seed":false,"campfire_upgraded":4,"win_rate":0,"timestamp":1551442903,"path_taken":["M","M","$","M","$","R","?","R","T","M","M","R","E","?","R","BOSS"],"build_version":"2019-01-23","purchased_purges":1,"victory":false,"max_hp_per_floor":[70,70,70,70,70,70,75,75,75,75,75,75,75,75,75,75],"card_choices":[{"not_picked":["Setup","Prepared"],"picked":"Dash","floor":1},{"not_picked":["Poisoned Stab","Flying Knee"],"picked":"All Out Attack","floor":2},{"not_picked":["Expertise","Masterful Stab"],"picked":"Sucker Punch","floor":4},{"not_picked":["Bane","Slice","Grand Finale"],"picked":"SKIP","floor":10},{"not_picked":["Deflect","Slice"],"picked":"Backflip","floor":11},{"not_picked":["Deflect","Blade Dance","Venomology"],"picked":"SKIP","floor":13}],"player_experience":671661,"relics_obtained":[{"floor":9,"key":"Thread and Needle"},{"floor":13,"key":"WingedGreaves"}],"event_choices":[{"damage_healed":0,"gold_gain":0,"player_choice":"Donut","damage_taken":0,"max_hp_gain":5,"max_hp_loss":0,"event_name":"Big Fish","floor":7,"gold_loss":0},{"damage_healed":25,"gold_gain":0,"player_choice":"Full Heal","damage_taken":0,"max_hp_gain":0,"max_hp_loss":0,"event_name":"Wheel of Change","floor":14,"gold_loss":0}],"is_beta":false,"boss_relics":[],"items_purged_floors":[3],"is_endless":false,"potions_floor_spawned":[1,11],"killed_by":"Hexaghost","ascension_level":13}