{"gold_per_floor":[115,115,39,39,39,64,64,78,101,101,133,167,92,121,121,225,225,244,244,72,91,102,102,116,146,146,178,178,178,196,211,211,312,312,332,344,357,26,26,56,56,86,86,86,102,102,131,141,141,141],"floor_reached":51,"playtime":5762,"items_purged":["Strike_G","Strike_B"],"score":865,"play_id":"86da9320-716f-4e7d-b277-62b598d10059","local_time":"20181225131205","daily_mods":["Chimera","DeadlyEvents","Elite Swarm"],"is_ascension_mode":true,"campfire_choices":[{"data":"Juggernaut","floor":7.0,"key":"SMITH"},{"floor":10,"key":"REST"},{"floor":15,"key":"REST"},{"floor":23,"key":"REST"},{"floor":28,"key":"REST"},{"floor":32,"key":"REST"},{"floor":44,"key":"REST"},{"floor":46,"key":"REST"},{"floor":49,"key":"REST"}],"neow_cost":"","seed_source_timestamp":0,"circlet_count":0,"master_deck":["Bash","Survivor","Zap","Defend_R","Defend_B","Anger","Shrug It Off","Twin Strike","Juggernaut+1","Headbutt","Bludgeon","Limit Break","Demon Form","Brutality","Flame Barrier","Armaments","Master of Strategy","Whirlwind","Heavy Blade+1","Shrug It Off","Exhume","Immolate","Armaments+1","Ghostly Armor+1","Battle Trance","Flash of Steel","Demon Form","Double Tap","Blood for Blood+1","Offering"],"special_seed":0,"relics":["Burning Blood","Champion Belt","Bag of Marbles","Bottled Lightning","FossilizedHelix","Darkstone Periapt","Fusion Hammer","Torii","Singing Bowl","Art of War","Busted Crown","Oddly Smooth Stone","Ornamental Fan","Happy Flower","Letter Opener","Gremlin Horn"],"potions_floor_usage":[11,16,24,33,33,40,50,50,50],"damage_taken":[{"damage":6.0,"enemies":"Jaw Worm","floor":1.0,"turns":3.0},{"damage":39.0,"enemies":"Lagavulin","floor":6.0,"turns":7.0},{"damage":2,"enemies":"Small Slimes","floor":8,"turns":4},{"damage":23,"enemies":"3 Sentries","floor":11,"turns":6},{"damage":23,"enemies":"Lagavulin","floor":12,"turns":6},{"damage":4,"enemies":"Gremlin Nob","floor":14,"turns":4},{"damage":40,"enemies":"Hexaghost","floor":16,"turns":8},{"damage":34,"enemies":"3 Byrds","floor":18,"turns":5},{"damage":9,"enemies":"Chosen","floor":21,"turns":4},{"damage":9,"enemies":"Centurion and Healer","floor":22,"turns":5},{"damage":18,"enemies":"Chosen and Byrds","floor":24,"turns":6},{"damage":20,"enemies":"Book of Stabbing","floor":25,"turns":5},{"damage":44,"enemies":"Slavers","floor":27,"turns":6},{"damage":2,"enemies":"Cultist and Chosen","floor":30,"turns":5},{"damage":4,"enemies":"Shelled Parasite and Fungi","floor":31,"turns":5},{"damage":67,"enemies":"Automaton","floor":33,"turns":8},{"damage":0,"enemies":"3 Darklings","floor":35,"turns":2},{"damage":0,"enemies":"Orb Walker","floor":36,"turns":3},{"damage":30,"enemies":"Maw","floor":37,"turns":8},{"damage":47,"enemies":"Nemesis","floor":40,"turns":7},{"damage":3,"enemies":"Giant Head","floor":42,"turns":6},{"damage":0,"enemies":"4 Shapes","floor":45,"turns":2},{"damage":5,"enemies":"Nemesis","floor":47,"turns":5},{"damage":17,"enemies":"Sphere and 2 Shapes","floor":48,"turns":1},{"damage":27,"enemies":"Awakened One","floor":50,"turns":6}],"seed_played":"3793165805383549962","potions_obtained":[{"floor":6.0,"key":"Energy Potion"},{"floor":12,"key":"Regen Potion"},{"floor":16,"key":"EssenceOfSteel"},{"floor":21,"key":"SpeedPotion"},{"floor":25,"key":"SteroidPotion"},{"floor":31,"key":"EssenceOfSteel"},{"floor":42,"key":"Energy Potion"},{"floor":45,"key":"Block Potion"},{"floor":47,"key":"LiquidBronze"}],"is_trial":true,"path_per_floor":["M","?","$","?","?","E","R","M","T","R","E","E","$","E","R","B",null,"M","?","$","M","M","R","M","E","T","E","R","?","M","M","R","B",null,"M","M","M","$","?","E","?","E","T","R","M","R","E","M","R","B",null],"character_chosen":"IRONCLAD","items_purchased":["Shrug It Off","Twin Strike","Master of Strategy","Battle Trance","Oddly Smooth Stone"],"campfire_rested":8,"item_purchase_floors":[3,3,20,38,38],"current_hp_per_floor":[80,73,73,78,78,45,45,49,49,74,57,40,40,42,67,38,85,57,57,57,54,51,76,64,50,50,12,37,37,41,45,71,12,89,89,91,69,69,69,28,28,31,31,58,64,91,92,83,95,74],"gold":141,"neow_bonus":"","is_prod":false,"is_daily":false,"chose_seed":false,"campfire_upgraded":1,"win_rate":0.0,"timestamp":1545739925,"path_taken":["M","?","$","?","?","E","R","?","T","R","E","?","$","?","R","BOSS","M","?","$","M","?","R","M","?","T","E","R","?","M","?","R","BOSS","M","M","?","$","?","E","?","?","T","R","M","R","E","M","R","BOSS"],"build_version":"2018-12-20","purchased_purges":2,"victory":true,"max_hp_per_floor":[80,80,80,85,85,85,85,85,85,85,85,85,85,85,85,85,85,85,85,85,85,85,85,85,85,85,85,85,85,85,87,87,89,89,89,91,93,93,93,93,93,93,93,93,93,93,93,95,95,95],"card_choices":[{"not_picked":["Clothesline","Perfected Strike"],"picked":"Anger","floor":1.0},{"not_picked":["Exhume","Berserk"],"picked":"Juggernaut","floor":6.0},{"not_picked":["Anger","Dual Wield"],"picked":"Headbutt","floor":8},{"not_picked":["Fiend Fire","Impervious"],"picked":"Bludgeon","floor":11},{"not_picked":["Impervious","Exhume"],"picked":"Limit Break","floor":12},{"not_picked":["Impervious","Berserk"],"picked":"Demon Form","floor":14},{"not_picked":["Exhume","Dark Embrace"],"picked":"Brutality","floor":16},{"not_picked":["Rampage","Entrench"],"picked":"Flame Barrier","floor":18},{"not_picked":["Flame Barrier+1","Power Through"],"picked":"Whirlwind","floor":21},{"not_picked":["Uppercut","Havoc+1"],"picked":"Heavy Blade+1","floor":22},{"not_picked":["Warcry","Wild Strike"],"picked":"Shrug It Off","floor":24},{"not_picked":["Berserk","Dark Embrace"],"picked":"Exhume","floor":25},{"not_picked":["Juggernaut","Dark Embrace"],"picked":"Immolate","floor":27},{"not_picked":["Sever Soul","Hemokinesis"],"picked":"Armaments+1","floor":30},{"not_picked":["Twin Strike+1","Combust+1","Sword Boomerang"],"picked":"Singing Bowl","floor":31},{"not_picked":["Berserk","Barricade","Offering"],"picked":"Singing Bowl","floor":33},{"not_picked":[],"picked":"Ghostly Armor+1","floor":35},{"not_picked":["Twin Strike+1"],"picked":"Singing Bowl","floor":36},{"not_picked":["Havoc+1"],"picked":"Singing Bowl","floor":37},{"not_picked":[],"picked":"Flash of Steel","floor":39},{"not_picked":[],"picked":"Demon Form","floor":40},{"not_picked":[],"picked":"Double Tap","floor":42},{"not_picked":[],"picked":"Blood for Blood+1","floor":45},{"not_picked":[],"picked":"Offering","floor":47},{"not_picked":["Wild Strike+1"],"picked":"Singing Bowl","floor":48}],"player_experience":80609,"relics_obtained":[{"floor":6.0,"key":"Champion Belt"},{"floor":9,"key":"Bag of Marbles"},{"floor":11,"key":"Bottled Lightning"},{"floor":12,"key":"FossilizedHelix"},{"floor":14,"key":"Darkstone Periapt"},{"floor":25,"key":"Torii"},{"floor":26,"key":"Singing Bowl"},{"floor":27,"key":"Art of War"},{"floor":40,"key":"Ornamental Fan"},{"floor":42,"key":"Happy Flower"},{"floor":43,"key":"Letter Opener"},{"floor":47,"key":"Gremlin Horn"}],"event_choices":[{"cards_removed":["Strike_R"],"damage_healed":0.0,"max_hp_gain":0.0,"max_hp_loss":0.0,"gold_gain":0.0,"event_name":"Golden Wing","player_choice":"Card Removal","floor":2.0,"gold_loss":0.0,"damage_taken":7.0},{"damage_healed":0.0,"max_hp_gain":5.0,"max_hp_loss":0.0,"gold_gain":0.0,"event_name":"Big Fish","player_choice":"Donut","floor":4.0,"gold_loss":0.0,"damage_taken":0.0},{"damage_healed":0.0,"max_hp_gain":0.0,"max_hp_loss":0.0,"gold_gain":0.0,"event_name":"The Cleric","player_choice":"Leave","floor":5.0,"gold_loss":0.0,"damage_taken":0.0},{"damage_healed":0,"gold_gain":0,"player_choice":"Read","damage_taken":0,"max_hp_gain":0,"max_hp_loss":0,"event_name":"The Library","floor":19,"gold_loss":0,"cards_obtained":["Armaments"]},{"damage_healed":0,"gold_gain":0,"player_choice":"Ignored","damage_taken":0,"max_hp_gain":0,"max_hp_loss":0,"event_name":"Ghosts","floor":29,"gold_loss":0},{"damage_healed":0,"gold_gain":0,"player_choice":"Memory 1","damage_taken":0,"max_hp_gain":0,"max_hp_loss":0,"event_name":"SensoryStone","floor":39,"gold_loss":0},{"cards_removed":["Defend_G"],"damage_healed":0,"gold_gain":0,"player_choice":"Purged","damage_taken":0,"max_hp_gain":0,"max_hp_loss":0,"event_name":"Purifier","floor":41,"gold_loss":0}],"is_beta":false,"boss_relics":[{"not_picked":["Pandora\u0027s Box","Empty Cage"],"picked":"Fusion Hammer"},{"not_picked":["Runic Cube","White Beast Statue"],"picked":"Busted Crown"}],"items_purged_floors":[13,38],"is_endless":false,"potions_floor_spawned":[6,12,16,21,25,31,42,45,47],"ascension_level":1}