{"gold_per_floor":[119,139,52,52,127,127,170,170,170,0,24,43,62,62,62,151,151,174,89,89,113,113,144,164,195,195,219,260,260,6,6,6,6],"floor_reached":33,"playtime":1243,"items_purged":[],"score":636,"play_id":"06a182e6-94af-4a5c-8f98-c2533d847234","local_time":"20181216175513","is_ascension_mode":true,"campfire_choices":[{"data":"Defragment","floor":6.0,"key":"SMITH"},{"data":"Rainbow","floor":8.0,"key":"SMITH"},{"data":"Chill","floor":15.0,"key":"SMITH"},{"floor":29,"key":"REST"},{"data":"Defragment","floor":32,"key":"SMITH"}],"neow_cost":"NONE","seed_source_timestamp":35779601708379,"circlet_count":0,"master_deck":["AscendersBane","Strike_B","Strike_B","Strike_B","Strike_B","Defend_B","Defend_B","Defend_B","Defend_B","Zap","Dualcast","Compile Driver","Defragment+1","Rainbow+1","BootSequence","Panacea","FTL","Reboot","Chill+1","Fission","Auto Shields","Writhe","RitualDagger","Tempest+1","Steam+1","Coolheaded+1","Chaos+1","Defragment+1","Chill+1"],"special_seed":0,"relics":["Cracked Core","NeowsBlessing","Golden Idol","Bag of Marbles","Dead Branch","Eternal Feather","Pocketwatch","DataDisk","Juzu Bracelet","Toxic Egg 2","Bag of Preparation","Potion Belt","Omamori","Lantern"],"potions_floor_usage":[],"damage_taken":[{"damage":0.0,"enemies":"Cultist","floor":1.0,"turns":1.0},{"damage":0.0,"enemies":"2 Louse","floor":2.0,"turns":1.0},{"damage":0.0,"enemies":"3 Sentries","floor":7.0,"turns":1.0},{"damage":2.0,"enemies":"Small Slimes","floor":11.0,"turns":3.0},{"damage":4.0,"enemies":"Exordium Thugs","floor":12.0,"turns":4.0},{"damage":6.0,"enemies":"Looter","floor":13.0,"turns":3.0},{"damage":2.0,"enemies":"Slime Boss","floor":16.0,"turns":9.0},{"damage":0.0,"enemies":"3 Byrds","floor":18.0,"turns":2.0},{"damage":11.0,"enemies":"Book of Stabbing","floor":23.0,"turns":5.0},{"damage":11.0,"enemies":"Shell Parasite","floor":24.0,"turns":3.0},{"damage":4.0,"enemies":"Slavers","floor":25.0,"turns":8.0},{"damage":0,"enemies":"Centurion and Healer","floor":27,"turns":1},{"damage":32,"enemies":"Book of Stabbing","floor":28,"turns":5},{"damage":51,"enemies":"Automaton","floor":33,"turns":6}],"seed_played":"-1449965943744923367","potions_obtained":[{"floor":7.0,"key":"Regen Potion"},{"floor":11.0,"key":"SpeedPotion"},{"floor":12.0,"key":"Weak Potion"},{"floor":23.0,"key":"Block Potion"},{"floor":28,"key":"SmokeBomb"}],"is_trial":false,"path_per_floor":["M","M","$","?","?","R","E","R","T","$","M","M","M","?","R","B",null,"M","?","?","T","?","E","M","E","T","M","E","R","$","?","R","B"],"character_chosen":"DEFECT","items_purchased":["Rainbow","Panacea","FTL","Lantern","Chill+1"],"campfire_rested":1,"item_purchase_floors":[3,10,10,30,30],"current_hp_per_floor":[64,64,64,64,53,53,53,53,53,53,51,47,41,37,37,35,57,57,57,57,57,51,40,38,34,34,34,2,36,36,36,51,0],"gold":6,"neow_bonus":"THREE_ENEMY_KILL","is_prod":false,"is_daily":false,"chose_seed":false,"campfire_upgraded":4,"win_rate":0,"timestamp":1544979313,"path_taken":["M","M","$","?","?","R","E","R","T","$","M","M","M","?","R","BOSS","M","?","?","?","?","E","M","E","T","M","E","R","$","?","R","BOSS"],"build_version":"2018-12-13","purchased_purges":0,"victory":false,"max_hp_per_floor":[71,71,71,64,64,64,64,64,64,64,64,64,64,64,64,64,64,64,64,64,64,64,64,64,64,64,64,64,64,64,64,64,64],"card_choices":[{"not_picked":["Gash","Redo"],"picked":"Compile Driver","floor":1.0},{"not_picked":["Beam Cell","White Noise"],"picked":"Defragment","floor":2.0},{"not_picked":["Beam Cell","Stack"],"picked":"BootSequence","floor":7.0},{"not_picked":["Hello World","Sweeping Beam","Steam"],"picked":"SKIP","floor":11.0},{"not_picked":["Rebound","Streamline"],"picked":"Reboot","floor":12.0},{"not_picked":["Barrage","Ball Lightning"],"picked":"Chill","floor":13.0},{"not_picked":["Meteor Strike","Multi-Cast"],"picked":"Fission","floor":16.0},{"not_picked":["Reinforced Body","Leap"],"picked":"Auto Shields","floor":18.0},{"not_picked":["Sweeping Beam","Tempest","Loop"],"picked":"SKIP","floor":23.0},{"not_picked":["Sweeping Beam","Loop"],"picked":"Tempest","floor":23.0},{"not_picked":["Sunder","Scrape"],"picked":"Steam+1","floor":24.0},{"not_picked":["Reinforced Body+1","Gash"],"picked":"Coolheaded+1","floor":25.0},{"not_picked":["Hologram+1","Heatsinks"],"picked":"Chaos+1","floor":27},{"not_picked":["Heatsinks","Genetic Algorithm+1"],"picked":"Defragment","floor":28}],"player_experience":844361,"relics_obtained":[{"floor":7.0,"key":"Bag of Marbles"},{"floor":9.0,"key":"Dead Branch"},{"floor":21.0,"key":"Juzu Bracelet"},{"floor":23.0,"key":"Toxic Egg 2"},{"floor":25.0,"key":"Bag of Preparation"},{"floor":26.0,"key":"Potion Belt"},{"floor":28,"key":"Omamori"}],"event_choices":[{"damage_healed":0.0,"max_hp_gain":0.0,"max_hp_loss":7.0,"gold_gain":0.0,"event_name":"Golden Idol","player_choice":"Lose Max HP","floor":4.0,"gold_loss":0.0,"damage_taken":0.0,"relics_obtained":["Golden Idol"]},{"damage_healed":0.0,"max_hp_gain":0.0,"max_hp_loss":0.0,"gold_gain":75.0,"event_name":"World of Goop","player_choice":"Gather Gold","floor":5.0,"gold_loss":0.0,"damage_taken":11.0},{"damage_healed":0.0,"max_hp_gain":0.0,"max_hp_loss":0.0,"gold_gain":0.0,"event_name":"The Woman in Blue","player_choice":"Bought 0 Potions","floor":14.0,"gold_loss":0.0,"damage_taken":0.0},{"damage_healed":0.0,"max_hp_gain":0.0,"max_hp_loss":0.0,"gold_gain":0.0,"event_name":"Addict","player_choice":"Obtained Relic","floor":19.0,"gold_loss":85.0,"damage_taken":0.0,"relics_obtained":["Pocketwatch"]},{"damage_healed":0.0,"max_hp_gain":0.0,"max_hp_loss":0.0,"gold_gain":0.0,"event_name":"The Mausoleum","player_choice":"Opened","floor":20.0,"gold_loss":0.0,"damage_taken":0.0,"relics_obtained":["DataDisk"],"cards_obtained":["Writhe"]},{"damage_healed":0.0,"max_hp_gain":0.0,"max_hp_loss":0.0,"gold_gain":0.0,"event_name":"Nest","player_choice":"Joined the Cult","floor":22.0,"gold_loss":0.0,"damage_taken":6.0,"cards_obtained":["RitualDagger"]},{"damage_healed":0,"gold_gain":0,"player_choice":"Ignored","damage_taken":0,"max_hp_gain":0,"max_hp_loss":0,"event_name":"Vampires","floor":31,"gold_loss":0}],"is_beta":true,"boss_relics":[{"not_picked":["Runic Dome","Snecko Eye"],"picked":"Eternal Feather"}],"items_purged_floors":[],"is_endless":false,"potions_floor_spawned":[7,11,12,13,23,28],"killed_by":"Automaton","ascension_level":19}