{"gold_per_floor":[110,60,77,87,162,162,189,189,189,189,189,189,200,231,231,328,328,348,361,361,380,391,391,417,342,342,355,366,366,266,286,286,286],"floor_reached":33,"playtime":2085,"items_purged":["Defend_G","Defend_G"],"score":302,"play_id":"3a419690-f4f6-4bfc-b06f-9d307c3f8893","local_time":"20181111003353","is_ascension_mode":false,"campfire_choices":[{"data":"Backstab","floor":6,"key":"SMITH"},{"floor":8,"key":"REST"},{"data":"Footwork","floor":10,"key":"SMITH"},{"data":"Corpse Explosion","floor":12,"key":"SMITH"},{"data":"Neutralize","floor":15,"key":"SMITH"},{"floor":23,"key":"REST"},{"floor":29,"key":"REST"},{"floor":32,"key":"REST"}],"neow_cost":"NONE","seed_source_timestamp":2767499261984317,"circlet_count":0,"master_deck":["Defend_G","Defend_G","Strike_G","Strike_G","Strike_G","Survivor","Neutralize+1","Backstab+1","Footwork+1","Corpse Explosion+1","Malaise","Dash","Backstab+1","Backstab"],"relics":["Eternal Feather","Gremlin Horn","Boot","Question Card","Empty Cage","Juzu Bracelet","Pantograph"],"potions_floor_usage":[16,16,28,28,28,28,28,33],"damage_taken":[{"damage":0,"enemies":"2 Louse","floor":1,"turns":3},{"damage":0,"enemies":"Small Slimes","floor":3,"turns":4},{"damage":0,"enemies":"Cultist","floor":4,"turns":3},{"damage":22,"enemies":"3 Sentries","floor":7,"turns":13},{"damage":6,"enemies":"Exordium Thugs","floor":13,"turns":3},{"damage":4,"enemies":"Lagavulin","floor":14,"turns":6},{"damage":19,"enemies":"Hexaghost","floor":16,"turns":10},{"damage":17,"enemies":"Chosen","floor":18,"turns":7},{"damage":9,"enemies":"Shell Parasite","floor":19,"turns":10},{"damage":25,"enemies":"3 Cultists","floor":21,"turns":5},{"damage":17,"enemies":"Shelled Parasite and Fungi","floor":22,"turns":8},{"damage":25,"enemies":"Book of Stabbing","floor":24,"turns":8},{"damage":6,"enemies":"Centurion and Healer","floor":27,"turns":8},{"damage":0,"enemies":"Snecko","floor":28,"turns":6},{"damage":28,"enemies":"Snake Plant","floor":31,"turns":5},{"damage":79,"enemies":"Automaton","floor":33,"turns":8}],"seed_played":"-6738251995304252331","potions_obtained":[{"floor":4,"key":"Strength Potion"},{"floor":13,"key":"Block Potion"},{"floor":16,"key":"EssenceOfSteel"},{"floor":21,"key":"Block Potion"},{"floor":22,"key":"LiquidBronze"},{"floor":24,"key":"EntropicBrew"}],"is_trial":false,"path_per_floor":["M","?","M","M","?","R","E","R","T","R","?","R","M","E","R","B",null,"M","M","?","M","M","R","E","$","T","M","M","R","$","M","R","B"],"character_chosen":"THE_SILENT","items_purchased":[],"campfire_rested":4,"item_purchase_floors":[],"current_hp_per_floor":[70,70,70,70,59,65,43,70,70,70,70,70,64,60,66,47,70,53,44,44,19,2,32,7,7,7,1,15,45,45,17,44,0],"gold":286,"neow_bonus":"BOSS_RELIC","is_prod":false,"is_daily":false,"chose_seed":false,"campfire_upgraded":4,"win_rate":0.0,"timestamp":1541918033,"path_taken":["M","?","M","M","?","R","E","R","T","R","?","R","M","E","R","BOSS","M","?","?","?","?","R","E","$","T","M","M","R","$","M","R","BOSS"],"build_version":"2018-11-08","purchased_purges":2,"victory":false,"max_hp_per_floor":[70,70,70,70,70,70,70,70,70,70,70,70,70,70,70,70,70,70,70,70,70,70,70,70,70,70,70,70,70,70,70,70,70],"card_choices":[{"not_picked":["PiercingWail","Tactician","Riddle With Holes"],"picked":"SKIP","floor":1},{"not_picked":["Dagger Throw","Quick Slash"],"picked":"Backstab","floor":3},{"not_picked":["Escape Plan","Dagger Throw","Calculated Gamble"],"picked":"SKIP","floor":4},{"not_picked":["Finisher","Doppelganger"],"picked":"Footwork","floor":7},{"not_picked":["Slice","Expertise","Deflect"],"picked":"SKIP","floor":13},{"not_picked":["Bullet Time","Skewer","Blade Dance"],"picked":"SKIP","floor":14},{"not_picked":["Unload","Bullet Time","Envenom"],"picked":"Malaise","floor":16},{"not_picked":["Masterful Stab","Backflip","Underhanded Strike","Slice"],"picked":"SKIP","floor":18},{"not_picked":["Blade Dance","Heel Hook+1","Leg Sweep+1"],"picked":"Dash","floor":19},{"not_picked":["Finisher+1","Dagger Spray","Deadly Poison+1","Slice"],"picked":"SKIP","floor":21},{"not_picked":["Slice","Outmaneuver","Heel Hook","Crippling Poison"],"picked":"SKIP","floor":22},{"not_picked":["Acrobatics+1","Masterful Stab+1","Underhanded Strike","Bane+1"],"picked":"SKIP","floor":24},{"not_picked":["Flying Knee","Endless Agony","Dodge and Roll"],"picked":"Backstab","floor":27},{"not_picked":["Quick Slash","Poisoned Stab+1","PiercingWail","Dodge and Roll"],"picked":"SKIP","floor":28},{"not_picked":["Dodge and Roll","Flying Knee","Slice","Sucker Punch"],"picked":"SKIP","floor":31}],"player_experience":99344,"relics_obtained":[{"floor":7,"key":"Gremlin Horn"},{"floor":9,"key":"Boot"},{"floor":14,"key":"Question Card"},{"floor":24,"key":"Juzu Bracelet"},{"floor":26,"key":"Pantograph"}],"event_choices":[{"cards_removed":["Defend_G"],"damage_healed":0,"gold_gain":0,"player_choice":"Card Removal","damage_taken":0,"max_hp_gain":0,"max_hp_loss":0,"event_name":"The Cleric","floor":2,"gold_loss":50},{"damage_healed":0,"gold_gain":75,"player_choice":"Gather Gold","damage_taken":11,"max_hp_gain":0,"max_hp_loss":0,"event_name":"World of Goop","floor":5,"gold_loss":0},{"damage_healed":0,"gold_gain":0,"player_choice":"1 cards matched","damage_taken":0,"max_hp_gain":0,"max_hp_loss":0,"event_name":"Match and Keep!","floor":11,"gold_loss":0,"cards_obtained":["Corpse Explosion"]},{"damage_healed":0,"gold_gain":0,"player_choice":"Copied","damage_taken":0,"max_hp_gain":0,"max_hp_loss":0,"event_name":"Duplicator","floor":20,"gold_loss":0,"cards_obtained":["Backstab"]}],"is_beta":false,"boss_relics":[{"not_picked":["Ectoplasm","WristBlade"],"picked":"Empty Cage"}],"items_purged_floors":[25,30],"is_endless":false,"potions_floor_spawned":[4,13,16,21,22,24],"killed_by":"Automaton","ascension_level":0}