{"gold_per_floor":[111,2,2,21,39,71,71,35,35,49,66,66,76,88,88,186,186,196,121,121],"floor_reached":20,"playtime":1704,"items_purged":["Strike_B"],"score":176,"play_id":"adf60e3c-2aa4-4d7a-9704-4943f088a2c7","local_time":"20190203170734","is_ascension_mode":false,"campfire_choices":[{"data":"Zap","floor":7,"key":"SMITH"},{"data":"Coolheaded","floor":12,"key":"SMITH"},{"floor":15,"key":"REST"}],"neow_cost":"NONE","seed_source_timestamp":1394953067235852,"circlet_count":0,"master_deck":["Strike_B","Strike_B","Strike_B","Defend_B","Defend_B","Defend_B","Defend_B","Zap+1","Dualcast","Buffer+1","Auto Shields","Redo","Buffer","Storm","FTL","Coolheaded+1","Coolheaded","Amplify","Capacitor"],"relics":["Cracked Core","Shuriken","Darkstone Periapt","Inserter"],"potions_floor_usage":[16],"damage_taken":[{"damage":1,"enemies":"Jaw Worm","floor":1,"turns":4},{"damage":0,"enemies":"Cultist","floor":4,"turns":4},{"damage":0,"enemies":"Small Slimes","floor":5,"turns":3},{"damage":14,"enemies":"Lagavulin","floor":6,"turns":10},{"damage":23,"enemies":"Gremlin Gang","floor":10,"turns":6},{"damage":0,"enemies":"Looter","floor":11,"turns":3},{"damage":0,"enemies":"Exordium Wildlife","floor":13,"turns":4},{"damage":0,"enemies":"Blue Slaver","floor":14,"turns":4},{"damage":21,"enemies":"Slime Boss","floor":16,"turns":19},{"damage":0,"enemies":"Chosen","floor":18,"turns":7},{"damage":14,"enemies":"2 Thieves","floor":19,"turns":5},{"damage":70,"enemies":"3 Cultists","floor":20,"turns":6}],"seed_played":"6674250889364797830","potions_obtained":[{"floor":4,"key":"Poison Potion"},{"floor":10,"key":"Energy Potion"},{"floor":14,"key":"Fire Potion"}],"is_trial":false,"path_per_floor":["?","M","M"],"character_chosen":"DEFECT","items_purchased":["Auto Shields","Storm"],"campfire_rested":1,"item_purchase_floors":[2,8],"current_hp_per_floor":[74,74,74,74,74,60,60,60,60,37,37,37,37,37,59,38,75,75,61,0],"gold":121,"neow_bonus":"ONE_RANDOM_RARE_CARD","is_prod":false,"is_daily":false,"chose_seed":false,"campfire_upgraded":2,"win_rate":0.0,"timestamp":1549210054,"path_taken":["M","$","?","?","M","E","R","$","T","M","M","R","M","M","R","BOSS","M","?","M"],"build_version":"2019-01-23","purchased_purges":1,"victory":false,"max_hp_per_floor":[75,75,75,75,75,75,75,75,75,75,75,75,75,75,75,75,75,75,75,75],"card_choices":[{"not_picked":["Streamline","Steam","Rebound"],"picked":"SKIP","floor":1},{"not_picked":["Rebound","Conserve Battery","Hologram"],"picked":"SKIP","floor":4},{"not_picked":["Barrage","Ball Lightning"],"picked":"Redo","floor":5},{"not_picked":["Blizzard","Reinforced Body"],"picked":"Buffer","floor":6},{"not_picked":["Go for the Eyes","Coolheaded"],"picked":"FTL","floor":10},{"not_picked":["Sunder","Beam Cell"],"picked":"Coolheaded","floor":11},{"not_picked":["Turbo","FTL"],"picked":"Coolheaded","floor":13},{"not_picked":["Go for the Eyes","Stack","Reinforced Body"],"picked":"SKIP","floor":14},{"not_picked":["Thunder Strike","Buffer"],"picked":"Amplify","floor":16},{"not_picked":["Sunder","Tempest","Streamline"],"picked":"SKIP","floor":18},{"not_picked":["Streamline+1","Go for the Eyes+1"],"picked":"Capacitor","floor":19}],"player_experience":104632,"relics_obtained":[{"floor":6,"key":"Shuriken"},{"floor":9,"key":"Darkstone Periapt"}],"event_choices":[{"damage_healed":0,"gold_gain":0,"player_choice":"Forge","damage_taken":0,"max_hp_gain":0,"max_hp_loss":0,"event_name":"Accursed Blacksmith","floor":3,"gold_loss":0,"cards_upgraded":["Buffer"]}],"is_beta":false,"boss_relics":[{"not_picked":["Velvet Choker","Pandora\u0027s Box"],"picked":"Inserter"}],"items_purged_floors":[2],"is_endless":false,"potions_floor_spawned":[4,10,14],"killed_by":"3 Cultists","ascension_level":0}