{"gold_per_floor":[367,367,380,301,157,157,189,189,242,188,188,188,217,217,217,317,317,335,335,335,142,156,156,181,191,217,229,229,249,259,273,273,377,377,395,411,209,209,209,209,221,221,221,16,31,58,70,82,94,106],"floor_reached":50,"playtime":2992,"items_purged":["Doubt","Strike_R","Strike_R"],"score":677,"play_id":"cb615131-6c12-4b0d-a9d4-1662724dada2","local_time":"20190221061041","is_ascension_mode":true,"campfire_choices":[{"data":"Bash","floor":6,"key":"SMITH"},{"data":"Armaments","floor":15,"key":"SMITH"},{"floor":23,"key":"REST"},{"floor":28,"key":"REST"},{"data":"Discovery","floor":32,"key":"SMITH"},{"floor":40,"key":"REST"},{"floor":42,"key":"REST"},{"data":"Corruption","floor":49,"key":"SMITH"}],"neow_cost":"CURSE","seed_source_timestamp":348676173786521,"circlet_count":0,"master_deck":["Defend_R","Defend_R","Defend_R","Defend_R","Bash+1","Headbutt","Seeing Red","Corruption+1","Offering","Double Tap","Armaments+1","Battle Trance","Deep Breath","Impervious","Whirlwind","Brutality","Discovery+1","Spot Weakness","Rupture+1","Dropkick","Warcry+1","Disarm+1","Exhume","Flash of Steel","Flash of Steel","Discovery+1","Writhe"],"relics":["Black Blood","Darkstone Periapt","StoneCalendar","Juzu Bracelet","Pantograph","Question Card","Blood Vial","Empty Cage","Pen Nib","Sling","MawBank"],"potions_floor_usage":[16,24,29,30,33,33,46,46],"damage_taken":[{"damage":4,"enemies":"Small Slimes","floor":1,"turns":4},{"damage":3,"enemies":"Cultist","floor":3,"turns":3},{"damage":35,"enemies":"Gremlin Nob","floor":7,"turns":4},{"damage":50,"enemies":"3 Sentries","floor":13,"turns":7},{"damage":34,"enemies":"Hexaghost","floor":16,"turns":7},{"damage":21,"enemies":"3 Byrds","floor":18,"turns":6},{"damage":24,"enemies":"2 Thieves","floor":22,"turns":4},{"damage":14,"enemies":"Book of Stabbing","floor":24,"turns":4},{"damage":6,"enemies":"Snake Plant","floor":25,"turns":3},{"damage":27,"enemies":"Centurion and Healer","floor":27,"turns":4},{"damage":10,"enemies":"Cultist and Chosen","floor":29,"turns":4},{"damage":7,"enemies":"Snake Plant","floor":30,"turns":4},{"damage":14,"enemies":"3 Cultists","floor":31,"turns":4},{"damage":74,"enemies":"Automaton","floor":33,"turns":9},{"damage":12,"enemies":"Orb Walker","floor":35,"turns":2},{"damage":43,"enemies":"3 Darklings","floor":36,"turns":3},{"damage":18,"enemies":"Spire Growth","floor":41,"turns":4},{"damage":7,"enemies":"Maw","floor":45,"turns":4},{"damage":54,"enemies":"Reptomancer","floor":46,"turns":6},{"damage":87,"enemies":"Awakened One","floor":50,"turns":4}],"seed_played":"7285506014673709400","potions_obtained":[{"floor":1,"key":"LiquidBronze"},{"floor":16,"key":"Poison Potion"},{"floor":18,"key":"FairyPotion"},{"floor":22,"key":"Energy Potion"},{"floor":24,"key":"BloodPotion"},{"floor":27,"key":"Block Potion"},{"floor":29,"key":"Swift Potion"},{"floor":35,"key":"SteroidPotion"},{"floor":41,"key":"AttackPotion"}],"is_trial":false,"path_per_floor":["M","?","M","$","$","R","E","?","T","$","?","?","E","?","R","B",null,"M","?","?","$","M","R","E","M","T","M","R","M","M","M","R","B",null,"M","M","$","?","?","R","M","R","T","$","M","E","?","?","R","B"],"character_chosen":"IRONCLAD","items_purchased":["Corruption","Offering","Armaments","Discovery","GamblersBrew","Sling"],"campfire_rested":4,"item_purchase_floors":[4,5,10,21,37,44],"current_hp_per_floor":[74,74,77,77,77,77,48,30,30,30,30,56,12,12,12,9,62,51,51,51,51,37,61,57,61,61,46,70,72,77,75,75,24,66,66,35,35,30,30,54,48,72,72,72,77,35,61,61,61,0],"gold":106,"neow_bonus":"TWO_FIFTY_GOLD","is_prod":false,"is_daily":false,"chose_seed":false,"campfire_upgraded":4,"win_rate":0,"timestamp":1550697041,"path_taken":["M","?","M","?","$","R","E","?","T","$","?","?","E","?","R","BOSS","M","?","?","$","M","R","E","M","T","M","R","M","M","M","R","BOSS","M","M","$","?","?","R","M","R","T","$","M","E","?","?","R","BOSS"],"build_version":"2019-01-23","purchased_purges":3,"victory":false,"max_hp_per_floor":[80,80,80,80,80,80,80,80,80,80,80,80,80,80,80,80,80,80,80,80,80,80,80,80,80,80,80,80,80,80,80,80,80,80,80,80,80,80,80,80,80,80,80,80,80,80,86,86,86,86],"card_choices":[{"not_picked":["Perfected Strike","Clothesline"],"picked":"Headbutt","floor":1},{"not_picked":["Havoc","Flex"],"picked":"Seeing Red","floor":3},{"not_picked":["Metallicize","Bloodletting"],"picked":"Double Tap","floor":7},{"not_picked":["Uppercut","Exhume"],"picked":"Battle Trance","floor":13},{"not_picked":["Barricade","Bludgeon"],"picked":"Impervious","floor":16},{"not_picked":["Infernal Blade","Havoc"],"picked":"Whirlwind","floor":18},{"not_picked":["Anger","Headbutt"],"picked":"Spot Weakness","floor":22},{"not_picked":["Double Tap","Body Slam"],"picked":"Rupture+1","floor":24},{"not_picked":["Spot Weakness","Blood for Blood","Clash","Twin Strike"],"picked":"SKIP","floor":25},{"not_picked":["Power Through","Anger","Havoc"],"picked":"Dropkick","floor":27},{"not_picked":["Clothesline","Entrench","Bloodletting","Perfected Strike"],"picked":"SKIP","floor":29},{"not_picked":["Battle Trance","Feed","Corruption"],"picked":"Warcry+1","floor":30},{"not_picked":["Whirlwind","Headbutt","True Grit"],"picked":"Disarm+1","floor":31},{"not_picked":["Immolate","Bludgeon","Fiend Fire"],"picked":"Exhume","floor":33},{"not_picked":["Warcry","Reckless Charge+1","Anger","Clash"],"picked":"SKIP","floor":35},{"not_picked":["Shrug It Off","Cleave","Flex+1","Twin Strike"],"picked":"SKIP","floor":36},{"not_picked":["The Bomb","Secret Technique","Metamorphosis"],"picked":"Flash of Steel","floor":38},{"not_picked":["Secret Weapon","Finesse","Good Instincts"],"picked":"Flash of Steel","floor":38},{"not_picked":["Searing Blow","Metallicize","Armaments","Clash"],"picked":"SKIP","floor":41},{"not_picked":["Thunderclap+1","Disarm+1","Pummel+1","Pommel Strike"],"picked":"SKIP","floor":45},{"not_picked":["Thunderclap+1","Disarm+1","Pummel+1","Pommel Strike"],"picked":"SKIP","floor":45},{"not_picked":["Uppercut","Dropkick","Armaments","Fire Breathing"],"picked":"SKIP","floor":46}],"player_experience":24320,"relics_obtained":[{"floor":7,"key":"Darkstone Periapt"},{"floor":9,"key":"Juzu Bracelet"},{"floor":13,"key":"Pantograph"},{"floor":24,"key":"Question Card"},{"floor":26,"key":"Blood Vial"},{"floor":43,"key":"Pen Nib"},{"floor":46,"key":"MawBank"}],"event_choices":[{"damage_healed":0,"gold_gain":0,"player_choice":"Cursed","damage_taken":0,"max_hp_gain":0,"max_hp_loss":0,"event_name":"Wheel of Change","floor":2,"gold_loss":0,"cards_obtained":["Decay"]},{"damage_healed":0,"gold_gain":0,"player_choice":"Success","damage_taken":18,"relics_obtained":["StoneCalendar"],"max_hp_gain":0,"max_hp_loss":0,"event_name":"Scrap Ooze","floor":8,"gold_loss":0},{"damage_healed":0,"gold_gain":0,"player_choice":"Ignored","damage_taken":0,"max_hp_gain":0,"max_hp_loss":0,"event_name":"Shining Light","floor":11,"gold_loss":0},{"damage_healed":26,"gold_gain":0,"player_choice":"Banana","damage_taken":0,"max_hp_gain":0,"max_hp_loss":0,"event_name":"Big Fish","floor":12,"gold_loss":0},{"damage_healed":0,"gold_gain":0,"player_choice":"1 cards matched","damage_taken":0,"max_hp_gain":0,"max_hp_loss":0,"event_name":"Match and Keep!","floor":14,"gold_loss":0,"cards_obtained":["Deep Breath"]},{"damage_healed":0,"gold_gain":0,"cards_transformed":["Strike_R"],"player_choice":"Transformed","damage_taken":0,"max_hp_gain":0,"max_hp_loss":0,"event_name":"Transmorgrifier","floor":19,"gold_loss":0,"cards_obtained":["Brutality"]},{"cards_removed":["Decay"],"damage_healed":0,"gold_gain":0,"player_choice":"Elegance","damage_taken":0,"max_hp_gain":0,"max_hp_loss":0,"event_name":"Back to Basics","floor":20,"gold_loss":0},{"damage_healed":0,"gold_gain":0,"player_choice":"Memory 2","damage_taken":5,"max_hp_gain":0,"max_hp_loss":0,"event_name":"SensoryStone","floor":38,"gold_loss":0},{"damage_healed":0,"gold_gain":0,"player_choice":"Copied","damage_taken":0,"max_hp_gain":0,"max_hp_loss":0,"event_name":"Duplicator","floor":39,"gold_loss":0,"cards_obtained":["Discovery"]},{"damage_healed":20,"gold_gain":0,"player_choice":"Writhe","damage_taken":0,"max_hp_gain":0,"max_hp_loss":0,"event_name":"Winding Halls","floor":47,"gold_loss":0,"cards_obtained":["Writhe"]},{"damage_healed":0,"gold_gain":0,"player_choice":"Ignored","damage_taken":0,"max_hp_gain":0,"max_hp_loss":0,"event_name":"Mysterious Sphere","floor":48,"gold_loss":0}],"is_beta":false,"boss_relics":[{"not_picked":["Snecko Eye","Black Star"],"picked":"Black Blood"},{"not_picked":["Runic Dome","Coffee Dripper"],"picked":"Empty Cage"}],"items_purged_floors":[5,21,37],"is_endless":false,"potions_floor_spawned":[1,16,18,22,24,27,29,35,41],"killed_by":"Awakened One","ascension_level":6}