{"gold_per_floor":[20,36,36,56,5,5,5,5,5,35,48,48,1,33,33,33],"floor_reached":16,"playtime":826,"items_purged":[],"score":146,"play_id":"dda71109-8423-41af-9f4f-c9d1776c125d","local_time":"20181113151602","is_ascension_mode":true,"campfire_choices":[{"data":"Dodge and Roll","floor":6,"key":"SMITH"},{"data":"Neutralize","floor":8,"key":"SMITH"},{"floor":12,"key":"REST"},{"floor":15,"key":"REST"}],"neow_cost":"NO_GOLD","seed_source_timestamp":7390678167188,"circlet_count":0,"master_deck":["Defend_G","Defend_G","Defend_G","Defend_G","Defend_G","Strike_G","Strike_G+1","Strike_G","Strike_G+1","Strike_G","Survivor","Neutralize+1","Infinite Blades","Dodge and Roll+1","Backstab","Crippling Poison","PiercingWail","Dagger Spray"],"relics":["Ring of the Snake","Turnip","Letter Opener","Lantern","Pantograph","Tingsha","Whetstone"],"potions_floor_usage":[11,16],"damage_taken":[{"damage":1,"enemies":"2 Louse","floor":1,"turns":4},{"damage":2,"enemies":"Cultist","floor":2,"turns":4},{"damage":0,"enemies":"Jaw Worm","floor":4,"turns":5},{"damage":36,"enemies":"Gremlin Nob","floor":10,"turns":6},{"damage":6,"enemies":"Large Slime","floor":11,"turns":8},{"damage":20,"enemies":"3 Sentries","floor":14,"turns":8},{"damage":78,"enemies":"Hexaghost","floor":16,"turns":14}],"seed_played":"-7479183973934295653","potions_obtained":[{"floor":2,"key":"Fire Potion"},{"floor":10,"key":"SkillPotion"},{"floor":14,"key":"Regen Potion"}],"is_trial":false,"path_per_floor":["M","M","?","M","$","R","T","R","T","E","M","R","$","E","R","B"],"character_chosen":"THE_SILENT","items_purchased":["Dodge and Roll","PiercingWail"],"campfire_rested":2,"item_purchase_floors":[5,13],"current_hp_per_floor":[62,60,60,60,60,60,60,60,60,24,18,39,39,19,40,0],"gold":33,"neow_bonus":"ONE_RARE_RELIC","is_prod":false,"is_daily":false,"chose_seed":false,"campfire_upgraded":2,"win_rate":0,"timestamp":1542150962,"path_taken":["M","M","?","M","?","R","?","R","T","E","M","R","$","E","R","BOSS"],"build_version":"2018-11-08","purchased_purges":0,"victory":false,"max_hp_per_floor":[70,70,70,70,70,70,70,70,70,70,70,70,70,70,70,70],"card_choices":[{"not_picked":["Prepared","Riddle With Holes","Bane"],"picked":"SKIP","floor":1},{"not_picked":["Sucker Punch","Masterful Stab","Flying Knee"],"picked":"SKIP","floor":2},{"not_picked":["Deflect","Bane"],"picked":"Infinite Blades","floor":4},{"not_picked":["Flying Knee","Bullet Time"],"picked":"Backstab","floor":10},{"not_picked":["Quick Slash","Flying Knee"],"picked":"Crippling Poison","floor":11},{"not_picked":["Prepared","Catalyst"],"picked":"Dagger Spray","floor":14}],"player_experience":228654,"relics_obtained":[{"floor":7,"key":"Lantern"},{"floor":9,"key":"Pantograph"},{"floor":10,"key":"Tingsha"},{"floor":14,"key":"Whetstone"}],"event_choices":[{"damage_healed":0,"gold_gain":0,"player_choice":"Gave Potion","damage_taken":0,"relics_obtained":["Letter Opener"],"max_hp_gain":0,"max_hp_loss":0,"event_name":"WeMeetAgain","floor":3,"gold_loss":0}],"is_beta":false,"boss_relics":[],"items_purged_floors":[],"is_endless":false,"potions_floor_spawned":[2,10,14],"killed_by":"Hexaghost","ascension_level":7}