{"gold_per_floor":[365,365,290,290,309,309,309,52,105,116,116,116],"floor_reached":12,"playtime":259,"items_purged":[],"score":129,"play_id":"d3e0e33d-c05c-4233-a12a-3c3340dae365","local_time":"20181224110123","is_ascension_mode":true,"campfire_choices":[{"data":"Defragment","floor":6.0,"key":"SMITH"},{"data":"Apotheosis","floor":11,"key":"SMITH"}],"neow_cost":"TEN_PERCENT_HP_LOSS","seed_source_timestamp":7130442658878,"circlet_count":0,"master_deck":["AscendersBane","Strike_B","Strike_B","Strike_B","Strike_B","Defend_B","Defend_B","Defend_B","Defend_B","Zap","Dualcast","Defragment+1","Hologram","Apotheosis+1","Capacitor","Steam"],"special_seed":0,"relics":["Cracked Core","Blood Vial","Ancient Tea Set"],"potions_floor_usage":[12],"damage_taken":[{"damage":7.0,"enemies":"Jaw Worm","floor":1.0,"turns":3.0},{"damage":2.0,"enemies":"Small Slimes","floor":5.0,"turns":3.0},{"damage":0,"enemies":"2 Louse","floor":10,"turns":3},{"damage":44,"enemies":"Gremlin Nob","floor":12,"turns":4}],"seed_played":"-8760124800776744217","potions_obtained":[{"floor":1.0,"key":"FocusPotion"}],"is_trial":false,"path_per_floor":["M","?","?","$","M","R","?","$","T","M","R","E"],"character_chosen":"DEFECT","items_purchased":["Apotheosis","Capacitor"],"campfire_rested":0,"item_purchase_floors":[8,8],"current_hp_per_floor":[57,57,57,57,57,57,57,57,57,59,59,17],"gold":116,"neow_bonus":"TWO_FIFTY_GOLD","is_prod":false,"is_daily":false,"chose_seed":false,"campfire_upgraded":2,"win_rate":0,"timestamp":1545645683,"path_taken":["M","?","?","$","M","R","?","$","T","M","R","E"],"build_version":"2018-12-20","purchased_purges":0,"victory":false,"max_hp_per_floor":[64,64,64,64,64,64,64,64,64,64,64,64],"card_choices":[{"not_picked":["Cold Snap","Scrape"],"picked":"Defragment","floor":1.0},{"not_picked":["Redo","Force Field"],"picked":"Hologram","floor":5.0},{"not_picked":["Turbo","Rip and Tear"],"picked":"Steam","floor":10}],"player_experience":867318,"relics_obtained":[{"floor":9,"key":"Ancient Tea Set"}],"event_choices":[{"damage_healed":0.0,"max_hp_gain":0.0,"max_hp_loss":0.0,"gold_gain":0.0,"event_name":"Big Fish","player_choice":"Box","floor":2.0,"gold_loss":0.0,"damage_taken":0.0,"relics_obtained":["Blood Vial"],"cards_obtained":["Regret"]},{"cards_removed":["Regret"],"damage_healed":0.0,"max_hp_gain":0.0,"max_hp_loss":0.0,"gold_gain":0.0,"event_name":"The Cleric","player_choice":"Card Removal","floor":3.0,"gold_loss":75.0,"damage_taken":0.0},{"damage_healed":0,"gold_gain":0,"player_choice":"Searched \u00270\u0027 times","damage_taken":0,"max_hp_gain":0,"max_hp_loss":0,"event_name":"Dead Adventurer","floor":7,"gold_loss":0}],"is_beta":true,"boss_relics":[],"items_purged_floors":[],"is_endless":false,"potions_floor_spawned":[1],"killed_by":"Gremlin Nob","ascension_level":19}