{"gold_per_floor":[116,41,58,77,42,42,60,60,135,149,149,161,161,174,174,275,275,295,195,209,209],"floor_reached":21,"playtime":2500,"items_purged":["Defend_R","Writhe"],"score":175,"play_id":"c318daeb-da65-4019-91aa-e36654284bf8","local_time":"20181017230942","is_ascension_mode":false,"campfire_choices":[{"data":"Barricade","floor":6,"key":"SMITH"},{"data":"Shrug It Off","floor":8,"key":"SMITH"},{"data":"Bash","floor":13,"key":"SMITH"},{"data":"Shrug It Off","floor":15,"key":"SMITH"}],"neow_cost":"NONE","seed_source_timestamp":673044947444768,"circlet_count":0,"master_deck":["Strike_R","Strike_R","Strike_R","Strike_R","Strike_R","Defend_R","Defend_R","Defend_R","Bash+1","Barricade+1","Flex","Shrug It Off+1","Twin Strike","Pommel Strike","Regret","Pommel Strike","Shrug It Off+1","Double Tap","Decay","Parasite","Entrench+1","Seeing Red"],"relics":["Burning Blood","Pantograph","Champion Belt","Calling Bell","Blood Vial","Self Forming Clay","Mango"],"potions_floor_usage":[16,16,16,21,21,21],"damage_taken":[{"damage":1,"enemies":"Cultist","floor":1,"turns":3},{"damage":14,"enemies":"Jaw Worm","floor":3,"turns":7},{"damage":7,"enemies":"Small Slimes","floor":4,"turns":4},{"damage":25,"enemies":"Exordium Thugs","floor":5,"turns":5},{"damage":6,"enemies":"Large Slime","floor":7,"turns":11},{"damage":12,"enemies":"Red Slaver","floor":10,"turns":4},{"damage":7,"enemies":"Looter","floor":12,"turns":4},{"damage":9,"enemies":"Blue Slaver","floor":14,"turns":5},{"damage":39,"enemies":"Hexaghost","floor":16,"turns":10},{"damage":38,"enemies":"Shell Parasite","floor":18,"turns":11},{"damage":50,"enemies":"Spheric Guardian","floor":20,"turns":8},{"damage":22,"enemies":"Masked Bandits","floor":21,"turns":3}],"seed_played":"-7160248032655035112","potions_obtained":[{"floor":1,"key":"Block Potion"},{"floor":10,"key":"Strength Potion"},{"floor":14,"key":"Energy Potion"},{"floor":16,"key":"EssenceOfSteel"},{"floor":18,"key":"Fire Potion"},{"floor":20,"key":"Explosive Potion"}],"is_trial":false,"path_per_floor":["M","$","M","M","M","R","M","R","T","M","?","M","R","M","R","B",null,"M","$","M"],"character_chosen":"IRONCLAD","items_purchased":[],"campfire_rested":0,"item_purchase_floors":[],"current_hp_per_floor":[80,80,72,71,52,52,52,52,52,46,46,45,45,42,42,34,94,62,62,20,0],"gold":209,"neow_bonus":"ONE_RANDOM_RARE_CARD","is_prod":false,"is_daily":false,"chose_seed":false,"campfire_upgraded":4,"win_rate":0,"timestamp":1539842982,"path_taken":["M","$","M","?","M","R","M","R","T","M","?","M","R","M","R","BOSS","M","$","M","?"],"build_version":"2018-10-11","purchased_purges":2,"victory":false,"max_hp_per_floor":[80,80,80,80,80,80,80,80,80,80,80,80,80,80,80,80,94,94,94,94,94],"card_choices":[{"not_picked":["Flame Barrier","Heavy Blade","Clothesline"],"picked":"SKIP","floor":1},{"not_picked":["Infernal Blade","Second Wind"],"picked":"Flex","floor":3},{"not_picked":["Clothesline","Heavy Blade"],"picked":"Shrug It Off","floor":4},{"not_picked":["True Grit","Fiend Fire","Sever Soul"],"picked":"SKIP","floor":5},{"not_picked":["Disarm","Anger"],"picked":"Twin Strike","floor":7},{"not_picked":["Infernal Blade","Heavy Blade"],"picked":"Pommel Strike","floor":10},{"not_picked":["Power Through","Blood for Blood"],"picked":"Pommel Strike","floor":12},{"not_picked":["Carnage","Warcry"],"picked":"Shrug It Off","floor":14},{"not_picked":["Reaper","Brutality"],"picked":"Double Tap","floor":16},{"not_picked":["Carnage","Intimidate"],"picked":"Entrench+1","floor":18},{"not_picked":["Feel No Pain","Shrug It Off+1"],"picked":"Seeing Red","floor":20}],"player_experience":32811,"relics_obtained":[{"floor":9,"key":"Pantograph"},{"floor":17,"key":"Blood Vial"},{"floor":17,"key":"Self Forming Clay"},{"floor":17,"key":"Mango"}],"event_choices":[{"event_name":"Big Fish","player_choice":"Box","floor":11,"damage_taken":0},{"event_name":"Masked Bandits","player_choice":"Fought Bandits","floor":21,"damage_taken":0}],"is_beta":false,"boss_relics":[{"not_picked":["Orrery","Fusion Hammer"],"picked":"Calling Bell"}],"items_purged_floors":[2,19],"is_endless":false,"potions_floor_spawned":[1,10,14,16,18,20],"killed_by":"Masked Bandits","ascension_level":0}