{"gold_per_floor":[109,109,34,34,54,84,94,111,111,111,136,136,136,151,151,250,300,285,301,320,340,340,340,340,359,359,539,554,587,605,605],"floor_reached":31,"playtime":2344,"items_purged":[],"score":432,"play_id":"fbd770d1-6d9b-4729-96dd-a8663f7bf05f","local_time":"20180928043740","is_ascension_mode":true,"campfire_choices":[{"data":"Distraction","floor":12,"key":"SMITH"},{"data":"Adrenaline","floor":15,"key":"SMITH"},{"data":"RitualDagger","floor":24,"key":"SMITH"}],"neow_cost":"NONE","seed_source_timestamp":851605722157812,"circlet_count":0,"master_deck":["Defend_G","Defend_G","Defend_G","Defend_G","Defend_G+1","Strike_G","Strike_G","Strike_G","Survivor","Neutralize+1","Backflip","Corpse Explosion","Deflect","Flying Knee","PiercingWail","Venomology","Distraction+1","Predator","Skewer","Adrenaline+1","A Thousand Cuts","Blur","Noxious Fumes","Flechettes+1","Adrenaline","Crippling Poison","Ghostly","Ghostly","Ghostly","Ghostly","Ghostly","RitualDagger+1","Tactician+1","Flying Knee","Night Terror","Bouncing Flask"],"relics":["Ring of the Snake","NeowsBlessing","Bag of Marbles","Lantern","Meat on the Bone","Tiny House","Bronze Scales","Omamori"],"potions_floor_usage":[8,8,11,11,16,16,18,18,19,19,20,21,25,29,29,30,31,31,31],"damage_taken":[{"damage":0,"enemies":"Small Slimes","floor":1,"turns":1},{"damage":0,"enemies":"Jaw Worm","floor":5,"turns":1},{"damage":0,"enemies":"Lagavulin","floor":6,"turns":1},{"damage":0,"enemies":"2 Louse","floor":7,"turns":2},{"damage":20,"enemies":"Large Slime","floor":8,"turns":4},{"damage":11,"enemies":"3 Sentries","floor":11,"turns":6},{"damage":0,"enemies":"Lots of Slimes","floor":14,"turns":1},{"damage":22,"enemies":"Slime Boss","floor":16,"turns":8},{"damage":0,"enemies":"2 Thieves","floor":18,"turns":4},{"damage":0,"enemies":"Shell Parasite","floor":19,"turns":7},{"damage":14,"enemies":"Centurion and Healer","floor":20,"turns":9},{"damage":25,"enemies":"Chosen and Byrds","floor":21,"turns":8},{"damage":1,"enemies":"Snecko","floor":25,"turns":5},{"damage":3,"enemies":"Shelled Parasite and Fungi","floor":28,"turns":6},{"damage":11,"enemies":"Gremlin Leader","floor":29,"turns":6},{"damage":0,"enemies":"Snake Plant","floor":30,"turns":2},{"damage":9,"enemies":"Colosseum Slavers","floor":31,"turns":4},{"damage":25,"enemies":"Colosseum Nobs","floor":31,"turns":5}],"seed_played":"1404194998750767617","potions_obtained":[{"floor":8,"key":"Poison Potion"},{"floor":11,"key":"Poison Potion"},{"floor":16,"key":"SkillPotion"},{"floor":17,"key":"SpeedPotion"},{"floor":19,"key":"AttackPotion"},{"floor":25,"key":"Dexterity Potion"},{"floor":29,"key":"AttackPotion"},{"floor":30,"key":"Energy Potion"}],"is_trial":false,"path_per_floor":["M","?","$","?","M","E","M","M","T","?","E","R","?","M","R","B",null,"M","M","M","M","?","?","R","M","T","?","M","E","M"],"character_chosen":"THE_SILENT","items_purchased":["Deflect","Flying Knee"],"campfire_rested":0,"item_purchase_floors":[3,3],"current_hp_per_floor":[63,63,63,63,63,63,63,43,43,66,55,55,48,48,48,38,67,67,67,53,40,37,31,31,30,30,12,21,22,22,0],"gold":605,"neow_bonus":"THREE_ENEMY_KILL","is_prod":false,"is_daily":false,"chose_seed":false,"campfire_upgraded":3,"win_rate":0,"timestamp":1538084260,"path_taken":["M","?","$","?","?","E","M","M","T","?","E","R","?","M","R","BOSS","M","M","M","M","?","?","R","M","T","?","?","E","M","?"],"build_version":"2018-09-20","purchased_purges":0,"victory":false,"max_hp_per_floor":[70,70,70,70,70,70,70,70,70,70,70,70,70,70,70,70,75,75,75,75,75,37,37,37,37,37,37,37,37,37,37],"card_choices":[{"not_picked":["PiercingWail","Dodge and Roll"],"picked":"Backflip","floor":1},{"not_picked":["Dagger Throw","Slice"],"picked":"PiercingWail","floor":5},{"not_picked":["Quick Slash","Sucker Punch"],"picked":"Venomology","floor":6},{"not_picked":["Quick Slash","Prepared"],"picked":"Distraction","floor":7},{"not_picked":["Deadly Poison","Underhanded Strike"],"picked":"Predator","floor":8},{"not_picked":["Expertise","Acrobatics"],"picked":"Skewer","floor":11},{"not_picked":["All Out Attack","Bouncing Flask"],"picked":"Adrenaline","floor":14},{"not_picked":["Grand Finale","Wraith Form v2"],"picked":"A Thousand Cuts","floor":16},{"not_picked":["Dagger Throw","Backflip"],"picked":"Blur","floor":17},{"not_picked":["Accuracy","Deadly Poison"],"picked":"Noxious Fumes","floor":18},{"not_picked":["Concentrate","Infinite Blades"],"picked":"Flechettes+1","floor":19},{"not_picked":["Sucker Punch","Prepared"],"picked":"Adrenaline","floor":20},{"not_picked":["Dagger Throw","Slice+1"],"picked":"Crippling Poison","floor":21},{"not_picked":["Bouncing Flask","Flechettes"],"picked":"Tactician+1","floor":25},{"not_picked":["Predator","Dagger Throw"],"picked":"Flying Knee","floor":28},{"not_picked":["Prepared","Deflect"],"picked":"Night Terror","floor":29},{"not_picked":["Dagger Throw","Backflip"],"picked":"Bouncing Flask","floor":30}],"player_experience":225083,"relics_obtained":[{"floor":6,"key":"Bag of Marbles"},{"floor":9,"key":"Lantern"},{"floor":11,"key":"Meat on the Bone"},{"floor":26,"key":"Bronze Scales"},{"floor":29,"key":"Omamori"}],"event_choices":[{"event_name":"Living Wall","player_choice":"Change","floor":2,"damage_taken":0},{"event_name":"Upgrade Shrine","player_choice":"Upgraded","floor":4,"damage_taken":0},{"event_name":"Big Fish","player_choice":"Banana","floor":10,"damage_taken":0},{"event_name":"Golden Wing","player_choice":"Card Removal","floor":13,"damage_taken":0},{"event_name":"Ghosts","player_choice":"Became a Ghost","floor":22,"damage_taken":0},{"event_name":"Nest","player_choice":"Joined the Cult","floor":23,"damage_taken":0},{"event_name":"Knowing Skull","player_choice":"GOLD GOLD ","floor":27,"damage_taken":0},{"event_name":"Colosseum","player_choice":"Fight","floor":31,"damage_taken":0},{"event_name":"Colosseum","player_choice":"Fought Nobs","floor":31,"damage_taken":0}],"is_beta":false,"boss_relics":[{"not_picked":["Philosopher\u0027s Stone","Lizard Tail"],"picked":"Tiny House"}],"items_purged_floors":[],"is_endless":false,"potions_floor_spawned":[8,11,16,19,25,29,30,31],"killed_by":"Colosseum Nobs","ascension_level":6}