{"gold_per_floor":[114,126,136,149,160,235,235,246,270,270,327,339,339,121,121,226,226,243,158,158,142,142,172,172,172,172,183,183,200,2,17,17,113,113,129,146,146,158,59,76,96,115,115,125,125,145,145,163,163,163],"floor_reached":51,"playtime":3555,"items_purged":["Strike_B","Strike_B+1","Parasite"],"score":717,"play_id":"8131edaa-9897-4ef9-ae63-c6fc8cfe8e43","local_time":"20190301225212","is_ascension_mode":false,"campfire_choices":[{"data":"Streamline","floor":7,"key":"SMITH"},{"data":"Coolheaded","floor":13,"key":"SMITH"},{"floor":15,"key":"REST"},{"data":"Barrage","floor":24,"key":"SMITH"},{"data":"Coolheaded","floor":28,"key":"SMITH"},{"data":"Loop","floor":32,"key":"SMITH"},{"data":"Defragment","floor":47,"key":"SMITH"},{"floor":49,"key":"REST"}],"neow_cost":"NONE","seed_source_timestamp":2244687512050,"circlet_count":0,"master_deck":["Strike_B+1","Strike_B+1","Defend_B+1","Defend_B+1","Defend_B+1","Defend_B+1","Dualcast","Coolheaded","Streamline+1","Coolheaded+1","Coolheaded+1","White Noise","Stack","Core Surge","Hologram+1","Barrage+1","Chill+1","Loop+1","Loop+1","Reboot+1","Defragment+1","Blizzard","Parasite","Coolheaded+1","Reboot+1"],"relics":["Cracked Core","Blood Vial","Gremlin Horn","Bag of Marbles","Velvet Choker","Smiling Mask","DataDisk","Question Card","Toxic Egg 2","Lantern","Blue Candle"],"potions_floor_usage":[8,11,16,23,23,33,41,46,50,50],"damage_taken":[{"damage":2,"enemies":"Small Slimes","floor":1,"turns":3},{"damage":0,"enemies":"2 Louse","floor":2,"turns":3},{"damage":1,"enemies":"Jaw Worm","floor":3,"turns":3},{"damage":3,"enemies":"Looter","floor":4,"turns":3},{"damage":1,"enemies":"Large Slime","floor":5,"turns":5},{"damage":0,"enemies":"Exordium Wildlife","floor":8,"turns":2},{"damage":14,"enemies":"Lagavulin Event","floor":11,"turns":5},{"damage":13,"enemies":"3 Louse","floor":12,"turns":3},{"damage":27,"enemies":"Slime Boss","floor":16,"turns":13},{"damage":2,"enemies":"Spheric Guardian","floor":18,"turns":4},{"damage":4,"enemies":"2 Thieves","floor":21,"turns":4},{"damage":0,"enemies":"Gremlin Leader","floor":23,"turns":7},{"damage":6,"enemies":"Snake Plant","floor":27,"turns":4},{"damage":3,"enemies":"Snecko","floor":29,"turns":4},{"damage":0,"enemies":"Chosen and Byrds","floor":31,"turns":5},{"damage":26,"enemies":"Automaton","floor":33,"turns":15},{"damage":0,"enemies":"3 Shapes","floor":35,"turns":4},{"damage":0,"enemies":"3 Darklings","floor":36,"turns":7},{"damage":5,"enemies":"Writhing Mass","floor":38,"turns":9},{"damage":3,"enemies":"4 Shapes","floor":40,"turns":6},{"damage":23,"enemies":"Maw","floor":41,"turns":11},{"damage":3,"enemies":"Writhing Mass","floor":42,"turns":6},{"damage":1,"enemies":"4 Shapes","floor":44,"turns":8},{"damage":0,"enemies":"Jaw Worm Horde","floor":46,"turns":5},{"damage":5,"enemies":"Writhing Mass","floor":48,"turns":13},{"damage":12,"enemies":"Awakened One","floor":50,"turns":55}],"seed_played":"-5891462394269174667","potions_obtained":[{"floor":3,"key":"FearPotion"},{"floor":5,"key":"AttackPotion"},{"floor":8,"key":"SpeedPotion"},{"floor":11,"key":"GamblersBrew"},{"floor":21,"key":"FocusPotion"},{"floor":31,"key":"AttackPotion"},{"floor":33,"key":"GamblersBrew"},{"floor":41,"key":"SpeedPotion"},{"floor":42,"key":"Swift Potion"},{"floor":46,"key":"LiquidBronze"},{"floor":48,"key":"Regen Potion"}],"is_trial":false,"path_per_floor":["M","M","M","M","M","?","R","M","T","?","?","M","R","$","R","B",null,"M","?","?","M","?","E","R","T","T","M","R","M","$","M","R","B",null,"M","M","?","M","$","M","M","M","T","M","?","M","R","M","R","B",null],"character_chosen":"DEFECT","items_purchased":["Bag of Marbles","Lantern","Strength Potion"],"campfire_rested":2,"item_purchase_floors":[14,30,39],"current_hp_per_floor":[73,73,72,69,68,57,57,57,57,57,45,34,34,34,56,31,75,73,73,73,71,71,73,73,73,73,69,69,68,68,70,70,46,75,75,75,75,70,70,69,48,47,47,48,48,50,50,47,67,68],"gold":163,"neow_bonus":"UPGRADE_CARD","is_prod":false,"is_daily":false,"chose_seed":false,"campfire_upgraded":6,"win_rate":0,"timestamp":1551448332,"path_taken":["M","M","M","M","M","?","R","M","T","?","?","M","R","$","R","BOSS","M","?","?","M","?","E","R","?","T","M","R","M","$","M","R","BOSS","M","M","?","M","$","M","M","M","T","M","?","M","R","M","R","BOSS"],"build_version":"2019-01-23","purchased_purges":3,"victory":true,"max_hp_per_floor":[75,75,75,75,75,75,75,75,75,75,75,75,75,75,75,75,75,75,75,75,75,75,75,75,75,75,75,75,75,75,75,75,75,75,75,75,75,75,72,72,72,72,72,72,68,68,68,68,68,68],"card_choices":[{"not_picked":["Conserve Battery","Compile Driver"],"picked":"Coolheaded","floor":1},{"not_picked":["Steam Power","Sunder"],"picked":"Streamline","floor":2},{"not_picked":["Streamline","Rebound","Sweeping Beam"],"picked":"SKIP","floor":3},{"not_picked":["Turbo","Streamline"],"picked":"Coolheaded","floor":4},{"not_picked":["Storm","Creative AI"],"picked":"Coolheaded","floor":5},{"not_picked":["Compile Driver","Beam Cell"],"picked":"White Noise","floor":8},{"not_picked":["Chaos","Reinforced Body"],"picked":"Stack","floor":11},{"not_picked":["Beam Cell","Sweeping Beam","Steam"],"picked":"SKIP","floor":12},{"not_picked":["All For One","Creative AI"],"picked":"Core Surge","floor":16},{"not_picked":["Stack","Steam"],"picked":"Hologram+1","floor":18},{"not_picked":["Doom and Gloom+1","Recycle"],"picked":"Barrage","floor":21},{"not_picked":["Streamline","Hello World","Aggregate"],"picked":"SKIP","floor":23},{"not_picked":["Beam Cell+1","Reprogram+1","Fusion+1"],"picked":"Chill+1","floor":27},{"not_picked":["Compile Driver","Cold Snap","Aggregate+1"],"picked":"Loop+1","floor":29},{"not_picked":["Cold Snap","Go for the Eyes","Static Discharge"],"picked":"Loop","floor":31},{"not_picked":["Machine Learning","Echo Form","Meteor Strike"],"picked":"Reboot+1","floor":33},{"not_picked":["Rebound","Leap+1","Go for the Eyes+1"],"picked":"Defragment","floor":35},{"not_picked":["Darkness+1","Rebound","Storm","Hello World+1"],"picked":"SKIP","floor":36},{"not_picked":["Redo+1","Beam Cell+1","Hologram+1","Ball Lightning+1"],"picked":"SKIP","floor":38},{"not_picked":["Go for the Eyes","Ball Lightning","Rebound+1"],"picked":"Blizzard","floor":40},{"not_picked":["Leap+1","BootSequence+1","Sunder+1","Skim+1"],"picked":"SKIP","floor":41},{"not_picked":["Heatsinks","Storm+1","Compile Driver"],"picked":"Coolheaded+1","floor":42},{"not_picked":["Hello World","Sweeping Beam","Beam Cell+1"],"picked":"Reboot+1","floor":44},{"not_picked":["Gash","Doom and Gloom","Cold Snap+1","Heatsinks"],"picked":"SKIP","floor":46},{"not_picked":["Redo+1","Beam Cell+1","Streamline+1","Rebound"],"picked":"SKIP","floor":48}],"player_experience":535269,"relics_obtained":[{"floor":9,"key":"Blood Vial"},{"floor":11,"key":"Gremlin Horn"},{"floor":23,"key":"DataDisk"},{"floor":25,"key":"Question Card"},{"floor":26,"key":"Toxic Egg 2"},{"floor":43,"key":"Blue Candle"}],"event_choices":[{"damage_healed":0,"gold_gain":75,"player_choice":"Gather Gold","damage_taken":11,"max_hp_gain":0,"max_hp_loss":0,"event_name":"World of Goop","floor":6,"gold_loss":0},{"damage_healed":0,"gold_gain":0,"player_choice":"Ignored","damage_taken":0,"max_hp_gain":0,"max_hp_loss":0,"event_name":"Liars Game","floor":10,"gold_loss":0},{"damage_healed":0,"gold_gain":0,"player_choice":"Searched \u00271\u0027 times","damage_taken":0,"max_hp_gain":0,"max_hp_loss":0,"event_name":"Dead Adventurer","floor":11,"gold_loss":0},{"damage_healed":0,"gold_gain":0,"player_choice":"Obtained Relic","damage_taken":0,"relics_obtained":["Smiling Mask"],"max_hp_gain":0,"max_hp_loss":0,"event_name":"Addict","floor":19,"gold_loss":85},{"damage_healed":0,"gold_gain":0,"player_choice":"Simplicity","damage_taken":0,"max_hp_gain":0,"max_hp_loss":0,"event_name":"Back to Basics","floor":20,"gold_loss":0,"cards_upgraded":["Strike_B","Strike_B","Strike_B","Defend_B","Defend_B","Defend_B","Defend_B"]},{"damage_healed":0,"gold_gain":0,"player_choice":"Ignored","damage_taken":0,"max_hp_gain":0,"max_hp_loss":0,"event_name":"The Mausoleum","floor":22,"gold_loss":0},{"cards_removed":["Zap"],"damage_healed":0,"gold_gain":0,"player_choice":"Removed Skill","damage_taken":0,"max_hp_gain":0,"max_hp_loss":0,"event_name":"Falling","floor":37,"gold_loss":0},{"damage_healed":0,"gold_gain":0,"player_choice":"Max HP","damage_taken":0,"max_hp_gain":0,"max_hp_loss":4,"event_name":"Winding Halls","floor":45,"gold_loss":0}],"is_beta":false,"boss_relics":[{"not_picked":["White Beast Statue","Eternal Feather"],"picked":"Velvet Choker"},{"not_picked":["Snecko Eye","Runic Dome","Sozu"]}],"items_purged_floors":[14,30,39],"is_endless":false,"potions_floor_spawned":[3,5,8,11,21,31,33,41,42,46,48],"ascension_level":0}