{"gold_per_floor":[10,10,29,29,29,60,60,73,73,73,73,84,84,95,95,197,197,212,231,281,281],"floor_reached":21,"playtime":798,"items_purged":[],"score":179,"play_id":"07686330-2656-40af-bf15-d408042bd157","local_time":"20190224004937","is_ascension_mode":false,"campfire_choices":[{"data":"Cleave","floor":7,"key":"SMITH"},{"data":"Reaper","floor":10,"key":"SMITH"},{"data":"Bash","floor":13,"key":"SMITH"},{"data":"Defend_R","floor":15,"key":"SMITH"}],"neow_cost":"NO_GOLD","seed_source_timestamp":41816827349286,"circlet_count":0,"master_deck":["Strike_R","Strike_R","Defend_R","Defend_R","Defend_R+1","Bash+1","Cleave+1","Reaper+1","Barricade"],"relics":["Burning Blood","Ice Cream","Matryoshka","Blood Vial","WingedGreaves","Philosopher\u0027s Stone"],"potions_floor_usage":[16,19,21,21],"damage_taken":[{"damage":3,"enemies":"2 Louse","floor":1,"turns":4},{"damage":3,"enemies":"Small Slimes","floor":3,"turns":3},{"damage":27,"enemies":"Gremlin Nob","floor":6,"turns":4},{"damage":5,"enemies":"Jaw Worm","floor":8,"turns":4},{"damage":4,"enemies":"Exordium Wildlife","floor":12,"turns":3},{"damage":8,"enemies":"Red Slaver","floor":14,"turns":4},{"damage":46,"enemies":"The Guardian","floor":16,"turns":17},{"damage":23,"enemies":"Chosen","floor":18,"turns":7},{"damage":37,"enemies":"Shell Parasite","floor":19,"turns":9},{"damage":45,"enemies":"Shelled Parasite and Fungi","floor":21,"turns":4}],"seed_played":"-6955675790766863185","potions_obtained":[{"floor":3,"key":"LiquidBronze"},{"floor":14,"key":"Block Potion"},{"floor":16,"key":"Swift Potion"},{"floor":18,"key":"Weak Potion"}],"is_trial":false,"path_per_floor":["M","?","M","?","?","E","R","M","T","R","$","M","R","M","R","B",null,"M","M","?","M"],"character_chosen":"IRONCLAD","items_purchased":[],"campfire_rested":0,"item_purchase_floors":[],"current_hp_per_floor":[80,80,80,62,55,34,34,35,35,35,35,39,39,46,46,15,80,68,39,39,0],"gold":281,"neow_bonus":"REMOVE_TWO","is_prod":false,"is_daily":false,"chose_seed":false,"campfire_upgraded":4,"win_rate":0,"timestamp":1550987377,"path_taken":["M","?","M","?","?","E","R","?","T","R","$","M","R","M","R","BOSS","M","M","?","M"],"build_version":"2019-01-23","purchased_purges":0,"victory":false,"max_hp_per_floor":[80,80,80,80,80,80,80,80,80,80,80,80,80,80,80,80,80,80,80,80,80],"card_choices":[{"not_picked":["Anger","Pommel Strike","Armaments"],"picked":"SKIP","floor":1},{"not_picked":["Perfected Strike","Intimidate"],"picked":"Cleave","floor":3},{"not_picked":["Corruption","Reckless Charge","Sword Boomerang"],"picked":"SKIP","floor":6},{"not_picked":["Rage","Burning Pact"],"picked":"Reaper","floor":8},{"not_picked":["Warcry","Cleave","Clash"],"picked":"SKIP","floor":12},{"not_picked":["Iron Wave","Burning Pact","Sentinel"],"picked":"SKIP","floor":14},{"not_picked":["Immolate","Reaper"],"picked":"Barricade","floor":16},{"not_picked":["Warcry+1","Searing Blow+1","Armaments"],"picked":"SKIP","floor":18},{"not_picked":["Perfected Strike","Clash+1","Clothesline"],"picked":"SKIP","floor":19}],"player_experience":449245,"relics_obtained":[{"floor":6,"key":"Matryoshka"},{"floor":9,"key":"Blood Vial"},{"floor":9,"key":"WingedGreaves"}],"event_choices":[{"cards_removed":["Defend_R"],"damage_healed":0,"gold_gain":0,"player_choice":"Forget","damage_taken":0,"max_hp_gain":0,"max_hp_loss":0,"event_name":"Living Wall","floor":2,"gold_loss":0},{"damage_healed":0,"gold_gain":0,"player_choice":"Success","damage_taken":18,"relics_obtained":["Ice Cream"],"max_hp_gain":0,"max_hp_loss":0,"event_name":"Scrap Ooze","floor":4,"gold_loss":0},{"cards_removed":["Strike_R"],"damage_healed":0,"gold_gain":0,"player_choice":"Card Removal","damage_taken":7,"max_hp_gain":0,"max_hp_loss":0,"event_name":"Golden Wing","floor":5,"gold_loss":0},{"damage_healed":0,"gold_gain":100,"player_choice":"Bet on Murderer","damage_taken":0,"max_hp_gain":0,"max_hp_loss":0,"event_name":"The Joust","floor":20,"gold_loss":50}],"is_beta":false,"boss_relics":[{"not_picked":["Black Star","Lizard Tail"],"picked":"Philosopher\u0027s Stone"}],"items_purged_floors":[],"is_endless":false,"potions_floor_spawned":[3,14,16,18],"killed_by":"Shelled Parasite and Fungi","ascension_level":0}