{"gold_per_floor":[115,125,125,138,63,63,78,106,106,38,38,56,81,81,81,206,206,201,236,251,272,272],"floor_reached":22,"playtime":1841,"items_purged":["Regret"],"score":242,"play_id":"f2165387-8f8f-489e-8f18-11407cc73c70","local_time":"20180928035821","is_ascension_mode":true,"campfire_choices":[{"data":"Distraction","floor":6,"key":"SMITH"},{"data":"Doppelganger","floor":15,"key":"SMITH"}],"neow_cost":"NONE","seed_source_timestamp":849750205995199,"circlet_count":0,"master_deck":["Defend_G","Defend_G","Defend_G","Defend_G","Defend_G","Strike_G","Strike_G","Strike_G","Strike_G","Survivor","Neutralize","Dagger Spray","Bouncing Flask","Distraction+1","Backstab","Crippling Poison","Leg Sweep","Sucker Punch+1","Doppelganger+1","Bullet Time","Dagger Throw+1","Blur","Venomology","Skewer+1"],"relics":["Eternal Feather","Gremlin Horn","Odd Mushroom","Molten Egg 2","Happy Flower","Golden Idol","Coffee Dripper","Red Mask"],"potions_floor_usage":[7,8,8,19,21,22,22,22],"damage_taken":[{"damage":0,"enemies":"Jaw Worm","floor":1,"turns":5},{"damage":0,"enemies":"2 Louse","floor":2,"turns":2},{"damage":0,"enemies":"Small Slimes","floor":4,"turns":3},{"damage":8,"enemies":"Blue Slaver","floor":7,"turns":3},{"damage":0,"enemies":"The Mushroom Lair","floor":8,"turns":2},{"damage":4,"enemies":"Exordium Wildlife","floor":12,"turns":4},{"damage":31,"enemies":"Gremlin Nob","floor":13,"turns":5},{"damage":15,"enemies":"Hexaghost","floor":16,"turns":9},{"damage":8,"enemies":"2 Thieves","floor":18,"turns":4},{"damage":23,"enemies":"Masked Bandits","floor":19,"turns":6},{"damage":0,"enemies":"3 Byrds","floor":20,"turns":5},{"damage":11,"enemies":"Snake Plant","floor":21,"turns":6},{"damage":14,"enemies":"3 Cultists","floor":22,"turns":3}],"seed_played":"1983154918342469994","potions_obtained":[{"floor":2,"key":"Swift Potion"},{"floor":4,"key":"AttackPotion"},{"floor":7,"key":"AttackPotion"},{"floor":18,"key":"Dexterity Potion"},{"floor":21,"key":"GamblersBrew"}],"is_trial":false,"path_per_floor":["M","M","?","M","$","R","M","?","T","$","?","M","E","?","R","B",null,"M","?","M","M"],"character_chosen":"THE_SILENT","items_purchased":["Leg Sweep"],"campfire_rested":0,"item_purchase_floors":[10],"current_hp_per_floor":[63,63,63,63,63,70,62,62,62,62,62,58,27,10,19,4,54,46,23,23,12,0],"gold":272,"neow_bonus":"BOSS_RELIC","is_prod":false,"is_daily":false,"chose_seed":false,"campfire_upgraded":2,"win_rate":0,"timestamp":1538081901,"path_taken":["M","M","?","M","$","R","M","?","T","?","?","?","E","?","R","BOSS","M","?","M","?","M"],"build_version":"2018-09-20","purchased_purges":1,"victory":false,"max_hp_per_floor":[70,70,70,70,70,70,70,70,70,70,70,70,70,70,70,70,70,70,70,70,70,70],"card_choices":[{"not_picked":["PiercingWail","Bane"],"picked":"Dagger Spray","floor":1},{"not_picked":["PiercingWail","Bane"],"picked":"Bouncing Flask","floor":2},{"not_picked":["Outmaneuver","Masterful Stab"],"picked":"Distraction","floor":4},{"not_picked":["Deadly Poison","Choke"],"picked":"Backstab","floor":7},{"not_picked":["Skewer","Acrobatics"],"picked":"Crippling Poison","floor":8},{"not_picked":["Dagger Spray+1","Dagger Throw+1"],"picked":"Sucker Punch+1","floor":12},{"not_picked":["Calculated Gamble","Blade Dance"],"picked":"Doppelganger","floor":13},{"not_picked":["Phantasmal Killer","Storm of Steel"],"picked":"Bullet Time","floor":16},{"not_picked":["Deadly Poison+1","Caltrops"],"picked":"Dagger Throw+1","floor":18},{"not_picked":["Slice+1","Sucker Punch+1"],"picked":"Blur","floor":19},{"not_picked":["Poisoned Stab+1","Dagger Spray+1"],"picked":"Venomology","floor":20},{"not_picked":["Crippling Poison","Sucker Punch+1"],"picked":"Skewer+1","floor":21}],"player_experience":223242,"relics_obtained":[{"floor":8,"key":"Odd Mushroom"},{"floor":9,"key":"Molten Egg 2"},{"floor":13,"key":"Happy Flower"},{"floor":19,"key":"Red Mask"}],"event_choices":[{"event_name":"Big Fish","player_choice":"Box","floor":3,"damage_taken":0},{"event_name":"Mushrooms","player_choice":"Fought Mushrooms","floor":8,"damage_taken":0},{"event_name":"Bonfire Elementals","player_choice":"BASIC","floor":11,"damage_taken":0},{"event_name":"Golden Idol","player_choice":"Take Damage","floor":14,"damage_taken":0},{"event_name":"Masked Bandits","player_choice":"Fought Bandits","floor":19,"damage_taken":0}],"is_beta":false,"boss_relics":[{"not_picked":["Busted Crown","Velvet Choker"],"picked":"Coffee Dripper"}],"items_purged_floors":[5],"is_endless":false,"potions_floor_spawned":[2,4,7,18,21],"killed_by":"3 Cultists","ascension_level":6}