{"gold_per_floor":[112,112,128,8,19,19,34,52,52,52,80,80,107,129,129,227,227,213,229,229,58,71,98,98,113,137,156,156,85,45,64,64,64],"floor_reached":33,"playtime":3570,"items_purged":["Strike_R"],"score":277,"play_id":"effe5e22-5359-4eaf-bc78-b27f06d40ec1","local_time":"20190301012445","is_ascension_mode":false,"campfire_choices":[{"data":"Armaments","floor":6.0,"key":"SMITH"},{"data":"Uppercut","floor":10.0,"key":"SMITH"},{"data":"Inflame","floor":12.0,"key":"SMITH"},{"floor":15.0,"key":"REST"},{"floor":24.0,"key":"REST"},{"floor":32,"key":"REST"}],"neow_cost":"NONE","seed_source_timestamp":549797880950829,"circlet_count":0,"master_deck":["Strike_R","Strike_R","Strike_R","Strike_R","Defend_R","Defend_R","Defend_R","Defend_R+1","Bash+1","Perfected Strike","Armaments+1","Anger+1","Iron Wave+1","Inflame+1","Uppercut+1","Metallicize+1","Searing Blow+1","Limit Break","Warcry+1","Shrug It Off","Mayhem+1","Perfected Strike+1","Flex","Armaments+1","Writhe","Fire Breathing+1","Shrug It Off+1"],"special_seed":0,"relics":["Burning Blood","Bottled Flame","Red Skull","Frozen Egg 2","Odd Mushroom","Black Star","Pantograph","Whetstone","Strawberry","PreservedInsect"],"potions_floor_usage":[33],"damage_taken":[{"damage":12.0,"enemies":"2 Louse","floor":1.0,"turns":3.0},{"damage":1.0,"enemies":"Cultist","floor":3.0,"turns":3.0},{"damage":10.0,"enemies":"Small Slimes","floor":5.0,"turns":3.0},{"damage":0.0,"enemies":"Blue Slaver","floor":7.0,"turns":4.0},{"damage":8.0,"enemies":"Red Slaver","floor":8.0,"turns":6.0},{"damage":4.0,"enemies":"Lagavulin","floor":11.0,"turns":5.0},{"damage":7.0,"enemies":"Gremlin Nob","floor":13.0,"turns":3.0},{"damage":25.0,"enemies":"The Mushroom Lair","floor":14.0,"turns":6.0},{"damage":27.0,"enemies":"The Guardian","floor":16.0,"turns":13.0},{"damage":20.0,"enemies":"2 Thieves","floor":18.0,"turns":4.0},{"damage":21.0,"enemies":"Spheric Guardian","floor":19.0,"turns":7.0},{"damage":23.0,"enemies":"Snake Plant","floor":22.0,"turns":6.0},{"damage":26.0,"enemies":"Book of Stabbing","floor":23.0,"turns":5.0},{"damage":11.0,"enemies":"3 Cultists","floor":25.0,"turns":5.0},{"damage":21.0,"enemies":"Snecko","floor":27.0,"turns":4.0},{"damage":17,"enemies":"Snake Plant","floor":31,"turns":4},{"damage":74,"enemies":"Automaton","floor":33,"turns":10}],"seed_played":"4950293023095850674","potions_obtained":[{"floor":3.0,"key":"Energy Potion"},{"floor":7.0,"key":"Dexterity Potion"},{"floor":18.0,"key":"Dexterity Potion"},{"floor":22.0,"key":"PowerPotion"},{"floor":31,"key":"BloodPotion"}],"is_trial":false,"path_per_floor":["M","?","M","$","M","R","M","M","T","R","E","R","E","?","R","B",null,"M","M","?","$","M","E","R","M","T","M","?","$","?","M","R","B"],"character_chosen":"IRONCLAD","items_purchased":["Anger","Mayhem+1","Fire Breathing+1"],"campfire_rested":3,"item_purchase_floors":[4,21,29],"current_hp_per_floor":[74,80,80,80,76,76,80,78,78,78,80,80,79,60,80,59,80,66,51,51,51,34,14,38,33,40,25,25,25,25,14,40,0],"gold":64,"neow_bonus":"UPGRADE_CARD","is_prod":false,"is_daily":false,"chose_seed":false,"campfire_upgraded":3,"win_rate":0.0,"timestamp":1551428685,"path_taken":["M","?","M","$","?","R","M","M","T","R","E","R","E","?","R","BOSS","M","M","?","$","?","E","R","M","T","M","?","$","?","M","R","BOSS"],"build_version":"2019-01-23","purchased_purges":1,"victory":false,"max_hp_per_floor":[80,80,80,80,80,80,80,80,80,80,80,80,80,80,80,80,80,80,80,80,80,80,80,80,80,87,87,87,87,87,87,87,87],"card_choices":[{"not_picked":["Thunderclap","Pommel Strike"],"picked":"Perfected Strike","floor":1.0},{"not_picked":["Whirlwind","Headbutt"],"picked":"Armaments","floor":3.0},{"not_picked":["Uppercut","Entrench"],"picked":"Iron Wave","floor":5.0},{"not_picked":["Sword Boomerang","Perfected Strike"],"picked":"Inflame","floor":7.0},{"not_picked":["Burning Pact","Blood for Blood"],"picked":"Uppercut","floor":8.0},{"not_picked":["Whirlwind","Body Slam","Cleave"],"picked":"SKIP","floor":11.0},{"not_picked":["Perfected Strike","Ghostly Armor"],"picked":"Metallicize","floor":13.0},{"not_picked":["Perfected Strike","Clash"],"picked":"Searing Blow","floor":14.0},{"not_picked":["Fiend Fire","Offering"],"picked":"Limit Break","floor":16.0},{"not_picked":["Anger","Pommel Strike"],"picked":"Warcry+1","floor":18.0},{"not_picked":["Entrench","Headbutt"],"picked":"Shrug It Off","floor":19.0},{"not_picked":["Twin Strike","Sword Boomerang"],"picked":"Perfected Strike+1","floor":22.0},{"not_picked":["Headbutt","Twin Strike","Reckless Charge"],"picked":"SKIP","floor":23.0},{"not_picked":["Reckless Charge","Warcry+1"],"picked":"Flex","floor":25.0},{"not_picked":["Rupture+1","Searing Blow"],"picked":"Armaments+1","floor":27.0},{"not_picked":["Clash","Flame Barrier"],"picked":"Shrug It Off+1","floor":31}],"player_experience":20947,"relics_obtained":[{"floor":9.0,"key":"Bottled Flame"},{"floor":11.0,"key":"Red Skull"},{"floor":13.0,"key":"Frozen Egg 2"},{"floor":14.0,"key":"Odd Mushroom"},{"floor":23.0,"key":"Pantograph"},{"floor":23.0,"key":"Whetstone"},{"floor":26.0,"key":"Strawberry"}],"event_choices":[{"damage_healed":6.0,"max_hp_gain":0.0,"max_hp_loss":0.0,"gold_gain":0.0,"event_name":"Wheel of Change","player_choice":"Full Heal","floor":2.0,"gold_loss":0.0,"damage_taken":0.0},{"damage_healed":0.0,"max_hp_gain":0.0,"max_hp_loss":0.0,"gold_gain":0.0,"event_name":"Mushrooms","player_choice":"Fought Mushrooms","floor":14.0,"gold_loss":0.0,"damage_taken":0.0},{"damage_healed":0.0,"max_hp_gain":0.0,"max_hp_loss":0.0,"gold_gain":0.0,"event_name":"FaceTrader","player_choice":"Leave","floor":20.0,"gold_loss":0.0,"damage_taken":0.0},{"damage_healed":0,"gold_gain":0,"player_choice":"Opened","damage_taken":0,"relics_obtained":["PreservedInsect"],"max_hp_gain":0,"max_hp_loss":0,"event_name":"The Mausoleum","floor":28,"gold_loss":0,"cards_obtained":["Writhe"]},{"damage_healed":0,"gold_gain":0,"player_choice":"Upgraded Two","damage_taken":0,"max_hp_gain":0,"max_hp_loss":0,"event_name":"Designer","floor":30,"gold_loss":40,"cards_upgraded":["Iron Wave","Defend_R"]}],"is_beta":false,"boss_relics":[{"not_picked":["Astrolabe","Sozu"],"picked":"Black Star"}],"items_purged_floors":[4],"is_endless":false,"potions_floor_spawned":[3,7,18,22,31],"killed_by":"Automaton","ascension_level":0}