{"gold_per_floor":[16,29,29,29,43,43,70,70,93,18,30,30,46,71,71,144,144,161,86,86,101,118,153,153,153],"floor_reached":25,"playtime":1015,"items_purged":["Regret"],"score":499,"play_id":"ce824b7a-5b55-459d-9d2c-201062b1d0d6","local_time":"20181229214317","is_ascension_mode":true,"campfire_choices":[{"floor":6.0,"key":"REST"},{"data":"Defragment","floor":12.0,"key":"SMITH"},{"floor":15.0,"key":"REST"},{"floor":24.0,"key":"REST"}],"neow_cost":"NO_GOLD","seed_source_timestamp":7796493845333,"circlet_count":0,"master_deck":["AscendersBane","Strike_B","Strike_B+1","Defend_B","Defend_B","Defend_B","Defend_B","Zap+1","Dualcast","Electrodynamics","Chill","Defragment+1","Conserve Battery","Leap","Amplify","Conserve Battery","White Noise","Meteor Strike","Capacitor","Electrodynamics","Undo","Ball Lightning","Steam","Glacier","Capacitor","Thunder Strike"],"special_seed":0,"relics":["Cracked Core","Mummified Hand","Happy Flower","Smiling Mask","Orrery","Nloth\u0027s Gift","Kunai"],"potions_floor_usage":[25,25],"damage_taken":[{"damage":7.0,"enemies":"Jaw Worm","floor":1.0,"turns":3.0},{"damage":9.0,"enemies":"2 Louse","floor":2.0,"turns":2.0},{"damage":0.0,"enemies":"Cultist","floor":5.0,"turns":3.0},{"damage":0.0,"enemies":"3 Sentries","floor":7.0,"turns":6.0},{"damage":3.0,"enemies":"Looter","floor":11.0,"turns":3.0},{"damage":13.0,"enemies":"Large Slime","floor":13.0,"turns":3.0},{"damage":23.0,"enemies":"Gremlin Nob","floor":14.0,"turns":4.0},{"damage":24.0,"enemies":"Slime Boss","floor":16.0,"turns":6.0},{"damage":0.0,"enemies":"Shell Parasite","floor":18.0,"turns":4.0},{"damage":0.0,"enemies":"Chosen","floor":21.0,"turns":6.0},{"damage":5.0,"enemies":"Snake Plant","floor":22.0,"turns":3.0},{"damage":53.0,"enemies":"Book of Stabbing","floor":23.0,"turns":5.0},{"damage":24,"enemies":"Gremlin Leader","floor":25,"turns":5}],"seed_played":"7512287537227144936","potions_obtained":[{"floor":1.0,"key":"LiquidBronze"},{"floor":7.0,"key":"Dexterity Potion"},{"floor":16.0,"key":"Weak Potion"},{"floor":18.0,"key":"FearPotion"},{"floor":22.0,"key":"Ancient Potion"}],"is_trial":false,"path_per_floor":["M","M","?","M","R","E","?","T","$","M","R","M","R","B",null,"?","?","M","M","R"],"character_chosen":"DEFECT","items_purchased":[],"campfire_rested":3,"item_purchase_floors":[],"current_hp_per_floor":[57,48,27,27,27,48,55,55,55,55,52,52,39,16,39,15,62,62,62,62,62,57,4,27,3],"gold":153,"neow_bonus":"THREE_RARE_CARDS","is_prod":false,"is_daily":false,"chose_seed":false,"campfire_upgraded":1,"win_rate":0,"timestamp":1546116197,"path_taken":["M","M","?","?","?","R","E","?","T","$","M","R","M","E","R","BOSS","M","?","?","?","M","E","R","E"],"build_version":"2018-12-25","purchased_purges":1,"victory":false,"max_hp_per_floor":[71,71,71,71,71,71,78,78,78,78,78,78,78,78,78,78,78,78,78,78,78,78,78,78,78],"card_choices":[{"not_picked":["Meteor Strike","All For One"],"picked":"Electrodynamics","floor":0.0},{"not_picked":["Recycle","Force Field","Aggregate"],"picked":"SKIP","floor":1.0},{"not_picked":["Ball Lightning","Recycle"],"picked":"Chill","floor":2.0},{"not_picked":["Rebound","Streamline"],"picked":"Conserve Battery","floor":5.0},{"not_picked":["Reprogram","Beam Cell"],"picked":"Leap","floor":7.0},{"not_picked":["Barrage","Aggregate"],"picked":"Amplify","floor":11.0},{"not_picked":["Redo","Ball Lightning"],"picked":"Conserve Battery","floor":13.0},{"not_picked":["Coolheaded","Stack"],"picked":"White Noise","floor":14.0},{"not_picked":["Electrodynamics","Reboot"],"picked":"Meteor Strike","floor":16.0},{"not_picked":["Hologram","Sweeping Beam"],"picked":"Capacitor","floor":17.0},{"not_picked":["Fusion","Turbo"],"picked":"Electrodynamics","floor":17.0},{"not_picked":["Sweeping Beam","Barrage"],"picked":"Undo","floor":17.0},{"not_picked":["Recycle","Rebound"],"picked":"Ball Lightning","floor":17.0},{"not_picked":["Sunder","Compile Driver"],"picked":"Steam","floor":17.0},{"not_picked":["Reprogram","Stack"],"picked":"Glacier","floor":18.0},{"not_picked":["Skim","Gash","Streamline"],"picked":"SKIP","floor":21.0},{"not_picked":["Compile Driver","Streamline"],"picked":"Capacitor","floor":22.0},{"not_picked":["Reprogram","Static Discharge"],"picked":"Thunder Strike","floor":23.0}],"player_experience":878475,"relics_obtained":[{"floor":7.0,"key":"Strawberry"},{"floor":9.0,"key":"Happy Flower"},{"floor":14.0,"key":"Smiling Mask"},{"floor":23.0,"key":"Kunai"}],"event_choices":[{"damage_healed":0.0,"max_hp_gain":0.0,"max_hp_loss":0.0,"gold_gain":0.0,"event_name":"Shining Light","player_choice":"Entered Light","floor":3.0,"gold_loss":0.0,"damage_taken":21.0,"cards_upgraded":["Strike_B","Zap"]},{"damage_healed":0.0,"max_hp_gain":0.0,"max_hp_loss":0.0,"gold_gain":0.0,"cards_transformed":["Strike_B"],"event_name":"Transmorgrifier","player_choice":"Transformed","floor":4.0,"gold_loss":0.0,"damage_taken":0.0,"cards_obtained":["Defragment"]},{"damage_healed":0.0,"max_hp_gain":0.0,"max_hp_loss":0.0,"gold_gain":0.0,"event_name":"Big Fish","player_choice":"Box","floor":8.0,"gold_loss":0.0,"damage_taken":0.0,"relics_obtained":["Mummified Hand"],"cards_obtained":["Regret"]},{"cards_removed":["Strike_B"],"damage_healed":0.0,"max_hp_gain":0.0,"max_hp_loss":0.0,"gold_gain":0.0,"event_name":"Beggar","player_choice":"Gave Gold","floor":19.0,"gold_loss":75.0,"damage_taken":0.0},{"damage_healed":0.0,"max_hp_gain":0.0,"max_hp_loss":0.0,"gold_gain":0.0,"event_name":"N\u0027loth","player_choice":"Traded Relic","floor":20.0,"relics_lost":["Strawberry"],"gold_loss":0.0,"damage_taken":0.0,"relics_obtained":["Nloth\u0027s Gift"]}],"is_beta":true,"boss_relics":[{"not_picked":["FrozenCore","Lizard Tail"],"picked":"Orrery"}],"items_purged_floors":[10],"is_endless":false,"potions_floor_spawned":[1,7,13,16,18,22],"killed_by":"Gremlin Leader","ascension_level":19}