{"gold_per_floor":[115,135,148,148,68,68,21,21,101,118,138,138,158,169,169,265,265,205,205,205,205,4,4,4,4,4,4,4,4,4,4,4,4,4,4,4,4,4,4,4,4,4,4,4,4,4,4,4,4,4],"floor_reached":51,"playtime":2671,"items_purged":["Strike_B"],"score":643,"play_id":"772b9211-c5c2-4d8c-a511-580f73d026bd","local_time":"20190226215140","is_ascension_mode":false,"campfire_choices":[{"data":"Zap","floor":6,"key":"SMITH"},{"data":"Zap","floor":12,"key":"SMITH"},{"floor":15,"key":"REST"},{"data":"Coolheaded","floor":23,"key":"SMITH"},{"data":"Coolheaded","floor":25,"key":"SMITH"},{"data":"Barrage","floor":27,"key":"SMITH"},{"floor":32,"key":"REST"},{"data":"Conserve Battery","floor":40,"key":"SMITH"},{"data":"Conserve Battery","floor":46,"key":"SMITH"},{"floor":49,"key":"REST"}],"neow_cost":"NONE","seed_source_timestamp":7142910990696,"circlet_count":0,"master_deck":["Strike_B","Strike_B+1","Defend_B","Defend_B","Defend_B","Defend_B","Zap+1","Dualcast+1","Gash","Chill","Barrage+1","All For One+1","Cold Snap","Zap+1","Conserve Battery+1","Conserve Battery+1","All For One","Cold Snap+1","Chill","Melter","Coolheaded+1","Coolheaded+1","Hologram","Capacitor+1","Core Surge","Barrage+1","Capacitor+1","Parasite","Seek"],"relics":["Cracked Core","Meat on the Bone","Ectoplasm","Red Mask","Bottled Lightning","Cursed Key","Turnip"],"potions_floor_usage":[47,50,50,50],"damage_taken":[{"damage":0,"enemies":"Small Slimes","floor":1,"turns":3},{"damage":0,"enemies":"Cultist","floor":2,"turns":4},{"damage":0,"enemies":"2 Louse","floor":3,"turns":2},{"damage":1,"enemies":"Large Slime","floor":10,"turns":4},{"damage":5,"enemies":"3 Louse","floor":11,"turns":4},{"damage":0,"enemies":"Gremlin Gang","floor":13,"turns":4},{"damage":16,"enemies":"Exordium Thugs","floor":14,"turns":4},{"damage":5,"enemies":"Slime Boss","floor":16,"turns":9},{"damage":9,"enemies":"2 Thieves","floor":18,"turns":4},{"damage":23,"enemies":"Masked Bandits","floor":19,"turns":5},{"damage":0,"enemies":"Shell Parasite","floor":24,"turns":4},{"damage":0,"enemies":"Snecko","floor":28,"turns":3},{"damage":0,"enemies":"3 Cultists","floor":30,"turns":4},{"damage":1,"enemies":"Centurion and Healer","floor":31,"turns":3},{"damage":27,"enemies":"Automaton","floor":33,"turns":11},{"damage":5,"enemies":"Orb Walker","floor":35,"turns":3},{"damage":2,"enemies":"3 Shapes","floor":36,"turns":6},{"damage":0,"enemies":"Mind Bloom Boss Battle","floor":37,"turns":5},{"damage":3,"enemies":"3 Darklings","floor":41,"turns":7},{"damage":0,"enemies":"Sphere and 2 Shapes","floor":42,"turns":5},{"damage":9,"enemies":"Writhing Mass","floor":44,"turns":6},{"damage":17,"enemies":"Transient","floor":47,"turns":5},{"damage":3,"enemies":"Jaw Worm Horde","floor":48,"turns":4},{"damage":25,"enemies":"Awakened One","floor":50,"turns":12}],"seed_played":"7571397860499496722","potions_obtained":[{"floor":1,"key":"FocusPotion"},{"floor":11,"key":"Ancient Potion"},{"floor":14,"key":"Weak Potion"},{"floor":31,"key":"PowerPotion"},{"floor":47,"key":"Dexterity Potion"}],"is_trial":false,"path_per_floor":["M","M","M","?","$","R","$","?","T","M","M","R","M","M","R","B",null,"M","?","?","?","$","R","M","R","T","R","M","?","M","M","R","B",null,"M","M","?","?","$","R","M","M","T","M","?","R","M","M","R","B",null],"character_chosen":"DEFECT","items_purchased":["All For One","Cold Snap","Melter","Coolheaded"],"campfire_rested":3,"item_purchase_floors":[5,7,22,22],"current_hp_per_floor":[75,75,75,60,60,60,60,60,60,59,54,54,54,38,60,55,75,66,43,43,43,43,43,43,43,43,43,43,43,43,42,64,49,75,70,68,68,68,68,68,65,65,65,56,56,56,39,36,57,44],"gold":4,"neow_bonus":"REMOVE_CARD","is_prod":false,"is_daily":false,"chose_seed":false,"campfire_upgraded":7,"win_rate":0,"timestamp":1551185500,"path_taken":["M","M","M","?","$","R","$","?","T","?","M","R","M","M","R","BOSS","M","?","?","?","$","R","M","R","T","R","M","?","M","?","R","BOSS","M","M","?","?","$","R","M","M","T","?","?","R","M","M","R","BOSS"],"build_version":"2019-01-23","purchased_purges":1,"victory":true,"max_hp_per_floor":[75,75,75,75,75,75,75,75,75,75,75,75,75,75,75,75,75,75,75,75,75,75,75,75,75,75,75,75,75,75,75,75,75,75,75,75,75,75,75,75,75,75,75,75,71,71,71,71,71,71],"card_choices":[{"not_picked":["Fusion","Conserve Battery"],"picked":"Gash","floor":1},{"not_picked":["Fusion","Doom and Gloom"],"picked":"Chill","floor":2},{"not_picked":["Static Discharge","Steam"],"picked":"Barrage","floor":3},{"not_picked":["Go for the Eyes","Heatsinks"],"picked":"Conserve Battery","floor":10},{"not_picked":["Go for the Eyes","Blizzard"],"picked":"Conserve Battery","floor":11},{"not_picked":["Lockon","Conserve Battery","Barrage"],"picked":"SKIP","floor":13},{"not_picked":["Leap","Steam","Conserve Battery"],"picked":"SKIP","floor":14},{"not_picked":["Amplify","Electrodynamics"],"picked":"All For One","floor":16},{"not_picked":["Leap","Fusion+1"],"picked":"Cold Snap+1","floor":18},{"not_picked":["Compile Driver","Steam"],"picked":"Chill","floor":19},{"not_picked":["Conserve Battery","Rebound"],"picked":"Coolheaded","floor":24},{"not_picked":["Reinforced Body","Coolheaded"],"picked":"Hologram","floor":28},{"not_picked":["Streamline","Conserve Battery","Double Energy+1"],"picked":"SKIP","floor":30},{"not_picked":["Loop","Hologram"],"picked":"Capacitor","floor":31},{"not_picked":["Buffer","Fission"],"picked":"Core Surge","floor":33},{"not_picked":["Sweeping Beam+1","BootSequence","Turbo+1"],"picked":"SKIP","floor":35},{"not_picked":["Coolheaded","Force Field+1"],"picked":"Barrage+1","floor":36},{"not_picked":["Chaos","Tempest","Double Energy"],"picked":"SKIP","floor":41},{"not_picked":["Hello World+1","Coolheaded+1"],"picked":"Capacitor+1","floor":42},{"not_picked":["Compile Driver","Ball Lightning+1","Streamline"],"picked":"SKIP","floor":44},{"not_picked":["Streamline+1","BootSequence","Turbo+1"],"picked":"SKIP","floor":47},{"not_picked":["Hologram+1","Gash+1"],"picked":"Seek","floor":48}],"player_experience":519908,"relics_obtained":[{"floor":9,"key":"Meat on the Bone"},{"floor":19,"key":"Red Mask"},{"floor":26,"key":"Bottled Lightning"},{"floor":37,"key":"Turnip"}],"event_choices":[{"damage_healed":0,"gold_gain":0,"player_choice":"Entered Light","damage_taken":15,"max_hp_gain":0,"max_hp_loss":0,"event_name":"Shining Light","floor":4,"gold_loss":0,"cards_upgraded":["Dualcast","Strike_B"]},{"damage_healed":0,"gold_gain":0,"player_choice":"1 cards matched","damage_taken":0,"max_hp_gain":0,"max_hp_loss":0,"event_name":"Match and Keep!","floor":8,"gold_loss":0,"cards_obtained":["Zap"]},{"damage_healed":0,"gold_gain":0,"player_choice":"Fought Bandits","damage_taken":0,"max_hp_gain":0,"max_hp_loss":0,"event_name":"Masked Bandits","floor":19,"gold_loss":0},{"damage_healed":0,"gold_gain":99,"player_choice":"Stole From Cult","damage_taken":0,"max_hp_gain":0,"max_hp_loss":0,"event_name":"Nest","floor":20,"gold_loss":0},{"damage_healed":0,"gold_gain":0,"player_choice":"Ignored","damage_taken":0,"max_hp_gain":0,"max_hp_loss":0,"event_name":"Vampires","floor":21,"gold_loss":0},{"damage_healed":0,"gold_gain":0,"player_choice":"Upgraded","damage_taken":0,"max_hp_gain":0,"max_hp_loss":0,"event_name":"Upgrade Shrine","floor":29,"gold_loss":0,"cards_upgraded":["All For One"]},{"damage_healed":0,"gold_gain":0,"player_choice":"Fight","damage_taken":0,"max_hp_gain":0,"max_hp_loss":0,"event_name":"MindBloom","floor":37,"gold_loss":0},{"damage_healed":0,"gold_gain":0,"player_choice":"Upgraded","damage_taken":0,"max_hp_gain":0,"max_hp_loss":0,"event_name":"Upgrade Shrine","floor":38,"gold_loss":0,"cards_upgraded":["Capacitor"]},{"damage_healed":0,"gold_gain":0,"player_choice":"Max HP","damage_taken":0,"max_hp_gain":0,"max_hp_loss":4,"event_name":"Winding Halls","floor":45,"gold_loss":0}],"is_beta":false,"boss_relics":[{"not_picked":["Eternal Feather","Velvet Choker"],"picked":"Ectoplasm"},{"not_picked":["Lizard Tail","White Beast Statue"],"picked":"Cursed Key"}],"items_purged_floors":[22],"is_endless":false,"potions_floor_spawned":[1,11,14,18,31,35,42,44,47],"ascension_level":0}