{"gold_per_floor":[118,129,148,161,181,208,208,241,241,241,241,269,269,287,287,383,383,394,394,394,406,260,274,306,306,357,357,357,357,282,295,295,396,396,408,422,47,47,0,0,20,20,46,46,46,46,0,10,10,10],"floor_reached":50,"playtime":4600,"items_purged":["Strike_R","Defend_R"],"score":502,"play_id":"e585ccc7-429f-476a-80f6-1b3cf3936a5b","local_time":"20180806123100","is_ascension_mode":true,"campfire_choices":[{"data":"Immolate","floor":7,"key":"SMITH"},{"data":"Dual Wield","floor":10,"key":"SMITH"},{"data":"Evolve","floor":13,"key":"SMITH"},{"data":"Reckless Charge","floor":15,"key":"SMITH"},{"data":"Power Through","floor":25,"key":"SMITH"},{"data":"Bash","floor":27,"key":"SMITH"},{"data":"Double Tap","floor":29,"key":"SMITH"},{"data":"Metallicize","floor":32,"key":"SMITH"},{"data":"Seeing Red","floor":40,"key":"SMITH"},{"data":"Immolate","floor":44,"key":"SMITH"},{"data":"Evolve","floor":46,"key":"SMITH"},{"floor":49,"key":"REST"}],"neow_cost":"NONE","seed_source_timestamp":874510905903839,"circlet_count":0,"master_deck":["Strike_R","Strike_R","Strike_R","Defend_R","Defend_R","Defend_R","Bash+1","Immolate+1","Reckless Charge+1","Dual Wield+1","Warcry","Iron Wave","Cleave","Metallicize+1","Pommel Strike","Evolve+1","Armaments","Double Tap+1","Clothesline+1","Evolve+1","Cleave","Power Through+1","Shockwave+1","Immolate+1","Headbutt","Rage","Armaments","Clothesline","Warcry+1","Reckless Charge","Seeing Red+1","Secret Technique","Headbutt+1","Headbutt"],"relics":["Burning Blood","Mercury Hourglass","Orichalcum","Juzu Bracelet","Boot","Eternal Feather","Paper Frog","Bag of Marbles","Enchiridion","Orrery","Medical Kit","Red Mask","Thread and Needle","Bag of Preparation"],"potions_floor_usage":[6,6,16,31,33,33,33,42,50],"damage_taken":[{"damage":1,"enemies":"Cultist","floor":1,"turns":3},{"damage":8,"enemies":"Jaw Worm","floor":2,"turns":3},{"damage":11,"enemies":"2 Louse","floor":3,"turns":2},{"damage":4,"enemies":"Exordium Thugs","floor":4,"turns":4},{"damage":5,"enemies":"Lots of Slimes","floor":5,"turns":3},{"damage":11,"enemies":"Lagavulin","floor":6,"turns":5},{"damage":9,"enemies":"Gremlin Nob","floor":8,"turns":3},{"damage":2,"enemies":"3 Sentries","floor":12,"turns":2},{"damage":0,"enemies":"2 Fungi Beasts","floor":14,"turns":1},{"damage":1,"enemies":"Slime Boss","floor":16,"turns":7},{"damage":0,"enemies":"Spheric Guardian","floor":18,"turns":1},{"damage":20,"enemies":"Shell Parasite","floor":21,"turns":6},{"damage":10,"enemies":"3 Cultists","floor":23,"turns":4},{"damage":28,"enemies":"Slavers","floor":24,"turns":4},{"damage":2,"enemies":"Snecko","floor":31,"turns":3},{"damage":53,"enemies":"Champ","floor":33,"turns":11},{"damage":29,"enemies":"Flame Bruiser 1 Orb","floor":35,"turns":7},{"damage":4,"enemies":"3 Darklings","floor":36,"turns":2},{"damage":37,"enemies":"4 Shapes","floor":41,"turns":4},{"damage":0,"floor":42,"turns":4},{"damage":73,"enemies":"Flame Bruiser 2 Orb","floor":48,"turns":6},{"damage":77,"enemies":"Time Eater","floor":50,"turns":7}],"seed_played":"7198194457611841111","potions_obtained":[{"floor":4,"key":"Block Potion"},{"floor":5,"key":"AttackPotion"},{"floor":12,"key":"GamblersBrew"},{"floor":14,"key":"SpeedPotion"},{"floor":16,"key":"SkillPotion"},{"floor":24,"key":"Explosive Potion"},{"floor":31,"key":"Dexterity Potion"},{"floor":36,"key":"Regen Potion"},{"floor":41,"key":"Regen Potion"}],"is_trial":false,"path_per_floor":["M","M","M","M","M","E","R","E","T","R","?","E","R","M","R","B",null,"M","?","?","M","$","M","E","R","T","R","?","R","?","M","R","B",null,"M","M","$","?","?","R","M","?","T","R","$","R","$","M","R"],"character_chosen":"IRONCLAD","items_purchased":["Evolve","Seeing Red","Medical Kit","Headbutt"],"campfire_rested":1,"item_purchase_floors":[22,37,37,47],"current_hp_per_floor":[80,78,73,75,76,71,71,68,68,68,65,69,69,75,75,80,80,80,80,80,66,66,62,40,52,52,64,48,60,60,64,76,29,80,57,59,59,59,59,77,46,61,61,79,79,80,80,13,55,0],"gold":10,"neow_bonus":"ONE_RANDOM_RARE_CARD","is_prod":false,"is_daily":false,"chose_seed":false,"campfire_upgraded":11,"win_rate":0,"timestamp":1533583860,"path_taken":["M","M","M","M","M","E","R","E","T","R","?","E","R","M","R","BOSS","M","?","?","M","$","M","E","R","T","R","?","R","?","M","R","BOSS","M","M","?","?","?","R","M","?","T","R","$","R","$","M","R","BOSS"],"build_version":"2018-08-02","purchased_purges":2,"victory":false,"max_hp_per_floor":[80,80,80,80,80,80,80,80,80,80,80,80,80,80,80,80,80,80,80,80,80,80,80,80,80,80,80,80,80,80,80,80,80,80,80,80,80,80,80,80,80,80,80,80,80,80,80,80,80,80],"card_choices":[{"not_picked":["Wild Strike","Shrug It Off"],"picked":"Reckless Charge","floor":1},{"not_picked":["Shockwave","Pommel Strike"],"picked":"Dual Wield","floor":2},{"not_picked":["Anger","Battle Trance"],"picked":"Warcry","floor":3},{"not_picked":["Warcry","Body Slam"],"picked":"Iron Wave","floor":4},{"not_picked":["Sword Boomerang","Iron Wave"],"picked":"Cleave","floor":5},{"not_picked":["Battle Trance","Heavy Blade"],"picked":"Metallicize","floor":6},{"not_picked":["Ghostly Armor","Heavy Blade"],"picked":"Pommel Strike","floor":8},{"not_picked":["Intimidate","Blood for Blood"],"picked":"Evolve","floor":12},{"not_picked":["Perfected Strike","Entrench"],"picked":"Armaments","floor":14},{"not_picked":["Feed","Impervious"],"picked":"Double Tap","floor":16},{"not_picked":["Carnage","Heavy Blade"],"picked":"Clothesline+1","floor":18},{"not_picked":["Anger","Iron Wave+1","Pummel"],"picked":"SKIP","floor":21},{"not_picked":["Pummel+1","Entrench"],"picked":"Cleave","floor":23},{"not_picked":["Shockwave","Berserk"],"picked":"Power Through","floor":24},{"not_picked":["Warcry","Perfected Strike+1"],"picked":"Shockwave+1","floor":31},{"not_picked":["Brutality","Feed"],"picked":"Immolate","floor":33},{"not_picked":["Bloodletting","Reaper"],"picked":"Headbutt","floor":34},{"not_picked":["Cleave+1","Sword Boomerang+1"],"picked":"Rage","floor":34},{"not_picked":["Entrench","Second Wind+1"],"picked":"Armaments","floor":34},{"not_picked":["Armaments","Sword Boomerang"],"picked":"Clothesline","floor":34},{"not_picked":["Twin Strike","Searing Blow"],"picked":"Warcry+1","floor":34},{"not_picked":["Iron Wave+1","Dual Wield"],"picked":"Reckless Charge","floor":35},{"not_picked":["Cleave","True Grit","Perfected Strike"],"picked":"SKIP","floor":36},{"not_picked":["Good Instincts","Dark Shackles"],"picked":"Secret Technique","floor":38},{"not_picked":["True Grit","Anger"],"picked":"Headbutt+1","floor":41},{"not_picked":["Corruption+1","Blood for Blood+1","Shrug It Off"],"picked":"SKIP","floor":48}],"player_experience":39389,"relics_obtained":[{"floor":6,"key":"Mercury Hourglass"},{"floor":8,"key":"Orichalcum"},{"floor":9,"key":"Juzu Bracelet"},{"floor":12,"key":"Boot"},{"floor":24,"key":"Paper Frog"},{"floor":26,"key":"Bag of Marbles"},{"floor":28,"key":"Enchiridion"},{"floor":42,"key":"Thread and Needle"},{"floor":43,"key":"Bag of Preparation"}],"event_choices":[{"event_name":"Scrap Ooze","player_choice":"unsuccessful","floor":11,"damage_taken":3},{"event_name":"Addict","player_choice":"Ignored","floor":19,"damage_taken":0},{"event_name":"Vampires","player_choice":"Ignored","floor":20,"damage_taken":0},{"event_name":"Cursed Tome","player_choice":"Obtained Book","floor":28,"damage_taken":0},{"event_name":"Beggar","player_choice":"Gave Gold","floor":30,"damage_taken":0},{"event_name":"SensoryStone","player_choice":"Memory 1","floor":38,"damage_taken":0},{"event_name":"Tomb of Lord Red Mask","player_choice":"Paid","floor":39,"damage_taken":0},{"event_name":"MindBloom","player_choice":"Fight","floor":42,"damage_taken":0}],"is_beta":false,"boss_relics":[{"not_picked":["Philosopher\u0027s Stone","Snecko Eye"],"picked":"Eternal Feather"},{"not_picked":["Calling Bell","Empty Cage"],"picked":"Orrery"}],"items_purged_floors":[22,37],"is_endless":false,"potions_floor_spawned":[4,5,12,14,16,24,31,36,41],"killed_by":"Time Eater","ascension_level":1}