{"gold_per_floor":[110,285,301,301,301,331,331,346,346,346,358,358,378,389,389,491,491,504,504,430,446,462,462,493,493,493,493,513,513,525,525],"floor_reached":31,"playtime":3075,"items_purged":[],"score":257,"play_id":"82cb2376-a8ae-4b7e-94dc-2bf6a4e51e18","local_time":"20190129232631","is_ascension_mode":false,"campfire_choices":[{"floor":7,"key":"REST"},{"data":"Streamline","floor":10,"key":"SMITH"},{"data":"Loop","floor":12,"key":"SMITH"},{"floor":15,"key":"REST"},{"floor":23,"key":"REST"},{"floor":25,"key":"REST"},{"data":"Static Discharge","floor":27,"key":"SMITH"}],"neow_cost":"NONE","seed_source_timestamp":103440810748711,"circlet_count":0,"master_deck":["Strike_B","Strike_B","Strike_B","Defend_B","Defend_B","Defend_B","Defend_B","Zap","Dualcast","Storm","Melter","Streamline+1","Doom and Gloom","Rebound","Loop+1","Rainbow","Static Discharge+1","Turbo+1","Go for the Eyes+1","Self Repair"],"relics":["Cracked Core","Shuriken","Strawberry","Lantern","Velvet Choker","Oddly Smooth Stone","Calipers","CultistMask"],"potions_floor_usage":[18,22,24,30],"damage_taken":[{"damage":7,"enemies":"2 Louse","floor":1,"turns":2},{"damage":5,"enemies":"Jaw Worm","floor":3,"turns":4},{"damage":35,"enemies":"3 Sentries","floor":6,"turns":8},{"damage":1,"enemies":"Cultist","floor":8,"turns":3},{"damage":11,"enemies":"Exordium Thugs","floor":11,"turns":4},{"damage":0,"enemies":"3 Louse","floor":13,"turns":2},{"damage":0,"enemies":"2 Fungi Beasts","floor":14,"turns":2},{"damage":60,"enemies":"The Guardian","floor":16,"turns":9},{"damage":13,"enemies":"3 Byrds","floor":18,"turns":4},{"damage":0,"enemies":"Chosen","floor":21,"turns":4},{"damage":35,"enemies":"Centurion and Healer","floor":22,"turns":5},{"damage":27,"enemies":"Book of Stabbing","floor":24,"turns":4},{"damage":18,"enemies":"Snake Plant","floor":28,"turns":3},{"damage":22,"enemies":"Cultist and Chosen","floor":30,"turns":4},{"damage":16,"enemies":"Shelled Parasite and Fungi","floor":31,"turns":2}],"seed_played":"8308186160859694859","potions_obtained":[{"floor":6,"key":"FairyPotion"},{"floor":11,"key":"Energy Potion"},{"floor":13,"key":"Fire Potion"},{"floor":18,"key":"FocusPotion"},{"floor":28,"key":"Poison Potion"}],"is_trial":false,"path_per_floor":["M","?","M","?","T","E","R","M","T","R","M","R","M","M","R","B",null,"M","?","$","M","M","R","E","R","T","R","M","?","M","M"],"character_chosen":"DEFECT","items_purchased":["Static Discharge"],"campfire_rested":4,"item_purchase_floors":[20],"current_hp_per_floor":[68,68,63,56,56,28,52,51,51,51,40,40,40,40,64,4,82,69,53,53,53,18,44,17,43,43,43,25,25,3,0],"gold":525,"neow_bonus":"TRANSFORM_CARD","is_prod":false,"is_daily":false,"chose_seed":false,"campfire_upgraded":3,"win_rate":0.0,"timestamp":1548800791,"path_taken":["M","?","M","?","?","E","R","M","T","R","M","R","M","M","R","BOSS","M","?","$","M","M","R","E","R","T","R","M","?","M","?"],"build_version":"2019-01-23","purchased_purges":0,"victory":false,"max_hp_per_floor":[75,75,75,75,75,82,82,82,82,82,82,82,82,82,82,82,82,82,87,87,87,87,87,87,87,87,87,87,87,87,87],"card_choices":[{"not_picked":["Steam","Rebound"],"picked":"Melter","floor":1},{"not_picked":["Rebound","Redo"],"picked":"Streamline","floor":3},{"not_picked":["Fission","Fusion"],"picked":"Doom and Gloom","floor":6},{"not_picked":["Barrage","Streamline"],"picked":"Rebound","floor":8},{"not_picked":["Coolheaded","Glacier"],"picked":"Loop","floor":11},{"not_picked":["Streamline","Barrage","Compile Driver"],"picked":"SKIP","floor":13},{"not_picked":["Cold Snap","Rebound","Streamline"],"picked":"SKIP","floor":14},{"not_picked":["Meteor Strike","All For One"],"picked":"Rainbow","floor":16},{"not_picked":["Rebound","Compile Driver","Streamline"],"picked":"SKIP","floor":18},{"not_picked":["Melter+1","Barrage"],"picked":"Turbo+1","floor":21},{"not_picked":["Gash+1","Cold Snap"],"picked":"Go for the Eyes+1","floor":22},{"not_picked":["Rainbow","Barrage"],"picked":"Self Repair","floor":24},{"not_picked":["Barrage","Sweeping Beam","Ball Lightning"],"picked":"SKIP","floor":28},{"not_picked":["Gash","Compile Driver","Leap"],"picked":"SKIP","floor":30}],"player_experience":105189,"relics_obtained":[{"floor":5,"key":"Shuriken"},{"floor":6,"key":"Strawberry"},{"floor":9,"key":"Lantern"},{"floor":24,"key":"Oddly Smooth Stone"},{"floor":26,"key":"Calipers"}],"event_choices":[{"damage_healed":0,"gold_gain":175,"player_choice":"AGREE","damage_taken":0,"max_hp_gain":0,"max_hp_loss":0,"event_name":"Liars Game","floor":2,"gold_loss":0,"cards_obtained":["Doubt"]},{"cards_removed":["Doubt"],"damage_healed":0,"gold_gain":0,"player_choice":"Card Removal","damage_taken":7,"max_hp_gain":0,"max_hp_loss":0,"event_name":"Golden Wing","floor":4,"gold_loss":0},{"damage_healed":0,"gold_gain":0,"player_choice":"Shed Blood","damage_taken":21,"max_hp_gain":5,"max_hp_loss":0,"event_name":"Forgotten Altar","floor":19,"gold_loss":0},{"damage_healed":0,"gold_gain":0,"player_choice":"Trade","damage_taken":0,"relics_obtained":["CultistMask"],"max_hp_gain":0,"max_hp_loss":0,"event_name":"FaceTrader","floor":29,"gold_loss":0}],"is_beta":false,"boss_relics":[{"not_picked":["Coffee Dripper","Busted Crown"],"picked":"Velvet Choker"}],"items_purged_floors":[],"is_endless":false,"potions_floor_spawned":[6,11,13,16,18,21,28],"killed_by":"Shelled Parasite and Fungi","ascension_level":0}