{"gold_per_floor":[110,127,140,24,24,50,68,79,79,109,109,119,136,136,136,241,241,261,281,292,303,403,403,403],"floor_reached":24,"playtime":1492,"items_purged":[],"score":307,"play_id":"382b93b1-4ab5-43ec-8dd1-d490a0b93928","local_time":"20190225215521","is_ascension_mode":true,"campfire_choices":[{"data":"True Grit","floor":11.0,"key":"SMITH"},{"data":"Bash","floor":15.0,"key":"SMITH"},{"data":"Limit Break","floor":23,"key":"SMITH"}],"neow_cost":"NONE","seed_source_timestamp":937591040361924,"circlet_count":0,"master_deck":["Strike_R","Strike_R","Strike_R","Strike_R","Defend_R","Defend_R","Defend_R","Defend_R","Bash+1","Cleave","Pommel Strike","Pommel Strike","Inflame","Shrug It Off","True Grit+1","Iron Wave","Limit Break+1","Anger","Headbutt","Parasite","Impervious","Feel No Pain+1","Warcry","Armaments+1"],"special_seed":0,"relics":["Burning Blood","Kunai","Mercury Hourglass","Ice Cream","Cursed Key"],"potions_floor_usage":[20,21],"damage_taken":[{"damage":19.0,"enemies":"Small Slimes","floor":1.0,"turns":5.0},{"damage":6.0,"enemies":"Cultist","floor":2.0,"turns":4.0},{"damage":4.0,"enemies":"2 Louse","floor":3.0,"turns":3.0},{"damage":16.0,"enemies":"Gremlin Nob","floor":6.0,"turns":3.0},{"damage":9.0,"enemies":"Exordium Wildlife","floor":7.0,"turns":6.0},{"damage":17.0,"enemies":"Lots of Slimes","floor":8.0,"turns":3.0},{"damage":25.0,"enemies":"Lagavulin","floor":10.0,"turns":8.0},{"damage":0.0,"enemies":"Large Slime","floor":12.0,"turns":6.0},{"damage":9.0,"enemies":"Looter","floor":13.0,"turns":3.0},{"damage":44.0,"enemies":"The Guardian","floor":16.0,"turns":10.0},{"damage":13.0,"enemies":"Shell Parasite","floor":18.0,"turns":5.0},{"damage":6,"enemies":"2 Thieves","floor":19,"turns":4},{"damage":15,"enemies":"Cultist and Chosen","floor":20,"turns":6},{"damage":7,"enemies":"Snecko","floor":21,"turns":5},{"damage":55,"enemies":"Book of Stabbing","floor":24,"turns":6}],"seed_played":"7031263743899670885","potions_obtained":[{"floor":0.0,"key":"EntropicBrew"},{"floor":0.0,"key":"Poison Potion"},{"floor":0.0,"key":"SmokeBomb"},{"floor":2.0,"key":"Regen Potion"},{"floor":6.0,"key":"Dexterity Potion"},{"floor":7.0,"key":"SteroidPotion"},{"floor":8.0,"key":"SkillPotion"},{"floor":20,"key":"SkillPotion"},{"floor":21,"key":"Explosive Potion"}],"is_trial":false,"path_per_floor":["M","M","M","$","?","E","M","M","T","E","R","M","M","?","R","B",null,"M","M","M","M","?","R","E"],"character_chosen":"IRONCLAD","items_purchased":["Inflame","Shrug It Off"],"campfire_rested":0,"item_purchase_floors":[4,4],"current_hp_per_floor":[59,59,61,61,61,60,57,46,46,27,27,33,30,50,50,27,67,60,60,51,50,50,50,0],"gold":403,"neow_bonus":"THREE_SMALL_POTIONS","is_prod":false,"is_daily":false,"chose_seed":false,"campfire_upgraded":3,"win_rate":0,"timestamp":1551160521,"path_taken":["M","M","M","$","?","E","?","M","T","E","R","M","M","?","R","BOSS","M","M","M","M","?","R","E"],"build_version":"2019-01-23","purchased_purges":0,"victory":false,"max_hp_per_floor":[80,80,80,80,80,80,80,80,80,80,80,80,80,80,80,80,80,80,80,80,80,80,80,80],"card_choices":[{"not_picked":["Perfected Strike","Shrug It Off"],"picked":"Cleave","floor":1.0},{"not_picked":["Wild Strike","Twin Strike"],"picked":"Pommel Strike","floor":2.0},{"not_picked":["Sword Boomerang","Bludgeon"],"picked":"Pommel Strike","floor":3.0},{"not_picked":["Flex","Cleave"],"picked":"True Grit","floor":6.0},{"not_picked":["Perfected Strike","Thunderclap","Dual Wield"],"picked":"SKIP","floor":7.0},{"not_picked":["Reckless Charge","True Grit"],"picked":"Iron Wave","floor":8.0},{"not_picked":["Hemokinesis","Rage"],"picked":"Limit Break","floor":10.0},{"not_picked":["Feel No Pain","Searing Blow"],"picked":"Anger","floor":12.0},{"not_picked":["Armaments","Reckless Charge"],"picked":"Headbutt","floor":13.0},{"not_picked":["Berserk","Fiend Fire"],"picked":"Impervious","floor":16.0},{"not_picked":["Sword Boomerang","Twin Strike"],"picked":"Feel No Pain+1","floor":18.0},{"not_picked":["Clash","Cleave"],"picked":"Warcry","floor":19},{"not_picked":["Combust+1","Blood for Blood","Second Wind"],"picked":"SKIP","floor":20},{"not_picked":["Pommel Strike","Hemokinesis"],"picked":"Armaments+1","floor":21}],"player_experience":492013,"relics_obtained":[{"floor":6.0,"key":"Kunai"},{"floor":9.0,"key":"Mercury Hourglass"},{"floor":10.0,"key":"Ice Cream"}],"event_choices":[{"cards_removed":["Strike_R"],"damage_healed":0.0,"max_hp_gain":0.0,"max_hp_loss":0.0,"gold_gain":0.0,"event_name":"Purifier","player_choice":"Purged","floor":5.0,"gold_loss":0.0,"damage_taken":0.0},{"damage_healed":20.0,"max_hp_gain":0.0,"max_hp_loss":0.0,"gold_gain":0.0,"event_name":"Mushrooms","player_choice":"Healed and dodged fight","floor":14.0,"gold_loss":0.0,"damage_taken":0.0,"cards_obtained":["Parasite"]},{"damage_healed":0,"gold_gain":100,"player_choice":"Pray","damage_taken":0,"max_hp_gain":0,"max_hp_loss":0,"event_name":"Golden Shrine","floor":22,"gold_loss":0}],"is_beta":false,"boss_relics":[{"not_picked":["Fusion Hammer","Runic Dome"],"picked":"Cursed Key"}],"items_purged_floors":[],"is_endless":false,"potions_floor_spawned":[2,6,7,8,20,21],"killed_by":"Book of Stabbing","ascension_level":9}