{"gold_per_floor":[116,116,116,126,126,126,154,165,220,230,230,305,305,330,330,433,433,444,354,364,364,376,376,411,424,450,469,394,115,115,144,144,144],"floor_reached":33,"playtime":2517,"items_purged":["Strike_G"],"score":391,"play_id":"87792885-3d77-45d9-b00c-76223549f090","local_time":"20180927094203","is_ascension_mode":true,"campfire_choices":[{"floor":6,"key":"REST"},{"data":"Corpse Explosion","floor":11,"key":"SMITH"},{"floor":13,"key":"REST"},{"data":"Leg Sweep","floor":15,"key":"SMITH"},{"data":"Footwork","floor":23,"key":"SMITH"},{"data":"Crippling Poison","floor":32,"key":"SMITH"}],"neow_cost":"PERCENT_DAMAGE","seed_source_timestamp":783293836277113,"circlet_count":0,"master_deck":["Defend_G","Defend_G","Defend_G","Defend_G","Defend_G","Strike_G","Survivor","Neutralize","Corpse Explosion+1","Leg Sweep+1","Crippling Poison+1","Cloak And Dagger","Dagger Throw","Well Laid Plans","After Image+1","Escape Plan","Leg Sweep","Footwork+1","Flying Knee+1","Deadly Poison+1","Venomology","Deflect","Crippling Poison"],"relics":["Ring of the Snake","Gremlin Horn","Blue Candle","Pear","Vajra","Strawberry","Coffee Dripper","Bronze Scales","Lantern","Sling","Nilry\u0027s Codex","Letter Opener"],"potions_floor_usage":[14,14,14,24,27,31,31,31,33],"damage_taken":[{"damage":8,"enemies":"Small Slimes","floor":1,"turns":5},{"damage":0,"enemies":"Cultist","floor":4,"turns":4},{"damage":22,"enemies":"3 Sentries","floor":7,"turns":4},{"damage":0,"enemies":"2 Louse","floor":8,"turns":2},{"damage":0,"enemies":"Exordium Wildlife","floor":10,"turns":6},{"damage":4,"enemies":"Lagavulin","floor":14,"turns":6},{"damage":20,"enemies":"Hexaghost","floor":16,"turns":12},{"damage":0,"enemies":"Shell Parasite","floor":18,"turns":6},{"damage":2,"enemies":"Spheric Guardian","floor":20,"turns":5},{"damage":12,"enemies":"Snake Plant","floor":22,"turns":5},{"damage":22,"enemies":"Slavers","floor":24,"turns":5},{"damage":5,"enemies":"Centurion and Healer","floor":25,"turns":5},{"damage":0,"enemies":"Snecko","floor":27,"turns":7},{"damage":2,"enemies":"Gremlin Leader","floor":31,"turns":8},{"damage":20,"enemies":"Collector","floor":33,"turns":5}],"seed_played":"6298262612322919853","potions_obtained":[{"floor":1,"key":"GhostInAJar"},{"floor":8,"key":"SkillPotion"},{"floor":10,"key":"Energy Potion"},{"floor":20,"key":"Swift Potion"},{"floor":24,"key":"SpeedPotion"}],"is_trial":false,"path_per_floor":["M","?","?","M","T","R","E","M","T","M","R","?","R","E","R","B",null,"M","?","M","?","M","R","E","M","T","M","?","$","?","E","R"],"character_chosen":"THE_SILENT","items_purchased":["Sling"],"campfire_rested":2,"item_purchase_floors":[29],"current_hp_per_floor":[41,41,29,29,29,50,38,38,38,38,38,27,51,54,54,34,74,74,74,72,72,60,60,38,33,33,33,33,33,17,15,15,0],"gold":144,"neow_bonus":"THREE_RARE_CARDS","is_prod":false,"is_daily":false,"chose_seed":false,"campfire_upgraded":4,"win_rate":0,"timestamp":1538016123,"path_taken":["M","?","?","M","?","R","E","M","T","M","R","?","R","E","R","BOSS","M","?","?","?","M","R","E","?","T","M","?","$","?","E","R","BOSS"],"build_version":"2018-09-20","purchased_purges":1,"victory":false,"max_hp_per_floor":[70,70,70,70,70,70,80,80,80,80,80,80,80,87,87,87,87,87,87,87,87,87,87,87,87,87,87,87,87,87,87,87,87],"card_choices":[{"not_picked":["Glass Knife","Unload"],"picked":"Corpse Explosion","floor":0},{"not_picked":["Crippling Poison","Outmaneuver"],"picked":"Leg Sweep","floor":1},{"not_picked":["Dodge and Roll","Slice"],"picked":"Crippling Poison","floor":4},{"not_picked":["All Out Attack","Finisher"],"picked":"Cloak And Dagger","floor":7},{"not_picked":["Setup","Slice","Deadly Poison"],"picked":"SKIP","floor":8},{"not_picked":["Unload","Underhanded Strike"],"picked":"Dagger Throw","floor":10},{"not_picked":["PiercingWail","Blade Dance"],"picked":"Well Laid Plans","floor":14},{"not_picked":["Doppelganger","Night Terror"],"picked":"After Image","floor":16},{"not_picked":["Tactician","Deflect"],"picked":"Escape Plan","floor":18},{"not_picked":["Finisher+1","Sucker Punch+1"],"picked":"Leg Sweep","floor":20},{"not_picked":["Cloak And Dagger","Dash"],"picked":"Flying Knee+1","floor":22},{"not_picked":["Flying Knee","Deflect+1"],"picked":"Deadly Poison+1","floor":24},{"not_picked":["Quick Slash","Dagger Throw"],"picked":"Venomology","floor":25},{"not_picked":["Choke","Flying Knee"],"picked":"Deflect","floor":27},{"not_picked":["Heel Hook","Bane+1"],"picked":"Crippling Poison","floor":31}],"player_experience":206028,"relics_obtained":[{"floor":5,"key":"Blue Candle"},{"floor":7,"key":"Pear"},{"floor":9,"key":"Vajra"},{"floor":14,"key":"Strawberry"},{"floor":24,"key":"Bronze Scales"},{"floor":26,"key":"Lantern"},{"floor":30,"key":"Nilry\u0027s Codex"},{"floor":31,"key":"Letter Opener"}],"event_choices":[{"event_name":"Purifier","player_choice":"One Purge","floor":2,"damage_taken":0},{"event_name":"Scrap Ooze","player_choice":"success","floor":3,"damage_taken":12},{"event_name":"World of Goop","player_choice":"Gather Gold","floor":12,"damage_taken":0},{"event_name":"Designer","player_choice":"Full Service","floor":19,"damage_taken":0},{"event_name":"The Library","player_choice":"Read","floor":21,"damage_taken":0},{"event_name":"Beggar","player_choice":"Gave Gold","floor":28,"damage_taken":0},{"event_name":"Cursed Tome","player_choice":"Obtained Book","floor":30,"damage_taken":0}],"is_beta":false,"boss_relics":[{"not_picked":["Ring of the Serpent","Snecko Eye"],"picked":"Coffee Dripper"}],"items_purged_floors":[29],"is_endless":false,"potions_floor_spawned":[1,8,10,20,24],"killed_by":"Collector","ascension_level":5}