{"gold_per_floor":[366,382,457,112,126,126,158,170,209,238,250,296,308,338,350,467,529,553,576,688,700,732,744,756,768,807,832,844,868,891,915,927,939],"floor_reached":33,"playtime":4442,"items_purged":[],"score":310,"play_id":"44099caf-bf39-493f-a93a-40bfe933a545","local_time":"20190218072334","is_ascension_mode":true,"campfire_choices":[{"data":"Neutralize","floor":6.0,"key":"SMITH"},{"data":"Tactician","floor":8.0,"key":"SMITH"},{"floor":11.0,"key":"REST"},{"floor":15.0,"key":"REST"},{"floor":23.0,"key":"REST"},{"data":"Phantasmal Killer","floor":25.0,"key":"SMITH"},{"floor":32,"key":"REST"}],"neow_cost":"TEN_PERCENT_HP_LOSS","seed_source_timestamp":0,"circlet_count":0,"master_deck":["Defend_G","Defend_G","Defend_G","Defend_G","Defend_G","Strike_G","Strike_G","Strike_G","Strike_G","Strike_G","Survivor","Neutralize+1","Tactician+1","Flying Knee","Endless Agony","Well Laid Plans","Backflip","Calculated Gamble+1","Terror","Choke","Finisher+1","Flying Knee","Phantasmal Killer+1","Choke","Blade Dance","Leg Sweep+1","PiercingWail","Deep Breath","Endless Agony+1","Predator+1","Cloak And Dagger","Footwork","Choke+1","Underhanded Strike+1"],"special_seed":0,"relics":["Ring of the Snake","Strange Spoon","MawBank","Anchor","Dream Catcher","Tiny House","WingedGreaves","Molten Egg 2","Lantern"],"potions_floor_usage":[31,33,33],"damage_taken":[{"damage":0.0,"enemies":"Jaw Worm","floor":1.0,"turns":5.0},{"damage":0.0,"enemies":"2 Louse","floor":2.0,"turns":5.0},{"damage":0.0,"enemies":"Small Slimes","floor":5.0,"turns":4.0},{"damage":35.0,"enemies":"3 Sentries","floor":7.0,"turns":13.0},{"damage":0.0,"enemies":"Exordium Thugs","floor":10.0,"turns":4.0},{"damage":3.0,"enemies":"Lagavulin","floor":12.0,"turns":9.0},{"damage":0.0,"enemies":"2 Fungi Beasts","floor":14.0,"turns":4.0},{"damage":34.0,"enemies":"Slime Boss","floor":16.0,"turns":8.0},{"damage":2.0,"enemies":"Chosen","floor":18.0,"turns":3.0},{"damage":20.0,"enemies":"Spheric Guardian","floor":19.0,"turns":4.0},{"damage":18.0,"enemies":"Colosseum Slavers","floor":20.0,"turns":4.0},{"damage":7.0,"enemies":"Colosseum Nobs","floor":20.0,"turns":5.0},{"damage":2.0,"enemies":"Chosen and Byrds","floor":22.0,"turns":6.0},{"damage":5.0,"enemies":"3 Cultists","floor":27.0,"turns":5.0},{"damage":4.0,"enemies":"Snake Plant","floor":29.0,"turns":4.0},{"damage":2,"enemies":"Shelled Parasite and Fungi","floor":30,"turns":3},{"damage":0,"enemies":"Snecko","floor":31,"turns":5},{"damage":78,"enemies":"Champ","floor":33,"turns":13}],"seed_played":"6609059693496682712","potions_obtained":[{"floor":2.0,"key":"Poison Potion"},{"floor":5.0,"key":"Swift Potion"},{"floor":12.0,"key":"FairyPotion"},{"floor":17.0,"key":"GamblersBrew"},{"floor":18.0,"key":"Poison Potion"},{"floor":22.0,"key":"GamblersBrew"},{"floor":31,"key":"Strength Potion"}],"is_trial":false,"path_per_floor":["M","M","?","$","M","R","E","R","T","M","R","E","?","M","R","B",null,"M","M","?","?","M","R","?","R","T","M","$","M","M","M","R","B"],"character_chosen":"THE_SILENT","items_purchased":["Strange Spoon","Endless Agony","Well Laid Plans"],"campfire_rested":4,"item_purchase_floors":[4,4,4],"current_hp_per_floor":[63,63,52,52,52,52,17,17,17,17,35,32,32,32,50,16,68,66,46,21,21,19,39,27,27,27,22,22,18,16,16,37,0],"gold":939,"neow_bonus":"TWO_FIFTY_GOLD","is_prod":false,"is_daily":false,"chose_seed":false,"campfire_upgraded":3,"win_rate":0,"timestamp":1550471014,"path_taken":["M","M","?","$","M","R","E","R","T","M","R","E","?","M","R","BOSS","M","M","?","?","?","R","?","R","T","M","$","M","M","M","R","BOSS"],"build_version":"2019-01-23","purchased_purges":0,"victory":false,"max_hp_per_floor":[63,63,63,63,63,63,63,63,63,63,63,63,63,63,63,63,68,68,68,68,68,68,68,73,73,73,73,73,73,73,73,73,73],"card_choices":[{"not_picked":["Deadly Poison","Quick Slash"],"picked":"Tactician","floor":1.0},{"not_picked":["Outmaneuver","Skewer"],"picked":"Flying Knee","floor":2.0},{"not_picked":["Bane","Poisoned Stab"],"picked":"Backflip","floor":5.0},{"not_picked":["Finisher","Underhanded Strike"],"picked":"Calculated Gamble","floor":7.0},{"not_picked":["PiercingWail","Leg Sweep"],"picked":"Terror","floor":10.0},{"not_picked":["Adrenaline","Acrobatics"],"picked":"Choke","floor":12.0},{"not_picked":["Underhanded Strike","Dodge and Roll"],"picked":"Finisher","floor":14.0},{"not_picked":["Catalyst","All Out Attack"],"picked":"Flying Knee","floor":15.0},{"not_picked":["Unload","Bullet Time"],"picked":"Phantasmal Killer","floor":16.0},{"not_picked":["Bane","Outmaneuver"],"picked":"Choke","floor":17.0},{"not_picked":["Slice","Catalyst"],"picked":"Blade Dance","floor":18.0},{"not_picked":["Underhanded Strike","Flying Knee+1"],"picked":"Leg Sweep+1","floor":19.0},{"not_picked":["Prepared","Distraction"],"picked":"PiercingWail","floor":20.0},{"not_picked":["Caltrops","PiercingWail","Prepared+1"],"picked":"SKIP","floor":22.0},{"not_picked":["Phantasmal Killer","Catalyst"],"picked":"Endless Agony+1","floor":23.0},{"not_picked":["Eviscerate+1","Bane+1"],"picked":"Predator+1","floor":27.0},{"not_picked":["Deflect","Dagger Spray+1"],"picked":"Cloak And Dagger","floor":29.0},{"not_picked":["Eviscerate+1","Quick Slash+1"],"picked":"Footwork","floor":30},{"not_picked":["Cloak And Dagger","Bane+1"],"picked":"Choke+1","floor":31},{"not_picked":["Crippling Poison","Masterful Stab+1"],"picked":"Underhanded Strike+1","floor":32}],"player_experience":211260,"relics_obtained":[{"floor":7.0,"key":"MawBank"},{"floor":9.0,"key":"Anchor"},{"floor":12.0,"key":"Dream Catcher"},{"floor":20.0,"key":"WingedGreaves"},{"floor":20.0,"key":"Molten Egg 2"},{"floor":26.0,"key":"Lantern"}],"event_choices":[{"damage_healed":0.0,"max_hp_gain":0.0,"max_hp_loss":0.0,"gold_gain":75.0,"event_name":"World of Goop","player_choice":"Gather Gold","floor":3.0,"gold_loss":0.0,"damage_taken":11.0},{"damage_healed":0.0,"max_hp_gain":0.0,"max_hp_loss":0.0,"gold_gain":0.0,"event_name":"Living Wall","player_choice":"Grow","floor":13.0,"gold_loss":0.0,"damage_taken":0.0,"cards_upgraded":["Calculated Gamble"]},{"damage_healed":0.0,"max_hp_gain":0.0,"max_hp_loss":0.0,"gold_gain":0.0,"event_name":"Colosseum","player_choice":"Fight","floor":20.0,"gold_loss":0.0,"damage_taken":0.0},{"damage_healed":0.0,"max_hp_gain":0.0,"max_hp_loss":0.0,"gold_gain":0.0,"event_name":"Colosseum","player_choice":"Fought Nobs","floor":20.0,"gold_loss":0.0,"damage_taken":0.0},{"damage_healed":0.0,"max_hp_gain":0.0,"max_hp_loss":0.0,"gold_gain":0.0,"event_name":"Match and Keep!","player_choice":"1 cards matched","floor":21.0,"gold_loss":0.0,"damage_taken":0.0,"cards_obtained":["Deep Breath"]},{"damage_healed":0.0,"max_hp_gain":5.0,"max_hp_loss":0.0,"gold_gain":0.0,"event_name":"Forgotten Altar","player_choice":"Shed Blood","floor":24.0,"gold_loss":0.0,"damage_taken":17.0}],"is_beta":false,"boss_relics":[{"not_picked":["Snecko Eye","Fusion Hammer"],"picked":"Tiny House"}],"items_purged_floors":[],"is_endless":false,"potions_floor_spawned":[2,5,12,18,22,30,31],"killed_by":"Champ","ascension_level":2}