{"gold_per_floor":[119,139,54,129,129,129,167,167,194,194,225,250,264,304,304,403,403,427,457,457,457,471,471],"floor_reached":23,"playtime":804,"items_purged":[],"score":452,"play_id":"0bf73e00-57ca-4ddf-9f30-d05882404dbf","local_time":"20181220205610","is_ascension_mode":true,"campfire_choices":[{"data":"Crippling Poison","floor":6.0,"key":"SMITH"},{"data":"Crippling Poison","floor":8.0,"key":"SMITH"},{"floor":15.0,"key":"REST"}],"neow_cost":"NONE","seed_source_timestamp":43127348335252,"circlet_count":0,"master_deck":["AscendersBane","Defend_G","Defend_G","Defend_G","Defend_G","Defend_G","Strike_G","Strike_G","Strike_G","Survivor","Neutralize","Crippling Poison+1","PiercingWail","Crippling Poison+1","Sucker Punch","After Image","Heel Hook","Noxious Fumes","Footwork","Writhe","Sucker Punch","A Thousand Cuts","Noxious Fumes"],"special_seed":0,"relics":["Ring of the Snake","NeowsBlessing","Golden Idol","Snake Skull","Anchor","Orichalcum","Regal Pillow","Ornamental Fan","Cursed Key","Tiny Chest"],"potions_floor_usage":[],"damage_taken":[{"damage":0.0,"enemies":"2 Louse","floor":1.0,"turns":1.0},{"damage":0.0,"enemies":"Small Slimes","floor":2.0,"turns":1.0},{"damage":0.0,"enemies":"Lagavulin","floor":7.0,"turns":1.0},{"damage":18.0,"enemies":"Gremlin Nob","floor":11.0,"turns":4.0},{"damage":0.0,"enemies":"Jaw Worm","floor":12.0,"turns":3.0},{"damage":11.0,"enemies":"Large Slime","floor":13.0,"turns":8.0},{"damage":2.0,"enemies":"3 Sentries","floor":14.0,"turns":7.0},{"damage":34.0,"enemies":"The Guardian","floor":16.0,"turns":10.0},{"damage":3.0,"enemies":"Shell Parasite","floor":18.0,"turns":7.0},{"damage":5,"enemies":"Colosseum Slavers","floor":21,"turns":4},{"damage":16,"enemies":"Chosen","floor":22,"turns":7},{"damage":18,"enemies":"Book of Stabbing","floor":23,"turns":5}],"seed_played":"-4175868010704994318","potions_obtained":[{"floor":11.0,"key":"EssenceOfSteel"},{"floor":12.0,"key":"SteroidPotion"},{"floor":14.0,"key":"FearPotion"}],"is_trial":false,"path_per_floor":["M","M","$","?","?","R","E","R","T","T","E","M","M","E","R","B",null,"M","?","?","?","M","E"],"character_chosen":"THE_SILENT","items_purchased":["Crippling Poison"],"campfire_rested":1,"item_purchase_floors":[3],"current_hp_per_floor":[59,59,59,48,48,48,48,48,48,48,30,30,19,17,50,16,49,46,46,46,41,25,7],"gold":471,"neow_bonus":"THREE_ENEMY_KILL","is_prod":false,"is_daily":false,"chose_seed":false,"campfire_upgraded":2,"win_rate":0,"timestamp":1545335770,"path_taken":["M","M","$","?","?","R","E","R","T","?","E","M","M","E","R","BOSS","M","?","?","?","?","E"],"build_version":"2018-12-19","purchased_purges":0,"victory":false,"max_hp_per_floor":[66,66,66,66,60,60,60,60,60,60,60,60,60,60,60,60,60,60,60,60,60,60,60],"card_choices":[{"not_picked":["Deadly Poison","Dodge and Roll"],"picked":"Crippling Poison","floor":1.0},{"not_picked":["Leg Sweep","Deflect"],"picked":"PiercingWail","floor":2.0},{"not_picked":["Bane","Tactician"],"picked":"Sucker Punch","floor":7.0},{"not_picked":["Underhanded Strike","Eviscerate","Outmaneuver"],"picked":"SKIP","floor":11.0},{"not_picked":["Poisoned Stab","Skewer"],"picked":"After Image","floor":12.0},{"not_picked":["Calculated Gamble","Blur"],"picked":"Heel Hook","floor":13.0},{"not_picked":["Poisoned Stab","Underhanded Strike"],"picked":"Noxious Fumes","floor":14.0},{"not_picked":["Poisoned Stab","Slice"],"picked":"Footwork","floor":18.0},{"not_picked":["Acrobatics","Dodge and Roll"],"picked":"Noxious Fumes","floor":22}],"player_experience":848592,"relics_obtained":[{"floor":7.0,"key":"Snake Skull"},{"floor":9.0,"key":"Anchor"},{"floor":10.0,"key":"Orichalcum"},{"floor":11.0,"key":"Regal Pillow"},{"floor":14.0,"key":"Ornamental Fan"}],"event_choices":[{"damage_healed":0.0,"max_hp_gain":0.0,"max_hp_loss":0.0,"gold_gain":75.0,"event_name":"World of Goop","player_choice":"Gather Gold","floor":4.0,"gold_loss":0.0,"damage_taken":11.0},{"damage_healed":0.0,"max_hp_gain":0.0,"max_hp_loss":6.0,"gold_gain":0.0,"event_name":"Golden Idol","player_choice":"Lose Max HP","floor":5.0,"gold_loss":0.0,"damage_taken":0.0,"relics_obtained":["Golden Idol"]},{"damage_healed":0.0,"max_hp_gain":0.0,"max_hp_loss":0.0,"gold_gain":0.0,"event_name":"The Mausoleum","player_choice":"Opened","floor":19.0,"gold_loss":0.0,"damage_taken":0.0,"relics_obtained":["Tiny Chest"],"cards_obtained":["Writhe"]},{"damage_healed":0.0,"max_hp_gain":0.0,"max_hp_loss":0.0,"gold_gain":0.0,"cards_transformed":["Strike_G","Strike_G"],"event_name":"Drug Dealer","player_choice":"Became Test Subject","floor":20.0,"gold_loss":0.0,"damage_taken":0.0,"cards_obtained":["Sucker Punch","A Thousand Cuts"]},{"damage_healed":0,"gold_gain":0,"player_choice":"Fight","damage_taken":0,"max_hp_gain":0,"max_hp_loss":0,"event_name":"Colosseum","floor":21,"gold_loss":0},{"damage_healed":0,"gold_gain":0,"player_choice":"Fled From Nobs","damage_taken":0,"max_hp_gain":0,"max_hp_loss":0,"event_name":"Colosseum","floor":21,"gold_loss":0}],"is_beta":true,"boss_relics":[{"not_picked":["Tiny House","Lizard Tail"],"picked":"Cursed Key"}],"items_purged_floors":[],"is_endless":false,"potions_floor_spawned":[11,12,14,18,22],"killed_by":"Book of Stabbing","ascension_level":19}