{"gold_per_floor":[212,11,31,46,46,46,78,78,124,134,152,152,190,213,213,341,341,366,387,387,487,56,94,94,137,161,161,227,245,261,186,186,312,312,331,354,379,398,398,433,433,471,471,471,514,514,514,547,547,547,547,547,104,147,147],"floor_reached":56,"playtime":4739,"items_purged":["Strike_B","Strike_B"],"score":1439,"play_id":"a8de61b3-b8ba-4140-a3ce-273cfcadbd20","local_time":"20190212001650","is_ascension_mode":true,"campfire_choices":[{"data":"Chaos","floor":6.0,"key":"SMITH"},{"data":"Dualcast","floor":8.0,"key":"SMITH"},{"data":"Zap","floor":15.0,"key":"SMITH"},{"data":"RitualDagger","floor":24.0,"key":"SMITH"},{"data":"Rainbow","floor":27.0,"key":"SMITH"},{"floor":32.0,"key":"REST"},{"floor":41.0,"key":"REST"},{"floor":44.0,"key":"REST"},{"floor":49.0,"key":"RECALL"},{"data":"Loop","floor":52.0,"key":"SMITH"}],"neow_cost":"NONE","seed_source_timestamp":0,"circlet_count":0,"master_deck":["Strike_B","Defend_B","Defend_B","Defend_B","Zap+1","Dualcast+1","Leap","Chaos+1","Compile Driver","Chill","Seek","Compile Driver+1","RitualDagger+1","Rainbow+1","Capacitor+1","Capacitor","Electrodynamics","Loop+1","Master of Strategy","Turbo+1"],"special_seed":0,"relics":["Cracked Core","Medical Kit","Bronze Scales","PreservedInsect","Golden Idol","Strawberry","Velvet Choker","DataDisk","ClockworkSouvenir","Happy Flower","Oddly Smooth Stone","Tiny Chest","Black Star","Blood Vial","Omamori","Bag of Marbles","Dead Branch","Pantograph","Ancient Tea Set","Juzu Bracelet","Bag of Preparation","Sundial","Orichalcum","Vajra"],"potions_floor_usage":[55,55],"damage_taken":[{"damage":0.0,"enemies":"Cultist","floor":1.0,"turns":3.0},{"damage":0.0,"enemies":"Small Slimes","floor":3.0,"turns":3.0},{"damage":0.0,"enemies":"2 Louse","floor":4.0,"turns":2.0},{"damage":11.0,"enemies":"Lagavulin","floor":7.0,"turns":7.0},{"damage":6.0,"enemies":"Blue Slaver","floor":10.0,"turns":4.0},{"damage":16.0,"enemies":"Lots of Slimes","floor":11.0,"turns":3.0},{"damage":0.0,"enemies":"Gremlin Nob","floor":13.0,"turns":2.0},{"damage":0.0,"enemies":"3 Louse","floor":14.0,"turns":3.0},{"damage":26.0,"enemies":"Slime Boss","floor":16.0,"turns":10.0},{"damage":17.0,"enemies":"Shell Parasite","floor":18.0,"turns":4.0},{"damage":1.0,"enemies":"Spheric Guardian","floor":19.0,"turns":4.0},{"damage":0.0,"enemies":"Book of Stabbing","floor":23.0,"turns":4.0},{"damage":12.0,"enemies":"Slavers","floor":25.0,"turns":3.0},{"damage":15.0,"enemies":"Gremlin Leader","floor":28.0,"turns":3.0},{"damage":7.0,"enemies":"Centurion and Healer","floor":29.0,"turns":4.0},{"damage":3.0,"enemies":"Shelled Parasite and Fungi","floor":30.0,"turns":5.0},{"damage":22.0,"enemies":"Automaton","floor":33.0,"turns":8.0},{"damage":5.0,"enemies":"Orb Walker","floor":35.0,"turns":3.0},{"damage":6.0,"enemies":"3 Darklings","floor":36.0,"turns":2.0},{"damage":0.0,"enemies":"4 Shapes","floor":37.0,"turns":5.0},{"damage":0.0,"enemies":"Maw","floor":38.0,"turns":6.0},{"damage":23.0,"enemies":"Nemesis","floor":40.0,"turns":5.0},{"damage":24.0,"enemies":"Reptomancer","floor":42.0,"turns":6.0},{"damage":24.0,"enemies":"Nemesis","floor":45.0,"turns":5.0},{"damage":22.0,"enemies":"Giant Head","floor":48.0,"turns":7.0},{"damage":59.0,"enemies":"Donu and Deca","floor":50.0,"turns":7.0},{"damage":16.0,"enemies":"Shield and Spear","floor":54.0,"turns":4.0},{"damage":79,"enemies":"The Heart","floor":55,"turns":9}],"seed_played":"-3005362145348361569","potions_obtained":[{"floor":3.0,"key":"FearPotion"},{"floor":4.0,"key":"Swift Potion"},{"floor":7.0,"key":"SpeedPotion"},{"floor":16.0,"key":"Block Potion"},{"floor":18.0,"key":"Regen Potion"},{"floor":28.0,"key":"LiquidBronze"},{"floor":29.0,"key":"Weak Potion"},{"floor":30.0,"key":"LiquidBronze"},{"floor":36.0,"key":"Fruit Juice"},{"floor":40.0,"key":"SteroidPotion"},{"floor":47.0,"key":"FairyPotion"},{"floor":47.0,"key":"SpeedPotion"}],"is_trial":false,"path_per_floor":["M","$","M","?","?","?","M","?","?","?","?"],"character_chosen":"DEFECT","items_purchased":["Medical Kit","DataDisk","ClockworkSouvenir","Master of Strategy","FocusPotion","GamblersBrew"],"campfire_rested":3,"item_purchase_floors":[2,22,22,53,53,53],"current_hp_per_floor":[75,75,75,75,75,75,64,64,64,58,42,42,49,49,49,23,76,59,70,64,64,64,64,64,52,52,52,37,30,27,27,49,27,76,71,70,70,70,70,47,71,49,49,73,51,51,51,31,31,8,81,81,81,65,2],"gold":147,"neow_bonus":"HUNDRED_GOLD","is_prod":false,"is_daily":false,"chose_seed":false,"campfire_upgraded":6,"win_rate":0,"timestamp":1549927010,"path_taken":["M","$","M","?","?","R","E","R","T","?","M","?","E","M","R","BOSS","M","M","?","?","$","E","R","E","T","R","E","?","M","?","R","BOSS","M","M","M","M","?","E","R","E","T","R","E","?","?","E","R","BOSS","R","$","E","BOSS"],"build_version":"2019-01-23","purchased_purges":2,"victory":true,"max_hp_per_floor":[75,75,75,75,75,75,75,75,75,75,75,69,76,76,76,76,76,76,76,76,76,76,76,76,76,76,76,76,76,76,76,76,76,76,76,81,81,81,81,81,81,81,81,81,81,81,81,81,81,81,81,81,81,81,81],"card_choices":[{"not_picked":["Steam","Cold Snap"],"picked":"Leap","floor":1.0},{"not_picked":["Compile Driver","Hello World"],"picked":"Chaos","floor":3.0},{"not_picked":["Streamline","Stack"],"picked":"Compile Driver","floor":4.0},{"not_picked":["Gash","All For One","Sweeping Beam"],"picked":"SKIP","floor":7.0},{"not_picked":["Cold Snap","Static Discharge","Reinforced Body"],"picked":"SKIP","floor":10.0},{"not_picked":["Steam","Leap"],"picked":"Chill","floor":11.0},{"not_picked":["Rebound","Beam Cell","Barrage"],"picked":"SKIP","floor":13.0},{"not_picked":["Steam","Go for the Eyes","Sweeping Beam"],"picked":"SKIP","floor":14.0},{"not_picked":["Creative AI","Echo Form"],"picked":"Seek","floor":16.0},{"not_picked":["Skim","Turbo","Scrape"],"picked":"SKIP","floor":18.0},{"not_picked":["Streamline","Leap"],"picked":"Compile Driver+1","floor":19.0},{"not_picked":["Turbo","Melter"],"picked":"Rainbow","floor":23.0},{"not_picked":["Rainbow","Cold Snap","Melter+1"],"picked":"SKIP","floor":25.0},{"not_picked":["Sunder","Sweeping Beam","Streamline+1"],"picked":"SKIP","floor":28.0},{"not_picked":["Static Discharge","Barrage"],"picked":"Capacitor+1","floor":29.0},{"not_picked":["Turbo","Reprogram"],"picked":"Capacitor","floor":30.0},{"not_picked":["Amplify","Creative AI"],"picked":"Electrodynamics","floor":33.0},{"not_picked":["Capacitor","Cold Snap+1","Hello World"],"picked":"SKIP","floor":35.0},{"not_picked":["Turbo","Gash","Biased Cognition"],"picked":"SKIP","floor":36.0},{"not_picked":["Self Repair","Compile Driver","BootSequence+1"],"picked":"SKIP","floor":37.0},{"not_picked":["Stack+1","Cold Snap+1","Redo"],"picked":"SKIP","floor":38.0},{"not_picked":["Scrape+1","Sunder+1","Redo+1"],"picked":"SKIP","floor":40.0},{"not_picked":["Stack","Recycle","Turbo"],"picked":"SKIP","floor":42.0},{"not_picked":["Fusion","Redo","Barrage"],"picked":"SKIP","floor":45.0},{"not_picked":["Amplify","Recycle"],"picked":"Loop","floor":48.0},{"not_picked":["Coolheaded","Leap+1"],"picked":"Turbo+1","floor":54.0}],"player_experience":175417,"relics_obtained":[{"floor":7.0,"key":"Bronze Scales"},{"floor":9.0,"key":"PreservedInsect"},{"floor":13.0,"key":"Strawberry"},{"floor":23.0,"key":"Happy Flower"},{"floor":25.0,"key":"Oddly Smooth Stone"},{"floor":28.0,"key":"Tiny Chest"},{"floor":40.0,"key":"Blood Vial"},{"floor":40.0,"key":"Omamori"},{"floor":42.0,"key":"Bag of Marbles"},{"floor":42.0,"key":"Dead Branch"},{"floor":43.0,"key":"Pantograph"},{"floor":45.0,"key":"Ancient Tea Set"},{"floor":45.0,"key":"Juzu Bracelet"},{"floor":48.0,"key":"Bag of Preparation"},{"floor":48.0,"key":"Sundial"},{"floor":54.0,"key":"Orichalcum"},{"floor":54.0,"key":"Vajra"}],"event_choices":[{"damage_healed":0.0,"max_hp_gain":0.0,"max_hp_loss":6.0,"gold_gain":0.0,"event_name":"Golden Idol","player_choice":"Lose Max HP","floor":12.0,"gold_loss":0.0,"damage_taken":0.0,"relics_obtained":["Golden Idol"]},{"damage_healed":0.0,"max_hp_gain":0.0,"max_hp_loss":0.0,"gold_gain":0.0,"event_name":"Nest","player_choice":"Joined the Cult","floor":20.0,"gold_loss":0.0,"damage_taken":6.0,"cards_obtained":["RitualDagger"]},{"damage_healed":0.0,"max_hp_gain":0.0,"max_hp_loss":0.0,"gold_gain":100.0,"event_name":"Golden Shrine","player_choice":"Pray","floor":21.0,"gold_loss":0.0,"damage_taken":0.0},{"cards_removed":["Strike_B"],"damage_healed":0.0,"max_hp_gain":0.0,"max_hp_loss":0.0,"gold_gain":0.0,"event_name":"Beggar","player_choice":"Gave Gold","floor":31.0,"gold_loss":75.0,"damage_taken":0.0},{"damage_healed":0.0,"max_hp_gain":0.0,"max_hp_loss":0.0,"gold_gain":0.0,"event_name":"SensoryStone","player_choice":"Memory 1","floor":39.0,"gold_loss":0.0,"damage_taken":0.0},{"cards_removed":["Defend_B"],"damage_healed":0.0,"max_hp_gain":0.0,"max_hp_loss":0.0,"gold_gain":0.0,"event_name":"Falling","player_choice":"Removed Skill","floor":46.0,"gold_loss":0.0,"damage_taken":0.0},{"damage_healed":0.0,"max_hp_gain":0.0,"max_hp_loss":0.0,"gold_gain":0.0,"event_name":"Lab","player_choice":"Got Potions","floor":47.0,"gold_loss":0.0,"damage_taken":0.0}],"is_beta":false,"boss_relics":[{"not_picked":["Empty Cage","White Beast Statue"],"picked":"Velvet Choker"},{"not_picked":["Eternal Feather","Philosopher\u0027s Stone"],"picked":"Black Star"}],"items_purged_floors":[22,53],"is_endless":false,"potions_floor_spawned":[3,4,7,16,18,28,29,30,36,40,48],"ascension_level":2}