{"gold_per_floor":[114,64,81,81,100,100,131,131,177,189,201,235,185,198,198,295,295,312,312,312,331,345,373,383,333,385,403,160,173,173,173,173,268,268,279,229,229,277,288,348,260,293,293,307,78,28,28,38,38,38],"floor_reached":51,"playtime":4883,"items_purged":["Defend_B","Strike_B","Defend_B","Pain","Writhe","Defend_B+1","Normality","Strike_B+1"],"score":934,"play_id":"d5a42f28-e7f4-4455-9d0f-b351e3e781f5","local_time":"20181030220704","is_ascension_mode":true,"campfire_choices":[{"data":"Conserve Battery","floor":6,"key":"SMITH"},{"floor":8,"key":"REST"},{"floor":15,"key":"REST"},{"data":"Defragment","floor":30,"key":"SMITH"},{"floor":32,"key":"REST"},{"floor":47,"key":"REST"},{"floor":49,"key":"REST"}],"neow_cost":"NONE","seed_source_timestamp":142227225610815,"circlet_count":0,"master_deck":["Defend_B+1","Zap+1","Dualcast+1","Conserve Battery+1","Cold Snap+1","Defragment+1","White Noise+1","Hologram+1","Coolheaded+1","Electrodynamics+1","Core Surge+1","Glacier+1","Lockon+1","Multi-Cast+1","Chill+1","Genetic Algorithm+1","Seek+1","BootSequence+1","Seek+1","Redo+1","Undo","Double Energy+1","Loop","Defragment","Go for the Eyes+1","Defragment+1","Hologram+1"],"relics":["Cracked Core","Smiling Mask","DataDisk","Pen Nib","Cables","Cursed Key","Turnip","Ancient Tea Set","Orichalcum","Chemical X","Fusion Hammer","Mark of the Bloom","Prayer Wheel","Tiny Chest","PreservedInsect","Molten Egg 2","Happy Flower"],"potions_floor_usage":[16,18,38,50,50],"damage_taken":[{"damage":1,"enemies":"2 Louse","floor":1,"turns":2},{"damage":3,"enemies":"Small Slimes","floor":3,"turns":2},{"damage":0,"enemies":"Cultist","floor":5,"turns":3},{"damage":18,"enemies":"3 Sentries","floor":7,"turns":7},{"damage":1,"enemies":"Exordium Thugs","floor":10,"turns":3},{"damage":2,"enemies":"Looter","floor":11,"turns":3},{"damage":14,"enemies":"Lagavulin","floor":12,"turns":6},{"damage":0,"enemies":"Blue Slaver","floor":14,"turns":3},{"damage":0,"enemies":"The Guardian","floor":16,"turns":8},{"damage":2,"enemies":"3 Byrds","floor":18,"turns":2},{"damage":11,"enemies":"Shell Parasite","floor":21,"turns":5},{"damage":0,"enemies":"Snake Plant","floor":22,"turns":2},{"damage":0,"enemies":"Gremlin Leader","floor":23,"turns":6},{"damage":0,"enemies":"Centurion and Healer","floor":24,"turns":5},{"damage":5,"enemies":"Cultist and Chosen","floor":27,"turns":4},{"damage":4,"enemies":"Snecko","floor":29,"turns":4},{"damage":11,"enemies":"Champ","floor":33,"turns":9},{"damage":0,"enemies":"Orb Walker","floor":35,"turns":3},{"damage":3,"enemies":"2 Orb Walkers","floor":38,"turns":3},{"damage":0,"enemies":"3 Shapes","floor":39,"turns":2},{"damage":0,"enemies":"Nemesis","floor":40,"turns":5},{"damage":0,"enemies":"Reptomancer","floor":42,"turns":5},{"damage":15,"enemies":"Writhing Mass","floor":44,"turns":3},{"damage":0,"enemies":"Maw","floor":48,"turns":9},{"damage":6,"enemies":"Donu and Deca","floor":50,"turns":8}],"seed_played":"3082370269779743503","potions_obtained":[{"floor":3,"key":"Dexterity Potion"},{"floor":12,"key":"SkillPotion"},{"floor":14,"key":"SteroidPotion"},{"floor":18,"key":"Fruit Juice"},{"floor":23,"key":"Explosive Potion"},{"floor":24,"key":"Regen Potion"},{"floor":29,"key":"Energy Potion"},{"floor":39,"key":"SteroidPotion"},{"floor":40,"key":"Dexterity Potion"},{"floor":42,"key":"AttackPotion"},{"floor":44,"key":"SkillPotion"}],"is_trial":false,"path_per_floor":["M","$","M","?","M","R","E","R","T","M","M","E","$","M","R","B",null,"M","?","?","M","M","E","M","$","T","M","$","M","R","?","R","B",null,"M","$","?","?","M","E","$","E","T","M","$","$","R","M","R","B"],"character_chosen":"DEFECT","items_purchased":["Chemical X","Loop","Happy Flower","Go for the Eyes+1"],"campfire_rested":5,"item_purchase_floors":[28,41,45,45],"current_hp_per_floor":[74,74,71,56,56,56,38,60,60,59,57,43,43,43,65,65,75,78,78,78,67,67,67,67,67,67,62,62,58,58,58,80,69,80,80,80,80,77,77,77,77,77,77,62,62,62,62,62,62,56],"gold":38,"neow_bonus":"RANDOM_COMMON_RELIC","is_prod":false,"is_daily":false,"chose_seed":false,"campfire_upgraded":2,"win_rate":0,"timestamp":1540962424,"path_taken":["M","$","M","?","M","R","E","R","T","M","?","E","$","M","R","BOSS","M","?","?","M","M","E","M","$","T","M","$","M","R","?","R","BOSS","M","$","?","?","M","E","?","E","T","M","?","$","R","?","R","BOSS"],"build_version":"2018-10-25v2","purchased_purges":8,"victory":true,"max_hp_per_floor":[75,75,75,75,75,75,75,75,75,75,75,75,75,75,75,75,75,80,80,80,80,80,80,80,80,80,80,80,80,80,80,80,80,80,80,80,80,80,80,80,80,80,80,80,80,80,80,80,80,80],"card_choices":[{"not_picked":["Redo","Gash"],"picked":"Conserve Battery","floor":1},{"not_picked":["Leap","Streamline"],"picked":"Cold Snap","floor":3},{"not_picked":["Tempest","Hologram"],"picked":"Defragment","floor":5},{"not_picked":["Storm","Leap"],"picked":"White Noise","floor":7},{"not_picked":["Turbo","Skim","Beam Cell"],"picked":"SKIP","floor":10},{"not_picked":["Double Energy","Streamline"],"picked":"Hologram","floor":11},{"not_picked":["Lockon","Barrage"],"picked":"Coolheaded","floor":12},{"not_picked":["Cold Snap","Storm"],"picked":"Electrodynamics","floor":14},{"not_picked":["Reboot","Hyperbeam"],"picked":"Core Surge","floor":16},{"not_picked":["Hologram","Tempest"],"picked":"Glacier","floor":18},{"not_picked":["Blizzard+1","Recycle"],"picked":"Chill+1","floor":21},{"not_picked":["Tempest","Leap","Storm"],"picked":"SKIP","floor":22},{"not_picked":["Rip and Tear","White Noise"],"picked":"Genetic Algorithm+1","floor":23},{"not_picked":["Cold Snap","Barrage","White Noise"],"picked":"SKIP","floor":24},{"not_picked":["Compile Driver","Streamline"],"picked":"Seek","floor":27},{"not_picked":["Stack","Recycle+1"],"picked":"BootSequence","floor":29},{"not_picked":["Amplify","Rainbow"],"picked":"Seek","floor":33},{"not_picked":["Stack+1","Steam Power+1"],"picked":"Redo+1","floor":35},{"not_picked":["Leap","Conserve Battery"],"picked":"Undo","floor":38},{"not_picked":["Thunder Strike","Hologram+1","Beam Cell"],"picked":"SKIP","floor":39},{"not_picked":["Streamline","Stack+1","Heatsinks"],"picked":"SKIP","floor":39},{"not_picked":["Barrage+1","Fission"],"picked":"Double Energy+1","floor":40},{"not_picked":["Leap","Thunder Strike","Conserve Battery"],"picked":"SKIP","floor":42},{"not_picked":["Steam+1","Sweeping Beam+1"],"picked":"Defragment","floor":44},{"not_picked":["Redo","Ball Lightning+1","Gash+1"],"picked":"SKIP","floor":44},{"not_picked":["Redo","Coolheaded+1"],"picked":"Defragment+1","floor":48},{"not_picked":["Hello World+1","White Noise+1"],"picked":"Hologram+1","floor":48}],"player_experience":156476,"relics_obtained":[{"floor":7,"key":"DataDisk"},{"floor":9,"key":"Pen Nib"},{"floor":12,"key":"Cables"},{"floor":23,"key":"Ancient Tea Set"},{"floor":26,"key":"Orichalcum"},{"floor":38,"key":"Prayer Wheel"},{"floor":40,"key":"Tiny Chest"},{"floor":42,"key":"PreservedInsect"},{"floor":43,"key":"Molten Egg 2"}],"event_choices":[{"damage_healed":0,"gold_gain":0,"player_choice":"Entered Light","damage_taken":15,"max_hp_gain":0,"max_hp_loss":0,"event_name":"Shining Light","floor":4,"gold_loss":0,"cards_upgraded":["Zap","Defend_B"]},{"damage_healed":0,"gold_gain":0,"cards_transformed":["Strike_B","Strike_B"],"player_choice":"Became Test Subject","damage_taken":0,"max_hp_gain":0,"max_hp_loss":0,"event_name":"Drug Dealer","floor":19,"gold_loss":0,"cards_obtained":["Lockon","Multi-Cast"]},{"damage_healed":0,"gold_gain":0,"player_choice":"Opened","damage_taken":0,"relics_obtained":["Turnip"],"max_hp_gain":0,"max_hp_loss":0,"event_name":"The Mausoleum","floor":20,"gold_loss":0,"cards_obtained":["Writhe"]},{"damage_healed":0,"gold_gain":0,"player_choice":"Ignored","damage_taken":0,"max_hp_gain":0,"max_hp_loss":0,"event_name":"Cursed Tome","floor":31,"gold_loss":0},{"damage_healed":0,"gold_gain":0,"player_choice":"Upgrade","damage_taken":0,"relics_obtained":["Mark of the Bloom"],"max_hp_gain":0,"max_hp_loss":0,"event_name":"MindBloom","floor":37,"gold_loss":0,"cards_upgraded":["Strike_B","Defend_B","Dualcast","Cold Snap","White Noise","Hologram","Coolheaded","Electrodynamics","Core Surge","Glacier","Lockon","Multi-Cast","Seek","BootSequence","Seek"]},{"damage_healed":0,"gold_gain":0,"player_choice":"Fight","damage_taken":0,"max_hp_gain":0,"max_hp_loss":0,"event_name":"Mysterious Sphere","floor":38,"gold_loss":0}],"is_beta":false,"boss_relics":[{"not_picked":["Busted Crown","Black Star"],"picked":"Cursed Key"},{"not_picked":["Runic Dome","Lizard Tail"],"picked":"Fusion Hammer"}],"items_purged_floors":[2,13,25,28,36,41,45,46],"is_endless":false,"potions_floor_spawned":[3,12,14,18,23,24,29,39,40,42,44],"ascension_level":3}