{"gold_per_floor":[110,122,13,30,49,49,82,82,133,180,192,229,241,253,265,379,391,420,432,444,473,497,509,853,865,953,992,1020,1048,1077,1120,1132,1243,1255,1282,938,938,953,799,799,828,840,867,867,442,471,7,7,7,7,7,7,7,40,40],"floor_reached":56,"playtime":6384,"items_purged":["Strike_G","Defend_G","Strike_G"],"score":1810,"play_id":"e2154674-edaf-4134-9171-61ae7a659a1d","local_time":"20181120015619","is_ascension_mode":true,"campfire_choices":[{"floor":6,"key":"REST"},{"floor":8,"key":"REST"},{"floor":15,"key":"REST"},{"floor":23,"key":"REST"},{"floor":25,"key":"REST"},{"floor":32,"key":"REST"},{"floor":40,"key":"RECALL"},{"data":"1","floor":49,"key":"LIFT"},{"data":"2","floor":52,"key":"LIFT"}],"neow_cost":"NONE","seed_source_timestamp":217193815323444,"circlet_count":0,"master_deck":["Defend_G","Defend_G","Strike_G","Strike_G","Survivor","Neutralize","Venomology+1","Masterful Stab+1","Bane+1","Crippling Poison","Acrobatics","Noxious Fumes+1","Bouncing Flask","Adrenaline","Cloak And Dagger","After Image+1","Backstab","Endless Agony","Envenom","Cloak And Dagger+1","Backflip+1","Crippling Poison+1","Dodge and Roll+1","Madness+1","Madness+1","Cloak And Dagger+1","Sadistic Nature","Venomology+1","After Image+1","Blade Dance+1"],"relics":["Astrolabe","Kunai","MawBank","Anchor","Orichalcum","Black Star","Enchiridion","Old Coin","Dead Branch","Meat on the Bone","Toxic Egg 2","Dodecahedron","Molten Egg 2","Bottled Tornado","WristBlade","Oddly Smooth Stone","Lee\u0027s Waffle","Girya","Nunchaku","Mummified Hand","Pen Nib","Omamori","ClockworkSouvenir","PreservedInsect","Dream Catcher"],"potions_floor_usage":[5,10,10,12,12,16,16,18,22,22,22,24,24,27,29,30,30,31,33,35,41,41,41,46,46,50,50,50,50,50,50,54,54,55,55],"damage_taken":[{"damage":0,"enemies":"Jaw Worm","floor":1,"turns":2},{"damage":1,"enemies":"Cultist","floor":2,"turns":3},{"damage":14,"enemies":"2 Louse","floor":4,"turns":3},{"damage":14,"enemies":"Gremlin Gang","floor":5,"turns":4},{"damage":25,"enemies":"Gremlin Nob","floor":7,"turns":4},{"damage":18,"enemies":"3 Sentries","floor":10,"turns":5},{"damage":3,"enemies":"Lagavulin","floor":12,"turns":5},{"damage":6,"enemies":"The Guardian","floor":16,"turns":8},{"damage":14,"enemies":"Spheric Guardian","floor":18,"turns":4},{"damage":0,"enemies":"Chosen","floor":21,"turns":4},{"damage":0,"enemies":"Centurion and Healer","floor":22,"turns":7},{"damage":56,"enemies":"Gremlin Leader","floor":24,"turns":9},{"damage":10,"enemies":"Book of Stabbing","floor":27,"turns":7},{"damage":7,"enemies":"Snake Plant","floor":28,"turns":5},{"damage":0,"enemies":"3 Cultists","floor":29,"turns":6},{"damage":0,"enemies":"Snecko","floor":30,"turns":5},{"damage":15,"enemies":"Slavers","floor":31,"turns":4},{"damage":14,"enemies":"Automaton","floor":33,"turns":9},{"damage":16,"enemies":"3 Darklings","floor":35,"turns":5},{"damage":0,"enemies":"Orb Walker","floor":38,"turns":3},{"damage":5,"enemies":"Nemesis","floor":41,"turns":7},{"damage":7,"enemies":"Sphere and 2 Shapes","floor":42,"turns":5},{"damage":0,"enemies":"Reptomancer","floor":46,"turns":5},{"damage":27,"enemies":"Awakened One","floor":50,"turns":7},{"damage":0,"enemies":"Shield and Spear","floor":54,"turns":5},{"damage":32,"enemies":"The Heart","floor":55,"turns":6}],"seed_played":"-6994783382994707666","potions_obtained":[{"floor":4,"key":"SneckoOil"},{"floor":10,"key":"Swift Potion"},{"floor":12,"key":"GamblersBrew"},{"floor":18,"key":"EssenceOfSteel"},{"floor":24,"key":"Swift Potion"},{"floor":28,"key":"Strength Potion"},{"floor":33,"key":"SkillPotion"},{"floor":38,"key":"EssenceOfSteel"},{"floor":42,"key":"LiquidBronze"}],"is_trial":false,"path_per_floor":["M","M","$","M","M","R","E","R","T","E","$","E","?","?","R","B",null,"M","?","?","M","M","R","E","R","T","E","M","M","M","E","R","B",null,"M","$","?","M","$","R","E","M","T","?","$","E","$","?","R","B",null,"R","$","E","B",null],"character_chosen":"THE_SILENT","items_purchased":["Noxious Fumes","Oddly Smooth Stone","Lee\u0027s Waffle","Dodge and Roll+1","Mummified Hand","Cloak And Dagger+1","Sadistic Nature","ClockworkSouvenir","Venomology+1"],"campfire_rested":6,"item_purchase_floors":[3,36,36,39,45,45,47,47,47],"current_hp_per_floor":[63,62,62,48,34,55,30,51,51,48,48,45,45,45,66,60,68,54,38,38,38,38,59,3,24,24,26,31,43,43,40,61,47,64,48,77,77,77,77,77,72,65,65,55,55,55,55,55,55,40,68,68,68,68,48],"gold":40,"neow_bonus":"BOSS_RELIC","is_prod":false,"is_daily":false,"chose_seed":false,"campfire_upgraded":0,"win_rate":0,"timestamp":1542707779,"path_taken":["M","M","$","M","M","R","E","R","T","E","$","E","?","?","R","BOSS","M","?","?","M","M","R","E","R","T","E","M","M","?","E","R","BOSS","M","?","?","M","$","R","E","M","T","?","$","E","$","?","R","BOSS","R","$","E","BOSS"],"build_version":"2018-11-15","purchased_purges":3,"victory":true,"max_hp_per_floor":[70,70,70,70,70,70,70,70,70,70,70,70,70,70,70,70,70,70,70,70,70,70,70,70,70,70,70,70,70,70,70,70,70,70,70,77,77,77,77,77,77,77,77,77,77,77,77,77,77,77,77,77,77,77,77],"card_choices":[{"not_picked":["Poisoned Stab","Deadly Poison"],"picked":"Crippling Poison","floor":1},{"not_picked":["Sucker Punch","Flechettes"],"picked":"Acrobatics","floor":2},{"not_picked":["Dagger Throw","Dodge and Roll"],"picked":"Bouncing Flask","floor":4},{"not_picked":["Acrobatics","Concentrate"],"picked":"Adrenaline","floor":5},{"not_picked":["Prepared","Terror"],"picked":"Cloak And Dagger","floor":7},{"not_picked":["Prepared","Phantasmal Killer","Quick Slash"],"picked":"SKIP","floor":10},{"not_picked":["Dagger Throw","Riddle With Holes","Poisoned Stab"],"picked":"SKIP","floor":12},{"not_picked":["Bullet Time","Malaise"],"picked":"After Image","floor":16},{"not_picked":["Flechettes+1","Bouncing Flask+1"],"picked":"Backstab","floor":18},{"not_picked":["Deflect","Acrobatics+1"],"picked":"Endless Agony","floor":21},{"not_picked":["Deadly Poison","Quick Slash+1","Dagger Throw"],"picked":"SKIP","floor":22},{"not_picked":["Backflip","Bouncing Flask"],"picked":"Envenom","floor":24},{"not_picked":["Accuracy","Catalyst"],"picked":"Cloak And Dagger","floor":27},{"not_picked":["Bane","Deflect+1"],"picked":"Backflip+1","floor":28},{"not_picked":["Dagger Throw+1","Deadly Poison+1"],"picked":"Crippling Poison+1","floor":29},{"not_picked":["Tactician+1","Sucker Punch+1","Choke"],"picked":"SKIP","floor":30},{"not_picked":["Prepared+1","Deflect+1","Dagger Spray"],"picked":"SKIP","floor":31},{"not_picked":["Dagger Throw+1","Prepared+1","Flying Knee+1"],"picked":"SKIP","floor":35},{"not_picked":["Underhanded Strike+1","Poisoned Stab+1","Dodge and Roll+1"],"picked":"SKIP","floor":38},{"not_picked":["Bane+1","Flying Knee+1","Quick Slash+1"],"picked":"SKIP","floor":41},{"not_picked":["Predator+1","Quick Slash+1","Sucker Punch+1"],"picked":"SKIP","floor":42},{"not_picked":["All Out Attack+1","Underhanded Strike+1","Predator+1"],"picked":"SKIP","floor":46},{"not_picked":["Quick Slash+1","All Out Attack+1"],"picked":"Blade Dance+1","floor":54}],"player_experience":302697,"relics_obtained":[{"floor":7,"key":"Kunai"},{"floor":9,"key":"MawBank"},{"floor":10,"key":"Anchor"},{"floor":12,"key":"Orichalcum"},{"floor":19,"key":"Enchiridion"},{"floor":24,"key":"Old Coin"},{"floor":24,"key":"Dead Branch"},{"floor":26,"key":"Meat on the Bone"},{"floor":27,"key":"Toxic Egg 2"},{"floor":27,"key":"Dodecahedron"},{"floor":31,"key":"Molten Egg 2"},{"floor":31,"key":"Bottled Tornado"},{"floor":41,"key":"Girya"},{"floor":41,"key":"Nunchaku"},{"floor":46,"key":"Pen Nib"},{"floor":46,"key":"Omamori"},{"floor":54,"key":"PreservedInsect"},{"floor":54,"key":"Dream Catcher"}],"event_choices":[{"damage_healed":0,"gold_gain":0,"player_choice":"Grow","damage_taken":0,"max_hp_gain":0,"max_hp_loss":0,"event_name":"Living Wall","floor":13,"gold_loss":0,"cards_upgraded":["Noxious Fumes"]},{"damage_healed":0,"gold_gain":0,"player_choice":"Leave","damage_taken":0,"max_hp_gain":0,"max_hp_loss":0,"event_name":"FaceTrader","floor":14,"gold_loss":0},{"damage_healed":0,"gold_gain":0,"player_choice":"Obtained Book","damage_taken":16,"max_hp_gain":0,"max_hp_loss":0,"event_name":"Cursed Tome","floor":19,"gold_loss":0},{"damage_healed":0,"gold_gain":0,"player_choice":"Forge","damage_taken":0,"max_hp_gain":0,"max_hp_loss":0,"event_name":"Accursed Blacksmith","floor":20,"gold_loss":0,"cards_upgraded":["After Image"]},{"damage_healed":0,"gold_gain":0,"player_choice":"Memory 1","damage_taken":0,"max_hp_gain":0,"max_hp_loss":0,"event_name":"SensoryStone","floor":37,"gold_loss":0},{"damage_healed":0,"gold_gain":0,"player_choice":"Embrace Madness","damage_taken":10,"max_hp_gain":0,"max_hp_loss":0,"event_name":"Winding Halls","floor":44,"gold_loss":0,"cards_obtained":["Madness","Madness"]},{"damage_healed":0,"gold_gain":0,"player_choice":"Copied","damage_taken":0,"max_hp_gain":0,"max_hp_loss":0,"event_name":"Duplicator","floor":48,"gold_loss":0,"cards_obtained":["After Image"]}],"is_beta":false,"boss_relics":[{"not_picked":["Snecko Eye","Sozu"],"picked":"Black Star"},{"not_picked":["Coffee Dripper","Lizard Tail"],"picked":"WristBlade"}],"items_purged_floors":[3,39,45],"is_endless":false,"potions_floor_spawned":[4,7,10,12,18,24,28,29,33,38,42],"ascension_level":8}