{"gold_per_floor":[118,118,43,43,62,62,128,128,199,161,175,200,200,213,213,343,343,359,382,382,46,11,11,27,27,96,96,96,121,173,196,196,196],"floor_reached":33,"playtime":1869,"items_purged":["Injury"],"score":257,"play_id":"dfa91215-3982-4d2b-b1db-35c37f4b071c","local_time":"20190201171606","is_ascension_mode":true,"campfire_choices":[{"data":"Armaments","floor":6,"key":"SMITH"},{"data":"Immolate","floor":8,"key":"SMITH"},{"data":"Fire Breathing","floor":15,"key":"SMITH"},{"floor":23,"key":"REST"},{"data":"Pommel Strike","floor":25,"key":"SMITH"},{"data":"Battle Trance","floor":28,"key":"SMITH"},{"floor":32,"key":"REST"}],"neow_cost":"NONE","seed_source_timestamp":1222493723185136,"circlet_count":0,"master_deck":["Strike_R","Strike_R","Strike_R","Strike_R","Strike_R","Defend_R","Defend_R","Defend_R+1","Defend_R+1","Bash","Immolate+1","Armaments+1","Pommel Strike+1","Wild Strike","Perfected Strike+1","Battle Trance","Perfected Strike+1","Clash+1","Wild Strike+1","Battle Trance+1","Clash+1"],"relics":["Burning Blood","Golden Idol","Tiny Chest","Molten Egg 2","Paper Frog","Empty Cage","Pantograph","Nunchaku","Toxic Egg 2","War Paint"],"potions_floor_usage":[7,33],"damage_taken":[{"damage":0,"enemies":"Cultist","floor":1,"turns":2},{"damage":0,"enemies":"Small Slimes","floor":5,"turns":3},{"damage":29,"enemies":"Lagavulin","floor":7,"turns":8},{"damage":1,"enemies":"Jaw Worm","floor":11,"turns":2},{"damage":7,"enemies":"Blue Slaver","floor":12,"turns":3},{"damage":5,"enemies":"Exordium Thugs","floor":14,"turns":3},{"damage":33,"enemies":"Hexaghost","floor":16,"turns":9},{"damage":43,"enemies":"Shell Parasite","floor":18,"turns":8},{"damage":17,"enemies":"2 Thieves","floor":19,"turns":4},{"damage":6,"enemies":"Snake Plant","floor":24,"turns":4},{"damage":14,"enemies":"Sentry and Sphere","floor":29,"turns":4},{"damage":17,"enemies":"Snecko","floor":31,"turns":4},{"damage":103,"enemies":"Collector","floor":33,"turns":8}],"seed_played":"4043744692463159795","potions_obtained":[{"floor":5,"key":"BloodPotion"},{"floor":14,"key":"Ancient Potion"},{"floor":31,"key":"Block Potion"}],"is_trial":false,"path_per_floor":["?","?","M","T","T","$","$","T"],"character_chosen":"IRONCLAD","items_purchased":["Fire Breathing","Nunchaku","Wild Strike+1","Battle Trance"],"campfire_rested":2,"item_purchase_floors":[10,21,21,22],"current_hp_per_floor":[80,80,80,85,85,85,70,70,70,70,75,74,74,75,75,48,85,48,37,37,37,37,62,62,62,62,62,62,54,54,43,68,0],"gold":196,"neow_bonus":"ONE_RANDOM_RARE_CARD","is_prod":false,"is_daily":false,"chose_seed":false,"campfire_upgraded":5,"win_rate":0,"timestamp":1549037766,"path_taken":["M","?","$","?","M","R","E","R","T","$","M","?","?","M","R","BOSS","M","M","?","?","$","R","M","R","T","?","R","M","?","M","R","BOSS"],"build_version":"2019-01-23","purchased_purges":1,"victory":false,"max_hp_per_floor":[80,80,80,85,85,85,85,85,85,85,85,85,85,85,85,85,85,85,85,85,85,85,85,85,85,85,85,85,85,85,85,85,85],"card_choices":[{"not_picked":["Clothesline","Fire Breathing"],"picked":"Armaments","floor":1},{"not_picked":["Ghostly Armor","Havoc"],"picked":"Pommel Strike","floor":5},{"not_picked":["Clothesline","Carnage"],"picked":"Wild Strike","floor":7},{"not_picked":["Clothesline+1","Iron Wave+1"],"picked":"Perfected Strike+1","floor":11},{"not_picked":["Ghostly Armor","Bloodletting"],"picked":"Battle Trance","floor":12},{"not_picked":["Havoc","Anger+1"],"picked":"Perfected Strike+1","floor":14},{"not_picked":["Impervious","Limit Break"],"picked":"Immolate+1","floor":16},{"not_picked":["Blood for Blood+1","Flame Barrier","Iron Wave+1"],"picked":"SKIP","floor":18},{"not_picked":["Pummel+1","Warcry"],"picked":"Clash+1","floor":19},{"not_picked":["Iron Wave+1","Shockwave"],"picked":"Clash+1","floor":24},{"not_picked":["Shrug It Off+1","Anger+1","Rage+1"],"picked":"SKIP","floor":29},{"not_picked":["Flame Barrier+1","Iron Wave+1","Armaments+1"],"picked":"SKIP","floor":31}],"player_experience":42933,"relics_obtained":[{"floor":7,"key":"Tiny Chest"},{"floor":9,"key":"Molten Egg 2"},{"floor":13,"key":"Paper Frog"},{"floor":20,"key":"Pantograph"},{"floor":26,"key":"Toxic Egg 2"},{"floor":30,"key":"War Paint"}],"event_choices":[{"damage_healed":0,"gold_gain":0,"player_choice":"Take Wound","damage_taken":0,"relics_obtained":["Golden Idol"],"max_hp_gain":0,"max_hp_loss":0,"event_name":"Golden Idol","floor":2,"gold_loss":0,"cards_obtained":["Injury"]},{"damage_healed":0,"gold_gain":0,"player_choice":"Donut","damage_taken":0,"max_hp_gain":5,"max_hp_loss":0,"event_name":"Big Fish","floor":4,"gold_loss":0}],"is_beta":false,"boss_relics":[{"not_picked":["Coffee Dripper","Sozu"],"picked":"Empty Cage"}],"items_purged_floors":[3],"is_endless":false,"potions_floor_spawned":[5,14,31],"killed_by":"Collector","ascension_level":1}