{"gold_per_floor":[109,109,184,184,199,210,210,223,249,174,144,160,186,204,204,204],"floor_reached":16,"playtime":17922,"items_purged":["Bash"],"score":117,"play_id":"2faf840d-2902-4b73-b332-5592345a038d","local_time":"20181130231659","is_ascension_mode":true,"campfire_choices":[{"floor":7,"key":"RECALL"},{"floor":15,"key":"REST"}],"neow_cost":"NONE","seed_source_timestamp":524244272754364,"circlet_count":0,"master_deck":["Strike_R","Strike_R","Strike_R+1","Strike_R","Strike_R","Defend_R","Defend_R+1","Defend_R","Defend_R","Flame Barrier","Whirlwind","Battle Trance"],"relics":["Burning Blood","Dream Catcher"],"potions_floor_usage":[14,16,16],"damage_taken":[{"damage":0,"enemies":"Small Slimes","floor":1,"turns":3},{"damage":2,"enemies":"Jaw Worm","floor":5,"turns":3},{"damage":5,"enemies":"2 Louse","floor":6,"turns":4},{"damage":1,"enemies":"Blue Slaver","floor":8,"turns":5},{"damage":6,"enemies":"Looter","floor":11,"turns":4},{"damage":0,"enemies":"Red Slaver","floor":12,"turns":6},{"damage":49,"enemies":"3 Sentries","floor":13,"turns":10},{"damage":6,"enemies":"Large Slime","floor":14,"turns":7},{"damage":73,"enemies":"Slime Boss","floor":16,"turns":9}],"seed_played":"7594876994421409188","potions_obtained":[{"floor":1,"key":"BloodPotion"},{"floor":5,"key":"Fire Potion"},{"floor":12,"key":"AttackPotion"}],"is_trial":false,"path_per_floor":["M","?","?","?","M","M","R","M","T","$","M","M","E","M","R","B"],"character_chosen":"IRONCLAD","items_purchased":[],"campfire_rested":1,"item_purchase_floors":[],"current_hp_per_floor":[88,93,82,63,67,68,68,73,73,73,73,79,36,45,72,0],"gold":204,"neow_bonus":"TEN_PERCENT_HP_BONUS","is_prod":false,"is_daily":false,"chose_seed":false,"campfire_upgraded":0,"win_rate":0,"timestamp":1543641419,"path_taken":["M","?","?","?","M","M","R","M","T","?","M","M","E","M","R","BOSS"],"build_version":"2018-11-15","purchased_purges":1,"victory":false,"max_hp_per_floor":[88,93,93,93,93,93,93,93,93,93,93,93,93,93,93,93],"card_choices":[{"not_picked":["Dual Wield","Sever Soul","Combust"],"picked":"SKIP","floor":1},{"not_picked":["Burning Pact","True Grit"],"picked":"Flame Barrier","floor":5},{"not_picked":["Carnage","Thunderclap","Iron Wave"],"picked":"SKIP","floor":6},{"not_picked":["Pommel Strike","Wild Strike","Perfected Strike"],"picked":"SKIP","floor":8},{"not_picked":["Anger","Cleave"],"picked":"Whirlwind","floor":11},{"not_picked":["Cleave","Blood for Blood","Exhume"],"picked":"SKIP","floor":12},{"not_picked":["True Grit","Warcry"],"picked":"Battle Trance","floor":13},{"not_picked":["True Grit","Havoc","Armaments"],"picked":"SKIP","floor":14}],"player_experience":583049,"relics_obtained":[{"floor":13,"key":"Dream Catcher"}],"event_choices":[{"damage_healed":0,"gold_gain":0,"player_choice":"Donut","damage_taken":0,"max_hp_gain":5,"max_hp_loss":0,"event_name":"Big Fish","floor":2,"gold_loss":0},{"damage_healed":0,"gold_gain":75,"player_choice":"Gather Gold","damage_taken":11,"max_hp_gain":0,"max_hp_loss":0,"event_name":"World of Goop","floor":3,"gold_loss":0},{"damage_healed":0,"gold_gain":0,"player_choice":"Entered Light","damage_taken":19,"max_hp_gain":0,"max_hp_loss":0,"event_name":"Shining Light","floor":4,"gold_loss":0,"cards_upgraded":["Defend_R","Strike_R"]}],"is_beta":false,"boss_relics":[],"items_purged_floors":[10],"is_endless":false,"potions_floor_spawned":[1,5,12,13],"killed_by":"Slime Boss","ascension_level":3}