{"gold_per_floor":[366,383,118,118,136,136,171,141,212,212,224,240,252,284,284,284],"floor_reached":16,"playtime":1264,"items_purged":["Defend_R"],"score":162,"play_id":"74f30ca1-c942-4230-9d75-42c67025a799","local_time":"20181121001628","is_ascension_mode":true,"campfire_choices":[{"data":"Armaments","floor":6,"key":"SMITH"},{"floor":10,"key":"REST"},{"floor":15,"key":"REST"}],"neow_cost":"PERCENT_DAMAGE","seed_source_timestamp":303439283830384,"circlet_count":0,"master_deck":["Strike_R","Strike_R","Strike_R","Strike_R","Defend_R","Defend_R","Defend_R","Bash","True Grit","Feel No Pain","Havoc","Second Wind","Armaments+1","Shrug It Off","Shrug It Off","Whirlwind","Anger","Feed"],"relics":["Burning Blood","Happy Flower","Kunai","Prayer Wheel"],"potions_floor_usage":[7,14],"damage_taken":[{"damage":7,"enemies":"Small Slimes","floor":1,"turns":5},{"damage":11,"enemies":"2 Louse","floor":2,"turns":3},{"damage":4,"enemies":"Cultist","floor":5,"turns":5},{"damage":19,"enemies":"Lagavulin","floor":7,"turns":6},{"damage":6,"enemies":"Looter","floor":8,"turns":4},{"damage":9,"enemies":"Red Slaver","floor":11,"turns":7},{"damage":0,"enemies":"2 Fungi Beasts","floor":12,"turns":4},{"damage":0,"enemies":"Exordium Thugs","floor":13,"turns":4},{"damage":45,"enemies":"Gremlin Nob","floor":14,"turns":5},{"damage":46,"enemies":"Slime Boss","floor":16,"turns":8}],"seed_played":"9071198149557532713","potions_obtained":[{"floor":2,"key":"Dexterity Potion"},{"floor":5,"key":"AttackPotion"},{"floor":7,"key":"Dexterity Potion"},{"floor":12,"key":"SkillPotion"}],"is_trial":false,"path_per_floor":["M","M","$","?","M","R","E","M","T","R","M","M","M","E","R","B"],"character_chosen":"IRONCLAD","items_purchased":["Feel No Pain","Havoc","Second Wind"],"campfire_rested":2,"item_purchase_floors":[3,3,3],"current_hp_per_floor":[50,45,45,38,40,40,27,27,27,51,48,54,60,21,45,0],"gold":284,"neow_bonus":"TWO_FIFTY_GOLD","is_prod":false,"is_daily":false,"chose_seed":false,"campfire_upgraded":1,"win_rate":0,"timestamp":1542788188,"path_taken":["M","M","$","?","M","R","E","M","T","R","M","M","M","E","R","BOSS"],"build_version":"2018-11-15","purchased_purges":1,"victory":false,"max_hp_per_floor":[80,80,80,80,80,80,80,80,80,80,80,80,80,80,80,80],"card_choices":[{"not_picked":["Flex","Rage"],"picked":"True Grit","floor":1},{"not_picked":["Rampage","Dual Wield","Perfected Strike"],"picked":"SKIP","floor":2},{"not_picked":["Pommel Strike","Corruption"],"picked":"Armaments","floor":5},{"not_picked":["Dropkick","Flex"],"picked":"Shrug It Off","floor":7},{"not_picked":["Clash","Havoc"],"picked":"Shrug It Off","floor":8},{"not_picked":["Ghostly Armor","Flex"],"picked":"Whirlwind","floor":11},{"not_picked":["Reckless Charge","Flex"],"picked":"Anger","floor":12},{"not_picked":["Iron Wave","Thunderclap"],"picked":"Feed","floor":13},{"not_picked":["Bloodletting","Clash","Sword Boomerang"],"picked":"SKIP","floor":14}],"player_experience":309081,"relics_obtained":[{"floor":7,"key":"Happy Flower"},{"floor":9,"key":"Kunai"},{"floor":14,"key":"Prayer Wheel"}],"event_choices":[{"cards_removed":["Strike_R"],"damage_healed":0,"gold_gain":0,"player_choice":"Card Removal","damage_taken":7,"max_hp_gain":0,"max_hp_loss":0,"event_name":"Golden Wing","floor":4,"gold_loss":0}],"is_beta":false,"boss_relics":[],"items_purged_floors":[3],"is_endless":false,"potions_floor_spawned":[2,5,7,12],"killed_by":"Slime Boss","ascension_level":9}