{"gold_per_floor":[114,39,56,68,68,68,86,86,113,128,128,141,3,23,23,128,128,144,19,19],"floor_reached":20,"playtime":4179,"items_purged":["Bash","Strike_R","Strike_R"],"score":191,"play_id":"45c7560f-4cc4-4e41-accf-56d9f596ce56","local_time":"20181120204755","is_ascension_mode":true,"campfire_choices":[{"floor":6,"key":"RECALL"},{"floor":11,"key":"REST"},{"floor":15,"key":"REST"}],"neow_cost":"NONE","seed_source_timestamp":528583348144731,"circlet_count":0,"master_deck":["Strike_R","Strike_R","Strike_R+1","Defend_R+1","Defend_R","Defend_R","Defend_R","Shockwave","Uppercut","Reaper"],"relics":["Burning Blood","Regal Pillow","Pen Nib","Black Star"],"potions_floor_usage":[16,16,16],"damage_taken":[{"damage":4,"enemies":"Cultist","floor":1,"turns":5},{"damage":8,"enemies":"Jaw Worm","floor":3,"turns":5},{"damage":7,"enemies":"Small Slimes","floor":4,"turns":5},{"damage":9,"enemies":"Exordium Wildlife","floor":7,"turns":6},{"damage":10,"enemies":"3 Louse","floor":10,"turns":5},{"damage":31,"enemies":"Lots of Slimes","floor":12,"turns":10},{"damage":33,"enemies":"Gremlin Gang","floor":14,"turns":6},{"damage":33,"enemies":"The Guardian","floor":16,"turns":17},{"damage":77,"enemies":"Spheric Guardian","floor":18,"turns":10},{"damage":20,"enemies":"Chosen","floor":20,"turns":6}],"seed_played":"-636726065617245510","potions_obtained":[{"floor":1,"key":"SkillPotion"},{"floor":3,"key":"EssenceOfSteel"},{"floor":7,"key":"Block Potion"}],"is_trial":false,"path_per_floor":["M","$","M","M","?","R","M","T","T","M","R","M","$","M","R","B",null,"M","$","M"],"character_chosen":"IRONCLAD","items_purchased":["Uppercut"],"campfire_rested":2,"item_purchase_floors":[13],"current_hp_per_floor":[80,80,78,77,61,61,58,58,58,54,80,55,55,28,67,40,80,13,13,0],"gold":19,"neow_bonus":"RANDOM_COMMON_RELIC","is_prod":false,"is_daily":false,"chose_seed":false,"campfire_upgraded":0,"win_rate":0,"timestamp":1542768475,"path_taken":["M","?","?","M","?","R","M","?","T","?","R","M","$","M","R","BOSS","M","$","?"],"build_version":"2018-11-15","purchased_purges":3,"victory":false,"max_hp_per_floor":[80,80,80,80,80,80,80,80,80,80,80,80,80,80,80,80,80,80,80,80],"card_choices":[{"not_picked":["Twin Strike","Flex","Reckless Charge"],"picked":"SKIP","floor":1},{"not_picked":["Anger","Warcry","Thunderclap"],"picked":"SKIP","floor":3},{"not_picked":["Pommel Strike","Warcry","Anger"],"picked":"SKIP","floor":4},{"not_picked":["Limit Break","Sever Soul"],"picked":"Shockwave","floor":7},{"not_picked":["Havoc","Pommel Strike","Clothesline"],"picked":"SKIP","floor":10},{"not_picked":["Dropkick","Thunderclap","Cleave"],"picked":"SKIP","floor":12},{"not_picked":["Sword Boomerang","Anger","Clash"],"picked":"SKIP","floor":14},{"not_picked":["Juggernaut","Immolate"],"picked":"Reaper","floor":16},{"not_picked":["Cleave","Warcry","Fire Breathing+1"],"picked":"SKIP","floor":18}],"player_experience":454912,"relics_obtained":[{"floor":9,"key":"Pen Nib"}],"event_choices":[{"damage_healed":0,"gold_gain":0,"player_choice":"Entered Light","damage_taken":16,"max_hp_gain":0,"max_hp_loss":0,"event_name":"Shining Light","floor":5,"gold_loss":0,"cards_upgraded":["Strike_R","Defend_R"]}],"is_beta":false,"boss_relics":[{"not_picked":["Fusion Hammer","Eternal Feather"],"picked":"Black Star"}],"items_purged_floors":[2,13,19],"is_endless":false,"potions_floor_spawned":[1,3,7],"killed_by":"Chosen","ascension_level":3}