{"gold_per_floor":[111,36,36,36,48,48,73,91,91,103,103,161,61,75,75,170,170,188,63,162,172,172,172,185,35,35,52,52,64,64,75,75,175,175,195,214,224,13,26,26,101,114,161,180,193,209,220,252,252,252],"floor_reached":51,"playtime":2609,"items_purged":["Strike_R","Strike_R","Strike_R","Strike_R","Strike_R"],"score":810,"play_id":"03572ee0-1870-4e5b-8715-6926f2863bfc","local_time":"20190224014442","is_ascension_mode":false,"campfire_choices":[{"data":"Shockwave","floor":6,"key":"SMITH"},{"data":"True Grit","floor":11,"key":"SMITH"},{"data":"Shrug It Off","floor":15,"key":"SMITH"},{"data":"Barricade","floor":23,"key":"SMITH"},{"data":"True Grit","floor":32,"key":"SMITH"},{"data":"Entrench","floor":40,"key":"SMITH"},{"data":"Shrug It Off","floor":49,"key":"SMITH"}],"neow_cost":"NONE","seed_source_timestamp":43335784948497,"circlet_count":0,"master_deck":["Defend_R","Defend_R","Defend_R","Defend_R","Bash+1","Shockwave+1","True Grit+1","Shrug It Off+1","Shrug It Off+1","Barricade+1","Necronomicurse","True Grit+1","Body Slam+1","Entrench+1"],"relics":["Burning Blood","StoneCalendar","Thread and Needle","Letter Opener","Runic Dome","Necronomicon","Bottled Tornado","Coffee Dripper","Omamori","Orichalcum"],"potions_floor_usage":[16,31,50,50,50],"damage_taken":[{"damage":0,"enemies":"2 Louse","floor":1,"turns":4},{"damage":1,"enemies":"Cultist","floor":5,"turns":4},{"damage":44,"enemies":"Lagavulin","floor":7,"turns":8},{"damage":6,"enemies":"Jaw Worm","floor":8,"turns":5},{"damage":8,"enemies":"Exordium Thugs","floor":10,"turns":6},{"damage":13,"enemies":"Gremlin Nob","floor":12,"turns":5},{"damage":0,"enemies":"Exordium Wildlife","floor":14,"turns":5},{"damage":6,"enemies":"Slime Boss","floor":16,"turns":16},{"damage":0,"enemies":"Shell Parasite","floor":18,"turns":8},{"damage":2,"enemies":"Chosen","floor":21,"turns":7},{"damage":2,"enemies":"Snake Plant","floor":24,"turns":7},{"damage":0,"enemies":"Centurion and Healer","floor":27,"turns":7},{"damage":0,"enemies":"3 Cultists","floor":29,"turns":7},{"damage":0,"enemies":"Shelled Parasite and Fungi","floor":31,"turns":7},{"damage":0,"enemies":"Collector","floor":33,"turns":19},{"damage":0,"enemies":"3 Darklings","floor":35,"turns":7},{"damage":7,"enemies":"3 Shapes","floor":36,"turns":5},{"damage":0,"enemies":"Jaw Worm Horde","floor":37,"turns":5},{"damage":0,"enemies":"3 Darklings","floor":39,"turns":7},{"damage":0,"enemies":"Maw","floor":42,"turns":5},{"damage":0,"enemies":"Spire Growth","floor":44,"turns":5},{"damage":0,"enemies":"Sphere and 2 Shapes","floor":45,"turns":4},{"damage":12,"enemies":"4 Shapes","floor":46,"turns":6},{"damage":7,"enemies":"Writhing Mass","floor":47,"turns":5},{"damage":18,"enemies":"Reptomancer","floor":48,"turns":6},{"damage":0,"enemies":"Time Eater","floor":50,"turns":10}],"seed_played":"2036978529993710834","potions_obtained":[{"floor":1,"key":"BloodPotion"},{"floor":7,"key":"FearPotion"},{"floor":8,"key":"SkillPotion"},{"floor":12,"key":"Energy Potion"},{"floor":24,"key":"PowerPotion"},{"floor":27,"key":"Fire Potion"},{"floor":33,"key":"FearPotion"},{"floor":35,"key":"EssenceOfSteel"},{"floor":42,"key":"Dexterity Potion"}],"is_trial":false,"path_per_floor":["M","$","?","$","M","R","E","M","T","M","R","?","$","M","R","B",null,"M","$","?","M","?","R","M","$","T","M","?","M","?","M","R","B",null,"M","M","M","$","M","R","?","M","T","M","M","M","M","E","R","B",null],"character_chosen":"IRONCLAD","items_purchased":["Entrench"],"campfire_rested":0,"item_purchase_floors":[38],"current_hp_per_floor":[80,80,80,80,80,80,42,42,42,40,40,33,33,39,39,39,80,80,80,80,80,64,64,68,68,68,74,74,80,80,80,80,80,80,80,79,80,80,80,80,72,78,78,80,80,74,73,61,61,67],"gold":252,"neow_bonus":"UPGRADE_CARD","is_prod":false,"is_daily":false,"chose_seed":false,"campfire_upgraded":7,"win_rate":0,"timestamp":1550990682,"path_taken":["M","$","?","?","M","R","E","?","T","M","R","?","?","M","R","BOSS","M","$","?","M","?","R","M","?","T","?","?","M","?","M","R","BOSS","M","M","M","$","M","R","?","M","T","?","M","M","M","E","R","BOSS"],"build_version":"2019-01-23","purchased_purges":5,"victory":true,"max_hp_per_floor":[80,80,80,80,80,80,80,80,80,80,80,80,80,80,80,80,80,80,80,80,80,80,80,80,80,80,80,80,80,80,80,80,80,80,80,80,80,80,80,80,80,80,80,80,80,80,80,80,80,80],"card_choices":[{"not_picked":["Dual Wield","Heavy Blade","Sword Boomerang"],"picked":"SKIP","floor":1},{"not_picked":["Havoc","True Grit"],"picked":"Shockwave","floor":5},{"not_picked":["Hemokinesis","Burning Pact","Shockwave"],"picked":"SKIP","floor":7},{"not_picked":["Clash","Spot Weakness"],"picked":"True Grit","floor":8},{"not_picked":["Sword Boomerang","Perfected Strike","Clothesline"],"picked":"SKIP","floor":10},{"not_picked":["Dual Wield","Iron Wave"],"picked":"Shrug It Off","floor":12},{"not_picked":["Thunderclap","Sword Boomerang"],"picked":"Shrug It Off","floor":14},{"not_picked":["Exhume","Immolate"],"picked":"Barricade","floor":16},{"not_picked":["Bloodletting+1","Warcry","Flex+1"],"picked":"SKIP","floor":18},{"not_picked":["Blood for Blood","Inflame","Clothesline"],"picked":"SKIP","floor":21},{"not_picked":["Twin Strike","Wild Strike","Thunderclap"],"picked":"SKIP","floor":24},{"not_picked":["Sever Soul","Rampage","Havoc"],"picked":"SKIP","floor":27},{"not_picked":["Cleave+1","Rupture"],"picked":"True Grit","floor":29},{"not_picked":["Perfected Strike","Infernal Blade+1","Iron Wave"],"picked":"SKIP","floor":31},{"not_picked":["Evolve+1","Perfected Strike"],"picked":"Body Slam+1","floor":35},{"not_picked":["Warcry+1","Flex+1","Sever Soul"],"picked":"SKIP","floor":36},{"not_picked":["Shrug It Off+1","Infernal Blade+1","Headbutt"],"picked":"SKIP","floor":37},{"not_picked":["Heavy Blade+1","Iron Wave+1","Sword Boomerang"],"picked":"SKIP","floor":39},{"not_picked":["Pummel+1","Offering","Shrug It Off+1"],"picked":"SKIP","floor":42},{"not_picked":["Uppercut","Armaments","Evolve+1"],"picked":"SKIP","floor":44},{"not_picked":["Havoc","Second Wind+1","Combust+1"],"picked":"SKIP","floor":45},{"not_picked":["Heavy Blade+1","Clash","Wild Strike+1"],"picked":"SKIP","floor":46},{"not_picked":["Clash","Sword Boomerang","Rupture"],"picked":"SKIP","floor":47},{"not_picked":["Perfected Strike","Armaments","Wild Strike+1"],"picked":"SKIP","floor":48}],"player_experience":450685,"relics_obtained":[{"floor":7,"key":"StoneCalendar"},{"floor":9,"key":"Thread and Needle"},{"floor":22,"key":"Necronomicon"},{"floor":26,"key":"Bottled Tornado"},{"floor":43,"key":"Omamori"},{"floor":48,"key":"Orichalcum"}],"event_choices":[{"damage_healed":0,"gold_gain":0,"player_choice":"Ignored","damage_taken":0,"max_hp_gain":0,"max_hp_loss":0,"event_name":"NoteForYourself","floor":3,"gold_loss":0},{"damage_healed":0,"gold_gain":0,"player_choice":"Searched \u00272\u0027 times","damage_taken":0,"relics_obtained":["Letter Opener"],"max_hp_gain":0,"max_hp_loss":0,"event_name":"Dead Adventurer","floor":12,"gold_loss":0},{"damage_healed":0,"gold_gain":99,"player_choice":"Stole From Cult","damage_taken":0,"max_hp_gain":0,"max_hp_loss":0,"event_name":"Nest","floor":20,"gold_loss":0},{"damage_healed":0,"gold_gain":0,"player_choice":"Obtained Book","damage_taken":16,"max_hp_gain":0,"max_hp_loss":0,"event_name":"Cursed Tome","floor":22,"gold_loss":0},{"damage_healed":0,"gold_gain":0,"player_choice":"Ignored","damage_taken":0,"max_hp_gain":0,"max_hp_loss":0,"event_name":"Ghosts","floor":28,"gold_loss":0},{"damage_healed":0,"gold_gain":0,"player_choice":"Ignored","damage_taken":0,"max_hp_gain":0,"max_hp_loss":0,"event_name":"The Mausoleum","floor":30,"gold_loss":0},{"damage_healed":0,"gold_gain":75,"player_choice":"Touch","damage_taken":8,"max_hp_gain":0,"max_hp_loss":0,"event_name":"FaceTrader","floor":41,"gold_loss":0}],"is_beta":false,"boss_relics":[{"not_picked":["Snecko Eye","Eternal Feather"],"picked":"Runic Dome"},{"not_picked":["Mark of Pain","Velvet Choker"],"picked":"Coffee Dripper"}],"items_purged_floors":[2,13,19,25,38],"is_endless":false,"potions_floor_spawned":[1,7,8,12,24,27,29,33,35,37,42,44,45,47],"ascension_level":0}