{"gold_per_floor":[219,234,234,89,89,89,89,102,128,153,153,173,197,167,167,297,297,315,21,42,83,83],"floor_reached":22,"playtime":1138,"items_purged":["Strike_G","Strike_G"],"score":209,"play_id":"edc9bd8a-ddb2-4545-bb6a-8a1ce6b08cc3","local_time":"20190130170250","is_ascension_mode":true,"campfire_choices":[{"data":"Blur","floor":6,"key":"SMITH"},{"floor":11,"key":"REST"},{"data":"Blur","floor":15,"key":"SMITH"}],"neow_cost":"NONE","seed_source_timestamp":1772885909657192,"circlet_count":0,"master_deck":["Defend_G+1","Defend_G","Defend_G+1","Defend_G","Defend_G+1","Strike_G","Strike_G","Strike_G","Survivor+1","Neutralize","Infinite Blades","Blur+1","Noxious Fumes","Noxious Fumes","Blur+1","Corpse Explosion","Clumsy","The Bomb","Backstab"],"relics":["Ring of the Snake","Golden Idol","Omamori","Strawberry","Calling Bell","War Paint","Mummified Hand","StoneCalendar","Red Mask"],"potions_floor_usage":[16,21],"damage_taken":[{"damage":0,"enemies":"2 Louse","floor":1,"turns":4},{"damage":0,"enemies":"Jaw Worm","floor":2,"turns":5},{"damage":2,"enemies":"Cultist","floor":8,"turns":4},{"damage":0,"enemies":"Large Slime","floor":10,"turns":7},{"damage":0,"enemies":"2 Fungi Beasts","floor":12,"turns":4},{"damage":0,"enemies":"Looter","floor":14,"turns":4},{"damage":29,"enemies":"Hexaghost","floor":16,"turns":11},{"damage":29,"enemies":"3 Byrds","floor":18,"turns":5},{"damage":5,"enemies":"Shell Parasite","floor":20,"turns":7},{"damage":29,"enemies":"Masked Bandits","floor":21,"turns":4},{"damage":22,"enemies":"Chosen and Byrds","floor":22,"turns":4}],"seed_played":"-6592860255786376914","potions_obtained":[{"floor":10,"key":"AttackPotion"},{"floor":16,"key":"SneckoOil"},{"floor":18,"key":"Explosive Potion"},{"floor":20,"key":"Strength Potion"}],"is_trial":false,"path_per_floor":["M","M","?","$","?","R","?","M","T","M","R","M","T","M","R","B",null,"M","$","M","?","M"],"character_chosen":"THE_SILENT","items_purchased":["Noxious Fumes","The Bomb"],"campfire_rested":1,"item_purchase_floors":[4,19],"current_hp_per_floor":[70,70,56,56,56,56,39,37,37,37,58,58,65,65,65,36,77,48,48,43,14,0],"gold":83,"neow_bonus":"HUNDRED_GOLD","is_prod":false,"is_daily":false,"chose_seed":false,"campfire_upgraded":2,"win_rate":0,"timestamp":1548889370,"path_taken":["M","M","?","$","?","R","?","M","T","M","R","M","?","M","R","BOSS","M","$","M","?","M"],"build_version":"2019-01-23","purchased_purges":2,"victory":false,"max_hp_per_floor":[70,70,70,70,70,70,70,70,70,70,70,70,77,77,77,77,77,77,77,77,77,77],"card_choices":[{"not_picked":["Sucker Punch","Accuracy"],"picked":"Infinite Blades","floor":1},{"not_picked":["Bane","Outmaneuver"],"picked":"Blur","floor":2},{"not_picked":["Riddle With Holes","Backflip","Sucker Punch"],"picked":"SKIP","floor":8},{"not_picked":["Acrobatics","Outmaneuver"],"picked":"Noxious Fumes","floor":10},{"not_picked":["Deadly Poison","Deflect"],"picked":"Blur","floor":12},{"not_picked":["PiercingWail","Acrobatics","Dagger Throw"],"picked":"SKIP","floor":14},{"not_picked":["Night Terror","Envenom"],"picked":"Corpse Explosion","floor":16},{"not_picked":["Riddle With Holes","Skewer","Flechettes+1"],"picked":"SKIP","floor":18},{"not_picked":["Infinite Blades","All Out Attack"],"picked":"Backstab","floor":20}],"player_experience":1196569,"relics_obtained":[{"floor":9,"key":"Omamori"},{"floor":13,"key":"Strawberry"},{"floor":17,"key":"War Paint"},{"floor":17,"key":"Mummified Hand"},{"floor":17,"key":"StoneCalendar"},{"floor":21,"key":"Red Mask"}],"event_choices":[{"damage_healed":0,"gold_gain":0,"player_choice":"Entered Light","damage_taken":14,"max_hp_gain":0,"max_hp_loss":0,"event_name":"Shining Light","floor":3,"gold_loss":0,"cards_upgraded":["Defend_G","Defend_G"]},{"damage_healed":0,"gold_gain":0,"player_choice":"Ignored","damage_taken":0,"max_hp_gain":0,"max_hp_loss":0,"event_name":"Liars Game","floor":5,"gold_loss":0},{"damage_healed":0,"gold_gain":0,"player_choice":"Take Damage","damage_taken":17,"relics_obtained":["Golden Idol"],"max_hp_gain":0,"max_hp_loss":0,"event_name":"Golden Idol","floor":7,"gold_loss":0},{"damage_healed":0,"gold_gain":0,"player_choice":"Fought Bandits","damage_taken":0,"max_hp_gain":0,"max_hp_loss":0,"event_name":"Masked Bandits","floor":21,"gold_loss":0}],"is_beta":false,"boss_relics":[{"not_picked":["WristBlade","Runic Dome"],"picked":"Calling Bell"}],"items_purged_floors":[4,19],"is_endless":false,"potions_floor_spawned":[10,16,18,20],"killed_by":"Chosen and Byrds","ascension_level":4}