{"gold_per_floor":[360,360,11,25,25,25,38,56,82,82,112,112,142,211,211,316,316,336,87,87,87,106,106,117,117,143,176,196,209,220,68,68,169,169,180,190,190,11,22,22,38,38,64,112,124,124,124,124,124,124],"floor_reached":50,"playtime":2033,"items_purged":["Strike_R","Normality","Strike_R"],"score":564,"play_id":"32fb9374-fca2-4dfc-b0d2-2c6168fc9d5a","local_time":"20190221031200","is_ascension_mode":true,"campfire_choices":[{"floor":6,"key":"DIG"},{"floor":10,"key":"DIG"},{"floor":12,"key":"DIG"},{"floor":15,"key":"DIG"},{"floor":23,"key":"DIG"},{"floor":25,"key":"DIG"},{"data":"Armaments","floor":32,"key":"SMITH"},{"data":"Demon Form","floor":40,"key":"SMITH"},{"floor":42,"key":"DIG"},{"floor":46,"key":"DIG"},{"floor":49,"key":"DIG"}],"neow_cost":"TEN_PERCENT_HP_LOSS","seed_source_timestamp":338912687428128,"circlet_count":0,"master_deck":["Strike_R","Defend_R","Defend_R+1","Defend_R","Defend_R","Bash+1","Uppercut","Flex","True Grit","Thunderclap+1","Shockwave","Intimidate+1","Feed","Sentinel+1","Necronomicurse","Havoc+1","Warcry","Demon Form+1","Dropkick","Armaments+1","Immolate+1","Shrug It Off+1","Heavy Blade","Carnage+1","Armaments+1","Master of Strategy"],"relics":["Burning Blood","MawBank","Shovel","Red Skull","Bag of Marbles","Ornamental Fan","Meat on the Bone","Bird Faced Urn","Dodecahedron","Pantograph","Cursed Key","Paper Frog","Necronomicon","War Paint","Dream Catcher","Pen Nib","Bronze Scales","Empty Cage","Omamori","Whetstone","Girya","Gremlin Horn","Mummified Hand"],"potions_floor_usage":[16,16,27,29,29,33,33,50,50],"damage_taken":[{"damage":12,"enemies":"Jaw Worm","floor":1,"turns":5},{"damage":0,"enemies":"Small Slimes","floor":4,"turns":3},{"damage":8,"enemies":"2 Louse","floor":7,"turns":2},{"damage":10,"enemies":"Large Slime","floor":8,"turns":6},{"damage":16,"enemies":"Gremlin Nob","floor":11,"turns":4},{"damage":26,"enemies":"3 Sentries","floor":13,"turns":6},{"damage":51,"enemies":"The Guardian","floor":16,"turns":12},{"damage":22,"enemies":"Shell Parasite","floor":18,"turns":5},{"damage":3,"enemies":"Chosen","floor":22,"turns":2},{"damage":5,"enemies":"3 Cultists","floor":24,"turns":5},{"damage":47,"enemies":"Book of Stabbing","floor":27,"turns":7},{"damage":14,"enemies":"Chosen and Byrds","floor":28,"turns":3},{"damage":16,"enemies":"Sentry and Sphere","floor":29,"turns":4},{"damage":9,"enemies":"Snake Plant","floor":30,"turns":2},{"damage":37,"enemies":"Automaton","floor":33,"turns":7},{"damage":0,"enemies":"Orb Walker","floor":35,"turns":2},{"damage":0,"enemies":"3 Shapes","floor":36,"turns":4},{"damage":21,"enemies":"Maw","floor":39,"turns":5},{"damage":4,"enemies":"Writhing Mass","floor":41,"turns":3},{"damage":0,"enemies":"2 Orb Walkers","floor":44,"turns":1},{"damage":0,"enemies":"Spire Growth","floor":45,"turns":1},{"damage":86,"enemies":"Time Eater","floor":50,"turns":7}],"seed_played":"1738045535893250452","potions_obtained":[{"floor":1,"key":"Explosive Potion"},{"floor":8,"key":"SteroidPotion"},{"floor":16,"key":"Explosive Potion"},{"floor":24,"key":"Regen Potion"},{"floor":28,"key":"SteroidPotion"},{"floor":30,"key":"Swift Potion"},{"floor":33,"key":"Strength Potion"},{"floor":36,"key":"Explosive Potion"}],"is_trial":false,"path_per_floor":["M","?","$","M","?","R","M","M","T","R","E","R","E","?","R","B",null,"M","$","?","?","M","R","M","R","T","E","M","M","M","$","R","B",null,"M","M","?","$","M","R","M","R","T","?","M","R","?","?","R","B"],"character_chosen":"IRONCLAD","items_purchased":["Shovel","Paper Frog","Block Potion","Heavy Blade"],"campfire_rested":0,"item_purchase_floors":[3,19,31,38],"current_hp_per_floor":[66,63,63,69,69,69,67,63,63,63,53,53,45,45,45,37,72,56,56,40,40,43,43,47,47,47,33,39,44,53,53,53,47,78,78,78,78,78,63,63,65,65,65,71,77,77,78,68,68,0],"gold":124,"neow_bonus":"TWO_FIFTY_GOLD","is_prod":false,"is_daily":false,"chose_seed":false,"campfire_upgraded":2,"win_rate":0,"timestamp":1550686320,"path_taken":["M","?","$","M","?","R","M","M","T","R","E","R","E","?","R","BOSS","M","$","?","?","M","R","M","R","T","E","M","M","M","$","R","BOSS","M","M","?","$","M","R","M","R","T","?","M","R","?","?","R","BOSS"],"build_version":"2019-01-23","purchased_purges":3,"victory":false,"max_hp_per_floor":[72,72,72,72,72,72,72,72,72,72,72,72,72,72,72,72,72,72,72,72,72,72,72,75,75,75,75,75,78,78,78,78,78,78,78,78,78,78,78,78,78,78,78,78,78,78,78,78,78,78],"card_choices":[{"not_picked":["Twin Strike","Anger"],"picked":"Uppercut","floor":1},{"not_picked":["Impervious","Havoc"],"picked":"Flex","floor":4},{"not_picked":["Fire Breathing","Entrench"],"picked":"True Grit","floor":7},{"not_picked":["Spot Weakness","Havoc"],"picked":"Thunderclap","floor":8},{"not_picked":["Power Through","Second Wind"],"picked":"Shockwave","floor":11},{"not_picked":["Anger","Shockwave"],"picked":"Intimidate","floor":13},{"not_picked":["Dark Embrace","Brutality"],"picked":"Feed","floor":16},{"not_picked":["Clash","Body Slam"],"picked":"Sentinel+1","floor":18},{"not_picked":["Body Slam","Pommel Strike"],"picked":"Havoc+1","floor":22},{"not_picked":["Sentinel+1","Thunderclap+1"],"picked":"Warcry","floor":24},{"not_picked":["Twin Strike+1","Heavy Blade"],"picked":"Demon Form","floor":27},{"not_picked":["Havoc","Clothesline"],"picked":"Dropkick","floor":28},{"not_picked":["Pommel Strike","Iron Wave"],"picked":"Armaments","floor":29},{"not_picked":["Clash","Bludgeon","Shockwave"],"picked":"SKIP","floor":30},{"not_picked":["Impervious","Double Tap"],"picked":"Immolate","floor":33},{"not_picked":["Twin Strike","Dropkick"],"picked":"Shrug It Off+1","floor":35},{"not_picked":["Rupture+1","Perfected Strike+1","Twin Strike+1"],"picked":"SKIP","floor":36},{"not_picked":["Perfected Strike","Pommel Strike","Pummel"],"picked":"SKIP","floor":39},{"not_picked":["Pommel Strike+1","Shrug It Off+1"],"picked":"Carnage+1","floor":41},{"not_picked":["Berserk","Rupture+1","Armaments+1"],"picked":"SKIP","floor":45},{"not_picked":["Berserk","Rupture+1"],"picked":"Armaments+1","floor":45},{"not_picked":["Secret Weapon","Finesse"],"picked":"Master of Strategy","floor":48}],"player_experience":14981,"relics_obtained":[{"floor":6,"key":"Red Skull"},{"floor":9,"key":"Bag of Marbles"},{"floor":10,"key":"Ornamental Fan"},{"floor":11,"key":"Meat on the Bone"},{"floor":12,"key":"Bird Faced Urn"},{"floor":13,"key":"Dodecahedron"},{"floor":15,"key":"Pantograph"},{"floor":20,"key":"Necronomicon"},{"floor":23,"key":"War Paint"},{"floor":25,"key":"Dream Catcher"},{"floor":26,"key":"Pen Nib"},{"floor":27,"key":"Bronze Scales"},{"floor":42,"key":"Omamori"},{"floor":43,"key":"Whetstone"},{"floor":44,"key":"Girya"},{"floor":46,"key":"Gremlin Horn"},{"floor":49,"key":"Mummified Hand"}],"event_choices":[{"damage_healed":0,"gold_gain":0,"player_choice":"Success","damage_taken":3,"relics_obtained":["MawBank"],"max_hp_gain":0,"max_hp_loss":0,"event_name":"Scrap Ooze","floor":2,"gold_loss":0},{"damage_healed":0,"gold_gain":0,"player_choice":"Grow","damage_taken":0,"max_hp_gain":0,"max_hp_loss":0,"event_name":"Living Wall","floor":5,"gold_loss":0,"cards_upgraded":["Bash"]},{"damage_healed":0,"gold_gain":69,"player_choice":"Gained Gold","damage_taken":0,"max_hp_gain":0,"max_hp_loss":0,"event_name":"Golden Wing","floor":14,"gold_loss":0},{"damage_healed":0,"gold_gain":0,"player_choice":"Obtained Book","damage_taken":16,"max_hp_gain":0,"max_hp_loss":0,"event_name":"Cursed Tome","floor":20,"gold_loss":0},{"damage_healed":0,"gold_gain":0,"player_choice":"Smashed Altar","damage_taken":0,"max_hp_gain":0,"max_hp_loss":0,"event_name":"Forgotten Altar","floor":21,"gold_loss":0,"cards_obtained":["Decay"]},{"cards_removed":["Strike_R"],"damage_healed":0,"gold_gain":0,"player_choice":"Removed Attack","damage_taken":0,"max_hp_gain":0,"max_hp_loss":0,"event_name":"Falling","floor":37,"gold_loss":0},{"damage_healed":0,"gold_gain":0,"player_choice":"Fight","damage_taken":0,"max_hp_gain":0,"max_hp_loss":0,"event_name":"Mysterious Sphere","floor":44,"gold_loss":0},{"damage_healed":20,"gold_gain":0,"player_choice":"Writhe","damage_taken":0,"max_hp_gain":0,"max_hp_loss":0,"event_name":"Winding Halls","floor":47,"gold_loss":0,"cards_obtained":["Writhe"]},{"damage_healed":0,"gold_gain":0,"player_choice":"Memory 3","damage_taken":10,"max_hp_gain":0,"max_hp_loss":0,"event_name":"SensoryStone","floor":48,"gold_loss":0}],"is_beta":false,"boss_relics":[{"not_picked":["Velvet Choker","Tiny House"],"picked":"Cursed Key"},{"not_picked":["Black Blood","Eternal Feather"],"picked":"Empty Cage"}],"items_purged_floors":[3,31,38],"is_endless":false,"potions_floor_spawned":[1,8,16,24,28,30,33,36],"killed_by":"Time Eater","ascension_level":4}