{"gold_per_floor":[217,217,67,67,67,67,102,102,102,125,148,148,189,139,139,267,267,282,282,282,306,320,320,345,345,345,383,398,398,398,55,55,178,178,194,208,0,275,296,334,334,347,347,680,699,699,185,205,205,205],"floor_reached":51,"playtime":2273,"items_purged":["Strike_R","Strike_R","Regret"],"score":973,"play_id":"23ee17e3-31ad-49e0-8719-8e5f20734b3c","local_time":"20190221043458","is_ascension_mode":true,"campfire_choices":[{"data":"Whirlwind","floor":6,"key":"SMITH"},{"data":"True Grit","floor":8,"key":"SMITH"},{"floor":15,"key":"REST"},{"data":"Exhume","floor":23,"key":"SMITH"},{"floor":25,"key":"REST"},{"floor":29,"key":"REST"},{"floor":32,"key":"REST"},{"data":"Seeing Red","floor":41,"key":"SMITH"},{"data":"Bash","floor":49,"key":"SMITH"}],"neow_cost":"NONE","seed_source_timestamp":343642998498531,"circlet_count":0,"master_deck":["Strike_R","Strike_R+1","Defend_R+1","Defend_R+1","Defend_R","Defend_R+1","Bash+1","Thunderclap","Whirlwind+1","True Grit+1","Seeing Red+1","Heavy Blade+1","Blood for Blood+1","Demon Form+1","Thunderclap+1","Exhume+1","Spot Weakness+1","Headbutt+1","Ghostly Armor+1","Armaments+1","Impervious+1","Reaper+1","Warcry+1","Dual Wield+1","Reaper+1","True Grit+1","True Grit+1","Warcry+1","Shrug It Off+1","Good Instincts+1"],"relics":["Burning Blood","FaceOfCleric","Question Card","Molten Egg 2","Prayer Wheel","Centennial Puzzle","Sozu","Toxic Egg 2","Pocketwatch","Pear","Coffee Dripper","Red Mask","War Paint","Vajra","Membership Card","Regal Pillow","Darkstone Periapt"],"potions_floor_usage":[13,13,18],"damage_taken":[{"damage":1,"enemies":"2 Louse","floor":1,"turns":3},{"damage":30,"enemies":"3 Sentries","floor":7,"turns":5},{"damage":0,"enemies":"Jaw Worm","floor":10,"turns":3},{"damage":0,"enemies":"Cultist","floor":11,"turns":2},{"damage":37,"enemies":"Gremlin Nob","floor":13,"turns":4},{"damage":37,"enemies":"Slime Boss","floor":16,"turns":8},{"damage":9,"enemies":"Shell Parasite","floor":18,"turns":4},{"damage":0,"enemies":"3 Byrds","floor":21,"turns":3},{"damage":24,"enemies":"Snake Plant","floor":22,"turns":3},{"damage":17,"enemies":"Centurion and Healer","floor":24,"turns":4},{"damage":55,"enemies":"Book of Stabbing","floor":27,"turns":5},{"damage":3,"enemies":"Cultist and Chosen","floor":28,"turns":2},{"damage":4,"enemies":"Champ","floor":33,"turns":7},{"damage":14,"enemies":"3 Darklings","floor":35,"turns":3},{"damage":0,"enemies":"Orb Walker","floor":36,"turns":4},{"damage":14,"enemies":"Jaw Worm Horde","floor":39,"turns":4},{"damage":35,"enemies":"Giant Head","floor":40,"turns":7},{"damage":32,"enemies":"Writhing Mass","floor":42,"turns":4},{"damage":6,"enemies":"3 Darklings","floor":45,"turns":4},{"damage":31,"enemies":"4 Shapes","floor":48,"turns":3},{"damage":50,"enemies":"Time Eater","floor":50,"turns":8}],"seed_played":"-1337114597765269036","potions_obtained":[{"floor":10,"key":"FearPotion"},{"floor":11,"key":"BloodPotion"},{"floor":16,"key":"SteroidPotion"}],"is_trial":false,"path_per_floor":["M","?","$","?","?","R","E","R","T","M","M","?","E","?","R","B",null,"M","?","?","M","M","R","M","R","T","E","M","R","?","$","R","B",null,"M","M","?","?","M","E","R","M","T","?","M","?","$","M","R","B",null],"character_chosen":"IRONCLAD","items_purchased":["Whirlwind","Pear","Membership Card","Regal Pillow","Darkstone Periapt","Good Instincts+1"],"campfire_rested":4,"item_purchase_floors":[3,31,47,47,47,47],"current_hp_per_floor":[80,64,64,64,64,64,41,41,41,48,55,55,32,32,55,25,66,64,64,64,71,54,54,44,68,68,20,24,49,49,59,87,90,95,88,98,98,98,91,63,63,87,87,87,102,97,97,98,98,82],"gold":205,"neow_bonus":"HUNDRED_GOLD","is_prod":false,"is_daily":false,"chose_seed":false,"campfire_upgraded":5,"win_rate":0,"timestamp":1550691298,"path_taken":["M","?","$","?","?","R","E","R","T","?","M","?","E","?","R","BOSS","M","?","?","M","M","R","M","R","T","E","?","R","?","$","R","BOSS","M","?","?","?","?","E","R","M","T","?","M","?","$","M","R","BOSS"],"build_version":"2019-01-23","purchased_purges":3,"victory":true,"max_hp_per_floor":[80,80,80,74,74,74,75,75,75,76,77,77,78,78,78,79,79,80,80,80,81,82,82,83,83,83,84,85,85,85,95,95,96,96,97,98,98,98,99,100,100,101,101,101,102,97,97,98,98,99],"card_choices":[{"not_picked":["Perfected Strike","Heavy Blade"],"picked":"Thunderclap","floor":1},{"not_picked":["Havoc","Evolve"],"picked":"True Grit","floor":7},{"not_picked":["Flex","Shrug It Off","Flame Barrier"],"picked":"Seeing Red","floor":10},{"not_picked":["Warcry","Inflame","Clothesline+1"],"picked":"Heavy Blade+1","floor":11},{"not_picked":["Havoc","Fire Breathing","Anger+1"],"picked":"Blood for Blood+1","floor":13},{"not_picked":["Immolate+1","Impervious","Berserk"],"picked":"Demon Form","floor":16},{"not_picked":["Body Slam+1","Iron Wave+1","Sword Boomerang+1"],"picked":"Thunderclap+1","floor":18},{"not_picked":["Sword Boomerang+1","Wild Strike+1","Flame Barrier","Perfected Strike+1"],"picked":"SKIP","floor":18},{"not_picked":["Flex","Pummel+1","Wild Strike+1"],"picked":"Exhume","floor":21},{"not_picked":["Power Through","Reckless Charge+1","Perfected Strike+1","True Grit"],"picked":"SKIP","floor":21},{"not_picked":["Cleave+1","Body Slam+1","Disarm"],"picked":"Spot Weakness+1","floor":22},{"not_picked":["Sever Soul+1","Rampage+1","Blood for Blood+1","Fire Breathing"],"picked":"SKIP","floor":22},{"not_picked":["Twin Strike+1","True Grit","Heavy Blade+1"],"picked":"Headbutt+1","floor":24},{"not_picked":["Sword Boomerang+1","Entrench","Searing Blow+1","Wild Strike+1"],"picked":"SKIP","floor":24},{"not_picked":["Twin Strike+1","Sword Boomerang+1","Spot Weakness+1"],"picked":"Ghostly Armor+1","floor":27},{"not_picked":["Disarm+1","Pommel Strike+1","Flex+1"],"picked":"Armaments+1","floor":28},{"not_picked":["Whirlwind+1","Iron Wave+1","Sword Boomerang+1"],"picked":"Impervious+1","floor":28},{"not_picked":["Barricade","Berserk","Double Tap+1"],"picked":"Reaper+1","floor":33},{"not_picked":["Flex+1","Body Slam+1","Disarm+1"],"picked":"Warcry+1","floor":35},{"not_picked":["Twin Strike+1","Perfected Strike+1","Rupture+1","Dropkick+1"],"picked":"SKIP","floor":35},{"not_picked":["Reckless Charge+1","Pommel Strike+1","Impervious+1","Anger+1"],"picked":"SKIP","floor":36},{"not_picked":["Dropkick+1","Twin Strike+1","Uppercut+1","Entrench+1"],"picked":"SKIP","floor":36},{"not_picked":["Shrug It Off+1","Second Wind+1","Sword Boomerang+1"],"picked":"Dual Wield+1","floor":39},{"not_picked":["Uppercut+1","Infernal Blade+1","Pommel Strike+1","Rupture"],"picked":"SKIP","floor":39},{"not_picked":["Flex+1","Clash+1","True Grit+1"],"picked":"Reaper+1","floor":40},{"not_picked":["Bloodletting+1","Clash+1","Iron Wave+1"],"picked":"True Grit+1","floor":42},{"not_picked":["Havoc+1","Flex+1","Thunderclap+1"],"picked":"True Grit+1","floor":42},{"not_picked":["Headbutt+1","Body Slam+1","Pommel Strike+1"],"picked":"Warcry+1","floor":45},{"not_picked":["Anger+1","Bludgeon+1","Warcry+1"],"picked":"Shrug It Off+1","floor":45},{"not_picked":["Burning Pact+1","Armaments+1","Flex+1","Sever Soul+1"],"picked":"SKIP","floor":48},{"not_picked":["Warcry+1","Clash+1","Thunderclap+1","Disarm+1"],"picked":"SKIP","floor":48}],"player_experience":19668,"relics_obtained":[{"floor":7,"key":"Question Card"},{"floor":9,"key":"Molten Egg 2"},{"floor":13,"key":"Centennial Puzzle"},{"floor":26,"key":"Toxic Egg 2"},{"floor":27,"key":"Pocketwatch"},{"floor":40,"key":"War Paint"},{"floor":43,"key":"Vajra"}],"event_choices":[{"damage_healed":0,"gold_gain":0,"player_choice":"Entered Light","damage_taken":16,"max_hp_gain":0,"max_hp_loss":0,"event_name":"Shining Light","floor":2,"gold_loss":0,"cards_upgraded":["Strike_R","Defend_R"]},{"damage_healed":0,"gold_gain":0,"player_choice":"Lose Max HP","damage_taken":0,"relics_obtained":["Golden Idol"],"max_hp_gain":0,"max_hp_loss":6,"event_name":"Golden Idol","floor":4,"gold_loss":0},{"damage_healed":0,"gold_gain":0,"player_choice":"Trade","damage_taken":0,"relics_obtained":["FaceOfCleric"],"max_hp_gain":0,"max_hp_loss":0,"event_name":"FaceTrader","floor":5,"gold_loss":0},{"damage_healed":0,"gold_gain":0,"player_choice":"Searched \u00272\u0027 times","damage_taken":0,"relics_obtained":["Prayer Wheel"],"max_hp_gain":0,"max_hp_loss":0,"event_name":"Dead Adventurer","floor":12,"gold_loss":0},{"cards_removed":["Strike_R"],"damage_healed":0,"gold_gain":0,"player_choice":"Card Removal","damage_taken":0,"max_hp_gain":0,"max_hp_loss":0,"event_name":"The Cleric","floor":14,"gold_loss":50},{"damage_healed":0,"gold_gain":0,"player_choice":"Ignored","damage_taken":0,"max_hp_gain":0,"max_hp_loss":0,"event_name":"Ghosts","floor":19,"gold_loss":0},{"damage_healed":0,"gold_gain":0,"player_choice":"Forge","damage_taken":0,"max_hp_gain":0,"max_hp_loss":0,"event_name":"Accursed Blacksmith","floor":20,"gold_loss":0,"cards_upgraded":["Demon Form"]},{"damage_healed":0,"gold_gain":0,"player_choice":"Ignored","damage_taken":0,"max_hp_gain":0,"max_hp_loss":0,"event_name":"N\u0027loth","floor":30,"gold_loss":0},{"damage_healed":0,"gold_gain":0,"player_choice":"Paid","damage_taken":0,"relics_obtained":["Red Mask"],"max_hp_gain":0,"max_hp_loss":0,"event_name":"Tomb of Lord Red Mask","floor":37,"gold_loss":208},{"damage_healed":0,"gold_gain":275,"player_choice":"Desecrate","damage_taken":0,"max_hp_gain":0,"max_hp_loss":0,"event_name":"Golden Shrine","floor":38,"gold_loss":0,"cards_obtained":["Regret"]},{"damage_healed":0,"gold_gain":333,"player_choice":"Gave Idol","damage_taken":0,"max_hp_gain":0,"max_hp_loss":0,"event_name":"The Moai Head","floor":44,"relics_lost":["Golden Idol"],"gold_loss":0},{"damage_healed":0,"gold_gain":0,"player_choice":"Max HP","damage_taken":0,"max_hp_gain":0,"max_hp_loss":5,"event_name":"Winding Halls","floor":46,"gold_loss":0}],"is_beta":false,"boss_relics":[{"not_picked":["Fusion Hammer","Eternal Feather"],"picked":"Sozu"},{"not_picked":["Lizard Tail","White Beast Statue"],"picked":"Coffee Dripper"}],"items_purged_floors":[3,31,47],"is_endless":false,"potions_floor_spawned":[10,11,16,22,24,28,33,35,36,45],"ascension_level":5}