{"gold_per_floor":[118,118,118,83,97,97,115,115,115,115,128,89,107,3,3,106,106,118,118,129,147,147,147,157,157,231,266,266,291,37,37,37,138,138,149,149],"floor_reached":36,"playtime":2003,"items_purged":[],"score":507,"play_id":"a5f9a55f-5c6f-40d9-8c1c-237d014283fc","local_time":"20180928213616","is_ascension_mode":true,"campfire_choices":[{"data":"A Thousand Cuts","floor":6,"key":"SMITH"},{"data":"Neutralize","floor":8,"key":"SMITH"},{"data":"Flechettes","floor":10,"key":"SMITH"},{"data":"Footwork","floor":15,"key":"SMITH"},{"data":"Catalyst","floor":23,"key":"SMITH"},{"floor":25,"key":"REST"},{"data":"Cloak And Dagger","floor":28,"key":"SMITH"},{"floor":32,"key":"REST"}],"neow_cost":"NONE","seed_source_timestamp":35541814772599,"circlet_count":0,"master_deck":["Defend_G","Strike_G","Strike_G","Strike_G","Strike_G","Strike_G","Survivor","Neutralize+1","A Thousand Cuts+1","Dodge and Roll","Flechettes+1","Cloak And Dagger+1","Backflip","Infinite Blades","Deadly Poison","Footwork+1","Catalyst+1","A Thousand Cuts+1","Night Terror+1","All Out Attack+1","Adrenaline+1","Deflect","Flying Knee+1","Slice","Catalyst+1","Dodge and Roll","Outmaneuver","Footwork","Bouncing Flask","Backstab","Blur","Decay","Burst","Flying Knee+1"],"relics":["Ring of the Snake","Pocketwatch","Potion Belt","Astrolabe","GremlinMask","Gremlin Horn","Ancient Tea Set","Ornamental Fan","Coffee Dripper"],"potions_floor_usage":[16,27,33,36],"damage_taken":[{"damage":5,"enemies":"2 Louse","floor":1,"turns":3},{"damage":0,"enemies":"Cultist","floor":5,"turns":5},{"damage":10,"enemies":"Small Slimes","floor":7,"turns":3},{"damage":5,"enemies":"Looter","floor":11,"turns":3},{"damage":10,"enemies":"2 Fungi Beasts","floor":13,"turns":4},{"damage":5,"enemies":"The Guardian","floor":16,"turns":10},{"damage":7,"enemies":"3 Byrds","floor":18,"turns":4},{"damage":21,"enemies":"Shell Parasite","floor":20,"turns":6},{"damage":0,"enemies":"3 Cultists","floor":21,"turns":4},{"damage":2,"enemies":"Snecko","floor":24,"turns":3},{"damage":27,"enemies":"Book of Stabbing","floor":27,"turns":3},{"damage":10,"enemies":"Gremlin Leader","floor":29,"turns":5},{"damage":11,"enemies":"Champ","floor":33,"turns":7},{"damage":55,"enemies":"3 Darklings","floor":35,"turns":5},{"damage":21,"enemies":"Orb Walker","floor":36,"turns":2}],"seed_played":"921253802447680616","potions_obtained":[{"floor":11,"key":"AttackPotion"},{"floor":24,"key":"Energy Potion"},{"floor":29,"key":"Regen Potion"},{"floor":33,"key":"Poison Potion"}],"is_trial":false,"path_per_floor":["M","?","?","?","M","R","M","R","T","R","M","$","M","$","R","B",null,"M","?","M","M","?","R","M","R","T","E","R","E","$","?","R","B",null,"M"],"character_chosen":"THE_SILENT","items_purchased":["Infinite Blades","Footwork","Catalyst","Footwork","Bouncing Flask","Backstab","Blur"],"campfire_rested":2,"item_purchase_floors":[12,14,14,30,30,30,30],"current_hp_per_floor":[58,58,46,63,63,63,53,53,53,53,48,48,38,38,38,33,61,54,54,33,33,33,33,31,52,52,25,25,15,15,15,36,40,63,8,0],"gold":149,"neow_bonus":"ONE_RANDOM_RARE_CARD","is_prod":false,"is_daily":false,"chose_seed":false,"campfire_upgraded":6,"win_rate":0,"timestamp":1538145376,"path_taken":["M","?","?","?","M","R","M","R","T","R","M","?","?","$","R","BOSS","M","?","M","M","?","R","M","R","T","E","R","E","$","?","R","BOSS","M","M"],"build_version":"2018-09-27","purchased_purges":0,"victory":false,"max_hp_per_floor":[70,70,70,70,70,70,70,70,70,70,70,70,70,70,70,70,70,70,70,70,70,70,70,70,70,70,70,70,70,70,70,70,70,70,70,70],"card_choices":[{"not_picked":["Acrobatics","Outmaneuver"],"picked":"Dodge and Roll","floor":1},{"not_picked":["Poisoned Stab","Skewer"],"picked":"Flechettes","floor":5},{"not_picked":["Poisoned Stab","Sucker Punch"],"picked":"Cloak And Dagger","floor":7},{"not_picked":["Masterful Stab","Dagger Throw"],"picked":"Backflip","floor":11},{"not_picked":["Eviscerate","Flying Knee"],"picked":"Deadly Poison","floor":13},{"not_picked":["Night Terror","Malaise"],"picked":"A Thousand Cuts","floor":16},{"not_picked":["Backflip","Slice"],"picked":"Deflect","floor":18},{"not_picked":["Prepared+1","Slice"],"picked":"Flying Knee+1","floor":20},{"not_picked":["Underhanded Strike+1","Flying Knee"],"picked":"Slice","floor":21},{"not_picked":["Eviscerate+1","Slice"],"picked":"Catalyst+1","floor":24},{"not_picked":["Dagger Throw","Expertise+1"],"picked":"Dodge and Roll","floor":27},{"not_picked":["Caltrops","Flying Knee"],"picked":"Outmaneuver","floor":29},{"not_picked":["Bullet Time","A Thousand Cuts"],"picked":"Burst","floor":33},{"not_picked":["Deadly Poison","All Out Attack+1"],"picked":"Flying Knee+1","floor":35}],"player_experience":247015,"relics_obtained":[{"floor":9,"key":"Potion Belt"},{"floor":26,"key":"Gremlin Horn"},{"floor":27,"key":"Ancient Tea Set"},{"floor":29,"key":"Ornamental Fan"}],"event_choices":[{"event_name":"Bonfire Elementals","player_choice":"BASIC","floor":2,"damage_taken":0},{"event_name":"Scrap Ooze","player_choice":"success","floor":3,"damage_taken":12},{"event_name":"The Cleric","player_choice":"Healed","floor":4,"damage_taken":0},{"event_name":"FaceTrader","player_choice":"Trade","floor":19,"damage_taken":0},{"event_name":"Upgrade Shrine","player_choice":"Upgraded","floor":22,"damage_taken":0},{"event_name":"Forgotten Altar","player_choice":"Smashed Altar","floor":31,"damage_taken":0}],"is_beta":false,"boss_relics":[{"not_picked":["Lizard Tail","Sozu"],"picked":"Astrolabe"},{"not_picked":["Cursed Key","Velvet Choker"],"picked":"Coffee Dripper"}],"items_purged_floors":[],"is_endless":false,"potions_floor_spawned":[11,24,29,33],"killed_by":"Orb Walker","ascension_level":6}