{"gold_per_floor":[112,112,112,23,23,57,109,109,109,109,125,142,162,196,196,292,292,282,262,34,34,134,134],"floor_reached":23,"playtime":2255,"items_purged":["Strike_R"],"score":205,"play_id":"d8f90d60-9c1a-4d7f-b26a-79488b16a633","local_time":"20180806151032","is_ascension_mode":true,"campfire_choices":[{"data":"Flame Barrier","floor":8,"key":"SMITH"},{"data":"Dual Wield","floor":10,"key":"SMITH"},{"floor":15,"key":"REST"}],"neow_cost":"","seed_source_timestamp":886438350734083,"circlet_count":0,"master_deck":["Strike_R","Strike_R","Defend_R","Defend_R","Defend_R","Defend_R","Bash","Cleave","Iron Wave","Flame Barrier+1","Flex","Dual Wield+1","Body Slam","Juggernaut+1","Armaments","Barricade","Shrug It Off","Injury"],"relics":["Burning Blood","Dream Catcher","Lantern","Pantograph","Torii","White Beast Statue","Vajra"],"potions_floor_usage":[14,14,16,23],"damage_taken":[{"damage":2,"enemies":"2 Louse","floor":1,"turns":3},{"damage":20,"enemies":"3 Sentries","floor":6,"turns":9},{"damage":0,"enemies":"Cultist","floor":11,"turns":3},{"damage":8,"enemies":"Small Slimes","floor":12,"turns":2},{"damage":24,"enemies":"Exordium Wildlife","floor":13,"turns":4},{"damage":42,"enemies":"Gremlin Nob","floor":14,"turns":6},{"damage":37,"enemies":"Slime Boss","floor":16,"turns":9},{"damage":18,"enemies":"2 Thieves","floor":18,"turns":4},{"damage":89,"enemies":"Gremlin Leader","floor":23,"turns":8}],"seed_played":"-3709201834660858812","potions_obtained":[{"floor":11,"key":"Block Potion"},{"floor":13,"key":"GamblersBrew"},{"floor":14,"key":"Dexterity Potion"},{"floor":18,"key":"GamblersBrew"},{"floor":19,"key":"FairyPotion"}],"is_trial":false,"path_per_floor":["M","?","?","$","?","E","T","R","T","R","M","M","M","E","R","B",null,"M","?","$","?","?"],"character_chosen":"IRONCLAD","items_purchased":["Flame Barrier","Flex","Vajra"],"campfire_rested":1,"item_purchase_floors":[4,4,20],"current_hp_per_floor":[80,80,80,80,73,59,59,59,59,59,65,63,45,9,33,27,80,68,68,68,68,68,0],"gold":134,"neow_bonus":"","is_prod":false,"is_daily":false,"chose_seed":false,"campfire_upgraded":2,"win_rate":0,"timestamp":1533593432,"path_taken":["M","?","?","$","?","E","?","R","T","R","M","M","M","E","R","BOSS","M","?","$","?","?","E"],"build_version":"2018-08-02","purchased_purges":1,"victory":false,"max_hp_per_floor":[80,80,80,80,80,80,80,80,80,80,80,80,80,80,80,80,80,80,80,80,80,80,80],"card_choices":[{"not_picked":["Clash","Evolve"],"picked":"Cleave","floor":1},{"not_picked":["Clash","Wild Strike"],"picked":"Dual Wield","floor":6},{"not_picked":["Headbutt","Clothesline"],"picked":"Body Slam","floor":11},{"not_picked":["Headbutt","Uppercut"],"picked":"Juggernaut","floor":12},{"not_picked":["Heavy Blade","Fire Breathing","Clothesline"],"picked":"SKIP","floor":13},{"not_picked":["Headbutt","Heavy Blade"],"picked":"Armaments","floor":14},{"not_picked":["Reaper","Berserk"],"picked":"Barricade","floor":16},{"not_picked":["Heavy Blade","Reckless Charge"],"picked":"Shrug It Off","floor":18}],"player_experience":43989,"relics_obtained":[{"floor":6,"key":"Dream Catcher"},{"floor":7,"key":"Lantern"},{"floor":9,"key":"Pantograph"},{"floor":14,"key":"Torii"}],"event_choices":[{"event_name":"Transmorgrifier","player_choice":"Transform","floor":2,"damage_taken":0},{"event_name":"Liars Game","player_choice":"disagreed","floor":3,"damage_taken":0},{"event_name":"Golden Wing","player_choice":"Card Removal","floor":5,"damage_taken":0},{"event_name":"The Woman in Blue","player_choice":"Bought 1 Potion","floor":19,"damage_taken":0},{"event_name":"Accursed Blacksmith","player_choice":"Forge","floor":21,"damage_taken":0},{"event_name":"Golden Shrine","player_choice":"Pray","floor":22,"damage_taken":0}],"is_beta":false,"boss_relics":[{"not_picked":["Runic Pyramid","Black Star"],"picked":"White Beast Statue"}],"items_purged_floors":[20],"is_endless":false,"potions_floor_spawned":[11,13,14,18],"killed_by":"Gremlin Leader","ascension_level":1}