{"gold_per_floor":[215,234,251,270,35,91,102,102],"floor_reached":8,"playtime":531,"items_purged":[],"score":105,"play_id":"1675eca4-0c9a-4b5d-b371-5532467b9088","local_time":"20190214192653","is_ascension_mode":true,"campfire_choices":[],"neow_cost":"NONE","seed_source_timestamp":6727937958500,"circlet_count":0,"master_deck":["AscendersBane","Defend_G","Defend_G","Defend_G","Defend_G","Defend_G","Strike_G","Strike_G","Strike_G","Strike_G","Strike_G","Survivor","Neutralize","Cloak And Dagger","Cloak And Dagger","Deadly Poison","Crippling Poison","Corpse Explosion"],"relics":["Ring of the Snake","Sling","Tiny Chest"],"potions_floor_usage":[7,8,8],"damage_taken":[{"damage":2,"enemies":"Cultist","floor":1,"turns":6},{"damage":0,"enemies":"Jaw Worm","floor":2,"turns":5},{"damage":2,"enemies":"Small Slimes","floor":3,"turns":5},{"damage":11,"enemies":"Exordium Thugs","floor":4,"turns":5},{"damage":30,"enemies":"3 Sentries","floor":6,"turns":13},{"damage":0,"enemies":"Gremlin Gang","floor":7,"turns":1},{"damage":17,"enemies":"Lagavulin","floor":8,"turns":3}],"seed_played":"-5401701362579317281","potions_obtained":[{"floor":3,"key":"Weak Potion"},{"floor":4,"key":"SkillPotion"},{"floor":7,"key":"GamblersBrew"}],"is_trial":false,"path_per_floor":["M","M","M","M","$","E","M","E"],"character_chosen":"THE_SILENT","items_purchased":["Sling","Crippling Poison"],"campfire_rested":0,"item_purchase_floors":[5,5],"current_hp_per_floor":[57,57,55,44,44,14,14,0],"gold":102,"neow_bonus":"HUNDRED_GOLD","is_prod":false,"is_daily":false,"chose_seed":false,"campfire_upgraded":0,"win_rate":0,"timestamp":1550143613,"path_taken":["M","M","M","?","$","E","M","E"],"build_version":"2019-01-23","purchased_purges":0,"victory":false,"max_hp_per_floor":[66,66,66,66,66,66,66,66],"card_choices":[{"not_picked":["Endless Agony","PiercingWail"],"picked":"Cloak And Dagger","floor":1},{"not_picked":["Infinite Blades","Bane"],"picked":"Cloak And Dagger","floor":2},{"not_picked":["Setup","Acrobatics"],"picked":"Deadly Poison","floor":3},{"not_picked":["Acrobatics","Dash","Masterful Stab"],"picked":"SKIP","floor":4},{"not_picked":["Deflect","Blur"],"picked":"Corpse Explosion","floor":6},{"not_picked":["Acrobatics","Crippling Poison","Flying Knee"],"picked":"SKIP","floor":7}],"player_experience":704834,"relics_obtained":[{"floor":6,"key":"Tiny Chest"}],"event_choices":[],"is_beta":false,"boss_relics":[],"items_purged_floors":[],"is_endless":false,"potions_floor_spawned":[3,4,7],"killed_by":"Lagavulin","ascension_level":15}