{"gold_per_floor":[12,24,24,24,124,158,158,174,200,210,210,221,20,36,36,133,133,144,159,174,174,274,302,302,28,52,82,82,82,82,95,95,194,194,204,0,16,16,116,148,166,166,238,258,276,295,295,124,124,124],"floor_reached":51,"playtime":2807,"items_purged":["Strike_R","Pain"],"score":742,"play_id":"6c6f6c14-535d-4b8a-8f6a-1c08b7513f38","local_time":"20190228013400","is_ascension_mode":false,"campfire_choices":[{"data":"Whirlwind","floor":7,"key":"SMITH"},{"data":"Uppercut","floor":11,"key":"SMITH"},{"data":"Limit Break","floor":15,"key":"SMITH"},{"data":"RitualDagger","floor":24,"key":"SMITH"},{"data":"Shrug It Off","floor":28,"key":"SMITH"},{"data":"Rampage","floor":32,"key":"SMITH"},{"data":"Bash","floor":42,"key":"SMITH"},{"data":"True Grit","floor":49,"key":"SMITH"}],"neow_cost":"NO_GOLD","seed_source_timestamp":13615402556543,"circlet_count":0,"master_deck":["Defend_R","Defend_R","Defend_R+1","Bash+1","Warcry+1","Whirlwind+1","Uppercut+1","Rampage+1","Limit Break+1","Shrug It Off+1","Flex+1","Reaper","Shrug It Off+1","Warcry+1","RitualDagger+1","Offering+1","Reaper","Writhe","Reaper","Flash of Steel","True Grit+1"],"relics":["Burning Blood","Vajra","Art of War","Cursed Key","Bird Faced Urn","Singing Bowl","Bag of Marbles","DollysMirror","Red Skull","War Paint","Lizard Tail","Red Mask","Magic Flower","Smiling Mask","Self Forming Clay"],"potions_floor_usage":[6,22,50,50,50],"damage_taken":[{"damage":5,"enemies":"Cultist","floor":1,"turns":4},{"damage":0,"enemies":"Small Slimes","floor":2,"turns":3},{"damage":31,"enemies":"Lagavulin","floor":6,"turns":5},{"damage":3,"enemies":"Jaw Worm","floor":8,"turns":4},{"damage":0,"enemies":"Large Slime","floor":10,"turns":5},{"damage":12,"enemies":"Exordium Thugs","floor":12,"turns":2},{"damage":0,"enemies":"3 Louse","floor":14,"turns":2},{"damage":20,"enemies":"The Guardian","floor":16,"turns":7},{"damage":10,"enemies":"Spheric Guardian","floor":18,"turns":3},{"damage":0,"enemies":"Chosen","floor":19,"turns":4},{"damage":18,"enemies":"Snake Plant","floor":20,"turns":4},{"damage":12,"enemies":"Colosseum Slavers","floor":22,"turns":10},{"damage":34,"enemies":"Colosseum Nobs","floor":22,"turns":5},{"damage":22,"enemies":"Book of Stabbing","floor":23,"turns":5},{"damage":7,"enemies":"Slavers","floor":27,"turns":2},{"damage":11,"enemies":"Centurion and Healer","floor":31,"turns":7},{"damage":34,"enemies":"Automaton","floor":33,"turns":7},{"damage":6,"enemies":"3 Darklings","floor":35,"turns":1},{"damage":13,"enemies":"3 Shapes","floor":37,"turns":4},{"damage":13,"enemies":"Mind Bloom Boss Battle","floor":39,"turns":6},{"damage":88,"enemies":"Giant Head","floor":40,"turns":9},{"damage":6,"enemies":"Maw","floor":41,"turns":5},{"damage":49,"enemies":"4 Shapes","floor":44,"turns":10},{"damage":1,"enemies":"Jaw Worm Horde","floor":45,"turns":1},{"damage":45,"enemies":"Transient","floor":46,"turns":5},{"damage":104,"enemies":"Donu and Deca","floor":50,"turns":11}],"seed_played":"-8878154363318158495","potions_obtained":[{"floor":2,"key":"SteroidPotion"},{"floor":8,"key":"SpeedPotion"},{"floor":10,"key":"Energy Potion"},{"floor":19,"key":"SteroidPotion"},{"floor":22,"key":"Poison Potion"},{"floor":27,"key":"Dexterity Potion"},{"floor":37,"key":"Block Potion"},{"floor":45,"key":"EssenceOfSteel"}],"is_trial":false,"path_per_floor":["M","M","?","?","?","E","R","M","T","M","R","M","$","M","R","B",null,"M","M","M","?","?","E","R","$","T","E","R","?","?","M","R","B",null,"M","?","M","?","?","E","M","R","T","M","M","M","?","$","R","B",null],"character_chosen":"IRONCLAD","items_purchased":["Limit Break","Shrug It Off","DollysMirror","Flash of Steel","True Grit"],"campfire_rested":0,"item_purchase_floors":[13,13,25,48,48],"current_hp_per_floor":[80,80,80,64,64,39,39,42,42,48,48,42,42,48,48,34,80,76,80,68,62,59,43,43,43,43,44,44,44,44,72,72,44,86,88,88,89,89,92,70,96,96,96,98,100,76,76,76,76,61],"gold":124,"neow_bonus":"REMOVE_TWO","is_prod":false,"is_daily":false,"chose_seed":false,"campfire_upgraded":8,"win_rate":0,"timestamp":1551335640,"path_taken":["M","?","?","?","?","E","R","M","T","M","R","M","$","M","R","BOSS","M","M","M","?","?","E","R","$","T","E","R","?","?","M","R","BOSS","M","?","M","?","?","E","M","R","T","M","?","M","?","$","R","BOSS"],"build_version":"2019-01-23","purchased_purges":2,"victory":true,"max_hp_per_floor":[80,80,80,80,80,80,80,80,80,80,80,80,80,80,80,80,80,80,80,80,80,82,82,82,82,82,84,84,84,84,86,86,86,86,88,88,90,90,92,94,96,96,96,98,100,102,102,102,102,102],"card_choices":[{"not_picked":["Body Slam","Heavy Blade"],"picked":"Warcry","floor":1},{"not_picked":["Immolate","Pommel Strike"],"picked":"Whirlwind","floor":2},{"not_picked":["Hemokinesis","Twin Strike"],"picked":"Uppercut","floor":6},{"not_picked":["True Grit","Evolve","Twin Strike"],"picked":"SKIP","floor":8},{"not_picked":["Thunderclap","Rage","Armaments"],"picked":"SKIP","floor":10},{"not_picked":["Pommel Strike","Cleave"],"picked":"Rampage","floor":12},{"not_picked":["Headbutt","Corruption"],"picked":"Flex","floor":14},{"not_picked":["Dark Embrace","Juggernaut"],"picked":"Reaper","floor":16},{"not_picked":["Clash+1","Thunderclap"],"picked":"Shrug It Off+1","floor":18},{"not_picked":["Perfected Strike","Ghostly Armor"],"picked":"Warcry+1","floor":19},{"not_picked":["Entrench","Twin Strike","Clothesline+1"],"picked":"SKIP","floor":20},{"not_picked":["Rampage","Headbutt","Cleave"],"picked":"Singing Bowl","floor":22},{"not_picked":["Dual Wield","Metallicize"],"picked":"Offering","floor":23},{"not_picked":["Rupture","Flex+1","Searing Blow"],"picked":"Singing Bowl","floor":27},{"not_picked":["Clash","Combust","Cleave"],"picked":"Singing Bowl","floor":31},{"not_picked":["Immolate","Offering"],"picked":"Reaper","floor":33},{"not_picked":["Hemokinesis","Havoc+1","Clothesline"],"picked":"Singing Bowl","floor":35},{"not_picked":["Sword Boomerang","Hemokinesis+1","Inflame"],"picked":"Singing Bowl","floor":37},{"not_picked":["Spot Weakness","Anger","Rampage+1"],"picked":"Singing Bowl","floor":39},{"not_picked":["Feed","Evolve","Wild Strike+1"],"picked":"Singing Bowl","floor":40},{"not_picked":["Perfected Strike","Spot Weakness+1","Sword Boomerang+1"],"picked":"Singing Bowl","floor":41},{"not_picked":["Pommel Strike+1","Thunderclap+1","Clothesline"],"picked":"Singing Bowl","floor":44},{"not_picked":["Twin Strike+1","Bloodletting","Double Tap"],"picked":"Singing Bowl","floor":45},{"not_picked":["Power Through","Armaments+1","Flame Barrier+1"],"picked":"Singing Bowl","floor":46}],"player_experience":498388,"relics_obtained":[{"floor":6,"key":"Vajra"},{"floor":9,"key":"Art of War"},{"floor":22,"key":"Bird Faced Urn"},{"floor":22,"key":"Singing Bowl"},{"floor":23,"key":"Bag of Marbles"},{"floor":26,"key":"Red Skull"},{"floor":27,"key":"War Paint"},{"floor":39,"key":"Magic Flower"},{"floor":40,"key":"Smiling Mask"},{"floor":43,"key":"Self Forming Clay"}],"event_choices":[{"cards_removed":["Strike_R"],"damage_healed":0,"gold_gain":0,"player_choice":"Forget","damage_taken":0,"max_hp_gain":0,"max_hp_loss":0,"event_name":"Living Wall","floor":3,"gold_loss":0},{"damage_healed":0,"gold_gain":0,"player_choice":"Entered Light","damage_taken":16,"max_hp_gain":0,"max_hp_loss":0,"event_name":"Shining Light","floor":4,"gold_loss":0,"cards_upgraded":["Warcry","Strike_R"]},{"damage_healed":0,"gold_gain":100,"player_choice":"Pray","damage_taken":0,"max_hp_gain":0,"max_hp_loss":0,"event_name":"Golden Shrine","floor":5,"gold_loss":0},{"damage_healed":0,"gold_gain":0,"player_choice":"Joined the Cult","damage_taken":6,"max_hp_gain":0,"max_hp_loss":0,"event_name":"Nest","floor":21,"gold_loss":0,"cards_obtained":["RitualDagger"]},{"damage_healed":0,"gold_gain":0,"player_choice":"Fight","damage_taken":0,"max_hp_gain":0,"max_hp_loss":0,"event_name":"Colosseum","floor":22,"gold_loss":0},{"damage_healed":0,"gold_gain":0,"player_choice":"Fought Nobs","damage_taken":0,"max_hp_gain":0,"max_hp_loss":0,"event_name":"Colosseum","floor":22,"gold_loss":0},{"cards_removed":["Strike_R"],"damage_healed":0,"gold_gain":0,"player_choice":"Elegance","damage_taken":0,"max_hp_gain":0,"max_hp_loss":0,"event_name":"Back to Basics","floor":29,"gold_loss":0},{"damage_healed":0,"gold_gain":0,"player_choice":"Ignored","damage_taken":0,"max_hp_gain":0,"max_hp_loss":0,"event_name":"Vampires","floor":30,"gold_loss":0},{"damage_healed":0,"gold_gain":0,"player_choice":"Paid","damage_taken":0,"relics_obtained":["Red Mask"],"max_hp_gain":0,"max_hp_loss":0,"event_name":"Tomb of Lord Red Mask","floor":36,"gold_loss":204},{"cards_removed":["Strike_R"],"damage_healed":0,"gold_gain":0,"player_choice":"Removed Attack","damage_taken":0,"max_hp_gain":0,"max_hp_loss":0,"event_name":"Falling","floor":38,"gold_loss":0},{"damage_healed":0,"gold_gain":0,"player_choice":"Fight","damage_taken":0,"max_hp_gain":0,"max_hp_loss":0,"event_name":"MindBloom","floor":39,"gold_loss":0},{"damage_healed":0,"gold_gain":0,"player_choice":"Upgraded","damage_taken":0,"max_hp_gain":0,"max_hp_loss":0,"event_name":"Upgrade Shrine","floor":47,"gold_loss":0,"cards_upgraded":["Defend_R"]}],"is_beta":false,"boss_relics":[{"not_picked":["Tiny House","Runic Pyramid"],"picked":"Cursed Key"},{"not_picked":["Runic Dome","Black Blood"],"picked":"Lizard Tail"}],"items_purged_floors":[25,48],"is_endless":false,"potions_floor_spawned":[2,8,10,19,22,27,31,37,44,45,46],"ascension_level":0}