{"gold_per_floor":[213,225,300,315,315,315,106,138,206,55,55,66,78,105,105,184,184,201,219,219,239,239,239,139,116,116,116,41,41,41,41,41,41],"floor_reached":33,"playtime":1747,"items_purged":["Strike_R","Decay"],"score":410,"play_id":"760f4db4-d2ad-43de-bb73-b6a369624467","local_time":"20190225231205","is_ascension_mode":true,"campfire_choices":[{"data":"Armaments","floor":6,"key":"SMITH"},{"data":"True Grit","floor":11,"key":"SMITH"},{"floor":15,"key":"RECALL"},{"floor":23,"key":"REST"},{"data":"True Grit","floor":27,"key":"SMITH"},{"data":"True Grit","floor":29,"key":"SMITH"},{"data":"Infernal Blade","floor":32,"key":"SMITH"}],"neow_cost":"NONE","seed_source_timestamp":319857039105165,"circlet_count":0,"master_deck":["AscendersBane","Defend_R","Defend_R","Defend_R","Bash","Armaments+1","True Grit+1","Flex","Infernal Blade+1","Headbutt","PiercingWail","Cold Snap","True Grit+1","After Image","Backflip+1","Flex","Reaper","True Grit+1"],"relics":["Burning Blood","PrismaticShard","Juzu Bracelet","Sundial","Odd Mushroom","Mark of Pain","Frozen Egg 2","Red Skull"],"potions_floor_usage":[16,18,33,33],"damage_taken":[{"damage":6,"enemies":"Jaw Worm","floor":1,"turns":5},{"damage":1,"enemies":"Cultist","floor":2,"turns":4},{"damage":1,"enemies":"2 Louse","floor":4,"turns":3},{"damage":29,"enemies":"Lagavulin","floor":8,"turns":6},{"damage":2,"enemies":"Looter","floor":12,"turns":4},{"damage":0,"enemies":"Exordium Wildlife","floor":13,"turns":2},{"damage":9,"enemies":"The Mushroom Lair","floor":14,"turns":7},{"damage":21,"enemies":"Hexaghost","floor":16,"turns":11},{"damage":16,"enemies":"Spheric Guardian","floor":18,"turns":6},{"damage":12,"enemies":"3 Byrds","floor":19,"turns":8},{"damage":21,"enemies":"Snake Plant","floor":21,"turns":7},{"damage":97,"enemies":"Collector","floor":33,"turns":13}],"seed_played":"5653307036471607180","potions_obtained":[{"floor":1,"key":"Dexterity Potion"},{"floor":16,"key":"Strength Potion"},{"floor":21,"key":"Strength Potion"}],"is_trial":false,"path_per_floor":["M","M","?","M","?","R","$","E","T","$","R","M","M","?","R","B",null,"M","M","?","M","?","R","$","$","T","R","?","R","?","T","R","B"],"character_chosen":"IRONCLAD","items_purchased":["PrismaticShard","Headbutt","Strength Potion","True Grit"],"campfire_rested":1,"item_purchase_floors":[7,10,10,25],"current_hp_per_floor":[68,73,62,67,67,67,67,44,44,44,44,48,54,51,51,36,65,55,49,49,34,34,56,56,56,56,56,56,56,56,56,56,0],"gold":41,"neow_bonus":"HUNDRED_GOLD","is_prod":false,"is_daily":false,"chose_seed":false,"campfire_upgraded":5,"win_rate":0,"timestamp":1551103925,"path_taken":["M","M","?","M","?","R","$","E","T","$","R","M","M","?","R","BOSS","M","M","?","M","?","R","?","$","T","R","?","R","?","?","R","BOSS"],"build_version":"2019-01-23","purchased_purges":2,"victory":false,"max_hp_per_floor":[75,75,75,75,75,75,75,75,75,75,75,75,75,75,75,75,75,75,75,75,75,75,75,75,75,75,75,75,75,75,75,75,75],"card_choices":[{"not_picked":["Shockwave","Rampage"],"picked":"Armaments","floor":1},{"not_picked":["Body Slam","Shrug It Off"],"picked":"True Grit","floor":2},{"not_picked":["Armaments","Dual Wield"],"picked":"Flex","floor":4},{"not_picked":["Dagger Throw","Bullet Time","Armaments"],"picked":"SKIP","floor":8},{"not_picked":["Body Slam","Stack"],"picked":"PiercingWail","floor":12},{"not_picked":["Perfected Strike","Dagger Throw"],"picked":"Cold Snap","floor":13},{"not_picked":["Clash","Dash"],"picked":"True Grit","floor":14},{"not_picked":["Core Surge","All For One"],"picked":"After Image","floor":16},{"not_picked":["Body Slam","Bandage Up"],"picked":"Backflip+1","floor":18},{"not_picked":["Darkness","Hologram","Redo"],"picked":"SKIP","floor":19},{"not_picked":["Carnage","Hemokinesis","Perfected Strike"],"picked":"SKIP","floor":21}],"player_experience":102046,"relics_obtained":[{"floor":8,"key":"Juzu Bracelet"},{"floor":9,"key":"Sundial"},{"floor":14,"key":"Odd Mushroom"},{"floor":26,"key":"Frozen Egg 2"},{"floor":31,"key":"Red Skull"}],"event_choices":[{"damage_healed":0,"gold_gain":75,"player_choice":"Gather Gold","damage_taken":11,"max_hp_gain":0,"max_hp_loss":0,"event_name":"World of Goop","floor":3,"gold_loss":0},{"damage_healed":0,"gold_gain":0,"cards_transformed":["Strike_R"],"player_choice":"Transformed","damage_taken":0,"max_hp_gain":0,"max_hp_loss":0,"event_name":"Transmorgrifier","floor":5,"gold_loss":0,"cards_obtained":["Infernal Blade"]},{"damage_healed":0,"gold_gain":0,"player_choice":"Fought Mushrooms","damage_taken":0,"max_hp_gain":0,"max_hp_loss":0,"event_name":"Mushrooms","floor":14,"gold_loss":0},{"damage_healed":0,"gold_gain":0,"player_choice":"Smashed Altar","damage_taken":0,"max_hp_gain":0,"max_hp_loss":0,"event_name":"Forgotten Altar","floor":20,"gold_loss":0,"cards_obtained":["Decay"]},{"damage_healed":0,"gold_gain":0,"cards_transformed":["Strike_R","Strike_R"],"player_choice":"Became Test Subject","damage_taken":0,"max_hp_gain":0,"max_hp_loss":0,"event_name":"Drug Dealer","floor":22,"gold_loss":0,"cards_obtained":["Flex","Reaper"]},{"cards_removed":["Strike_R"],"damage_healed":0,"gold_gain":0,"player_choice":"Gave Gold","damage_taken":0,"max_hp_gain":0,"max_hp_loss":0,"event_name":"Beggar","floor":28,"gold_loss":75},{"cards_removed":["Defend_R"],"damage_healed":0,"gold_gain":0,"player_choice":"Elegance","damage_taken":0,"max_hp_gain":0,"max_hp_loss":0,"event_name":"Back to Basics","floor":30,"gold_loss":0}],"is_beta":false,"boss_relics":[{"not_picked":["Busted Crown","Coffee Dripper"],"picked":"Mark of Pain"}],"items_purged_floors":[10,24],"is_endless":false,"potions_floor_spawned":[1,13,14,16,21],"killed_by":"Collector","ascension_level":14}