{"gold_per_floor":[118,5,5,25,37,37,15,15,15,15,15,30,30,65,65,188,188,211,211,225,50,50],"floor_reached":22,"playtime":2068,"items_purged":["Strike_G","Regret"],"score":184,"play_id":"293e0aaa-1197-4f36-bb1b-336676485893","local_time":"20190203032116","is_ascension_mode":false,"campfire_choices":[{"data":"Infinite Blades","floor":6,"key":"SMITH"},{"data":"Footwork","floor":10,"key":"SMITH"},{"floor":15,"key":"REST"}],"neow_cost":"NONE","seed_source_timestamp":1345008794644453,"circlet_count":0,"master_deck":["Defend_G","Defend_G","Defend_G","Defend_G","Defend_G","Strike_G","Strike_G","Strike_G","Strike_G","Survivor","Neutralize","Phantasmal Killer","Infinite Blades+1","Footwork+1","Burst","Cloak And Dagger","Blade Dance","Escape Plan","Night Terror","Parasite","Injury","Cloak And Dagger","J.A.X.","Well Laid Plans+1","Noxious Fumes+1"],"relics":["Ring of the Snake","Matryoshka","Golden Idol","Blue Candle","Calling Bell","Ancient Tea Set","Frozen Egg 2","Unceasing Top"],"potions_floor_usage":[14],"damage_taken":[{"damage":4,"enemies":"2 Louse","floor":1,"turns":3},{"damage":0,"enemies":"Cultist","floor":4,"turns":5},{"damage":0,"enemies":"Small Slimes","floor":5,"turns":3},{"damage":10,"enemies":"Exordium Thugs","floor":7,"turns":5},{"damage":0,"enemies":"Large Slime","floor":12,"turns":10},{"damage":17,"enemies":"Gremlin Nob","floor":14,"turns":5},{"damage":53,"enemies":"Slime Boss","floor":16,"turns":22},{"damage":10,"enemies":"3 Byrds","floor":18,"turns":9},{"damage":28,"enemies":"Spheric Guardian","floor":20,"turns":8},{"damage":39,"enemies":"Snake Plant","floor":22,"turns":4}],"seed_played":"1226562603888536194","potions_obtained":[{"floor":1,"key":"Explosive Potion"},{"floor":12,"key":"FairyPotion"},{"floor":18,"key":"Weak Potion"}],"is_trial":false,"path_per_floor":["?","M","?","?"],"character_chosen":"THE_SILENT","items_purchased":["Footwork","Noxious Fumes+1"],"campfire_rested":1,"item_purchase_floors":[2,21],"current_hp_per_floor":[66,66,66,66,66,66,56,56,56,56,56,56,56,39,58,5,65,55,55,27,27,0],"gold":50,"neow_bonus":"ONE_RANDOM_RARE_CARD","is_prod":false,"is_daily":false,"chose_seed":false,"campfire_upgraded":2,"win_rate":0,"timestamp":1549160476,"path_taken":["M","$","?","?","M","R","M","$","T","R","$","M","?","E","R","BOSS","M","?","M","$","M"],"build_version":"2019-01-23","purchased_purges":2,"victory":false,"max_hp_per_floor":[70,70,70,70,70,70,70,70,70,70,70,70,65,65,65,65,65,65,65,65,65,65],"card_choices":[{"not_picked":["Blade Dance","Slice"],"picked":"Infinite Blades","floor":1},{"not_picked":["Bane","Sucker Punch"],"picked":"Burst","floor":4},{"not_picked":["Dagger Spray","Deflect"],"picked":"Cloak And Dagger","floor":5},{"not_picked":["Prepared","Dodge and Roll","Bane"],"picked":"SKIP","floor":7},{"not_picked":["All Out Attack","Expertise"],"picked":"Blade Dance","floor":12},{"not_picked":["Tactician","Bane"],"picked":"Escape Plan","floor":14},{"not_picked":["Bullet Time","Burst"],"picked":"Night Terror","floor":16},{"not_picked":["Flechettes+1","Reflex"],"picked":"Cloak And Dagger","floor":18},{"not_picked":["Noxious Fumes+1","Distraction+1"],"picked":"Well Laid Plans+1","floor":20}],"player_experience":96335,"relics_obtained":[{"floor":9,"key":"Matryoshka"},{"floor":14,"key":"Blue Candle"},{"floor":17,"key":"Ancient Tea Set"},{"floor":17,"key":"Frozen Egg 2"},{"floor":17,"key":"Unceasing Top"}],"event_choices":[{"damage_healed":0,"gold_gain":0,"player_choice":"Ignored","damage_taken":0,"max_hp_gain":0,"max_hp_loss":0,"event_name":"NoteForYourself","floor":3,"gold_loss":0},{"damage_healed":0,"gold_gain":0,"player_choice":"Lose Max HP","damage_taken":0,"relics_obtained":["Golden Idol"],"max_hp_gain":0,"max_hp_loss":5,"event_name":"Golden Idol","floor":13,"gold_loss":0},{"damage_healed":0,"gold_gain":0,"player_choice":"Obtain J.A.X.","damage_taken":0,"max_hp_gain":0,"max_hp_loss":0,"event_name":"Drug Dealer","floor":19,"gold_loss":0,"cards_obtained":["J.A.X."]}],"is_beta":false,"boss_relics":[{"not_picked":["Cursed Key","Fusion Hammer"],"picked":"Calling Bell"}],"items_purged_floors":[2,21],"is_endless":false,"potions_floor_spawned":[1,12,18],"killed_by":"Snake Plant","ascension_level":0}