{"gold_per_floor":[119,194,194,207,225,225,260,278,278,278,297,57,69,83,83,179,179,191,191,191,204,9,9,9,9,83,99,99,99,99,115,115,210,210,221,49,49,60,60,60,91,91,91,91,106,206,225,225,225,225],"floor_reached":51,"playtime":4532,"items_purged":["Strike_R","Cleave+1","Feel No Pain"],"score":677,"play_id":"57dced75-9f1a-4367-8db2-6684451a21da","local_time":"20190226205301","is_ascension_mode":false,"campfire_choices":[{"data":"Double Tap","floor":6.0,"key":"SMITH"},{"data":"Cleave","floor":15.0,"key":"SMITH"},{"data":"RitualDagger","floor":23,"key":"SMITH"},{"data":"Spot Weakness","floor":28,"key":"SMITH"},{"data":"Metallicize","floor":30,"key":"SMITH"},{"floor":32,"key":"REST"},{"data":"Demon Form","floor":40,"key":"SMITH"},{"data":"Heavy Blade","floor":49,"key":"SMITH"}],"neow_cost":"NONE","seed_source_timestamp":0,"circlet_count":0,"master_deck":["Defend_R","Defend_R","Defend_R","Defend_R","Bash","Headbutt","Disarm","Double Tap+1","Impervious","Shrug It Off+1","Battle Trance+1","Shrug It Off+1","Inflame","Reaper","Seeing Red+1","Whirlwind+1","Burning Pact+1","RitualDagger+1","Warcry+1","Metallicize+1","Demon Form+1","Shrug It Off+1","Heavy Blade+1","Enlightenment+1"],"special_seed":0,"relics":["Burning Blood","Pantograph","Toxic Egg 2","Astrolabe","Shuriken","Cursed Key","Paper Frog","Champion Belt"],"potions_floor_usage":[29,31,31,33,50,50],"damage_taken":[{"damage":2.0,"enemies":"Small Slimes","floor":1.0,"turns":5.0},{"damage":1.0,"enemies":"Jaw Worm","floor":4.0,"turns":5.0},{"damage":2.0,"enemies":"Cultist","floor":5.0,"turns":4.0},{"damage":48.0,"enemies":"Gremlin Nob","floor":7.0,"turns":5.0},{"damage":16.0,"enemies":"Large Slime","floor":8.0,"turns":6.0},{"damage":15.0,"enemies":"Looter","floor":11.0,"turns":3.0},{"damage":11.0,"enemies":"Exordium Thugs","floor":13.0,"turns":7.0},{"damage":2.0,"enemies":"3 Louse","floor":14.0,"turns":2.0},{"damage":62.0,"enemies":"Slime Boss","floor":16.0,"turns":13.0},{"damage":39.0,"enemies":"Spheric Guardian","floor":18.0,"turns":6.0},{"damage":23.0,"enemies":"Shell Parasite","floor":21.0,"turns":20.0},{"damage":20,"enemies":"Cultist and Chosen","floor":27,"turns":16},{"damage":2,"enemies":"Centurion and Healer","floor":29,"turns":5},{"damage":31,"enemies":"Snecko","floor":31,"turns":10},{"damage":45,"enemies":"Champ","floor":33,"turns":30},{"damage":15,"enemies":"Orb Walker","floor":35,"turns":5},{"damage":0,"enemies":"3 Shapes","floor":38,"turns":9},{"damage":9,"enemies":"Reptomancer","floor":41,"turns":5},{"damage":59,"enemies":"Spire Growth","floor":45,"turns":6},{"damage":8,"enemies":"Mind Bloom Boss Battle","floor":46,"turns":7},{"damage":17,"enemies":"Sphere and 2 Shapes","floor":47,"turns":5},{"damage":5,"enemies":"Time Eater","floor":50,"turns":7}],"seed_played":"-3964328081126736377","potions_obtained":[{"floor":4.0,"key":"Weak Potion"},{"floor":5.0,"key":"SmokeBomb"},{"floor":8.0,"key":"EntropicBrew"},{"floor":20.0,"key":"Dexterity Potion"},{"floor":33,"key":"FairyPotion"},{"floor":35,"key":"SkillPotion"},{"floor":41,"key":"SkillPotion"},{"floor":46,"key":"PowerPotion"}],"is_trial":false,"path_per_floor":["M","?","?","M","M","R","E","M","T","?","M","$","M","M","R","B",null,"M","?","?","M","$","R","$","?","T","M","R","M","R","M","R","B",null,"M","$","?","M","T","R","E","?","T","?","M","?","M","T","R","B",null],"character_chosen":"IRONCLAD","items_purchased":["Battle Trance+1","Shrug It Off+1","Inflame","Warcry+1","Metallicize","Heavy Blade"],"campfire_rested":1,"item_purchase_floors":[12,12,12,22,22,36],"current_hp_per_floor":[88,77,70,75,79,79,37,27,27,56,47,47,42,46,46,15,88,55,49,49,32,32,32,32,32,32,27,27,31,31,14,40,88,88,79,79,79,88,88,88,85,85,85,88,77,88,77,77,77,88],"gold":225,"neow_bonus":"TEN_PERCENT_HP_BONUS","is_prod":false,"is_daily":false,"chose_seed":false,"campfire_upgraded":7,"win_rate":0,"timestamp":1551232381,"path_taken":["M","?","?","M","M","R","E","?","T","?","M","$","M","M","R","BOSS","M","?","?","M","$","R","?","?","T","M","R","M","R","M","R","BOSS","M","$","?","M","?","R","E","?","T","?","?","?","M","?","R","BOSS"],"build_version":"2019-01-23","purchased_purges":3,"victory":true,"max_hp_per_floor":[88,88,88,88,88,88,88,88,88,88,88,88,88,88,88,88,88,88,88,88,88,88,88,88,88,88,88,88,88,88,88,88,88,88,88,88,88,88,88,88,88,88,88,88,88,88,88,88,88,88],"card_choices":[{"not_picked":["Clothesline","Flex"],"picked":"Headbutt","floor":1.0},{"not_picked":["Ghostly Armor","Rupture"],"picked":"Disarm","floor":4.0},{"not_picked":["Wild Strike","Shrug It Off"],"picked":"Double Tap","floor":5.0},{"not_picked":["Clash","Uppercut"],"picked":"Impervious","floor":7.0},{"not_picked":["Warcry","Perfected Strike"],"picked":"Spot Weakness","floor":8.0},{"not_picked":["Clothesline","Inflame"],"picked":"Shrug It Off+1","floor":11.0},{"not_picked":["Headbutt","Heavy Blade"],"picked":"Cleave","floor":13.0},{"not_picked":["Uppercut","Blood for Blood"],"picked":"Feel No Pain","floor":14.0},{"not_picked":["Dark Embrace","Double Tap+1"],"picked":"Reaper","floor":16.0},{"not_picked":["Battle Trance+1","Warcry+1"],"picked":"Burning Pact+1","floor":18.0},{"not_picked":["Headbutt","Anger","Cleave"],"picked":"SKIP","floor":21},{"not_picked":["Clash","Pummel","Battle Trance+1"],"picked":"SKIP","floor":27},{"not_picked":["Iron Wave","Battle Trance+1","Headbutt"],"picked":"SKIP","floor":31},{"not_picked":["Exhume+1","Berserk"],"picked":"Demon Form","floor":33},{"not_picked":["Corruption+1","Heavy Blade"],"picked":"Shrug It Off+1","floor":35},{"not_picked":["Madness+1","Violence+1"],"picked":"Enlightenment+1","floor":37},{"not_picked":["Heavy Blade","Flex+1","Battle Trance+1"],"picked":"SKIP","floor":38},{"not_picked":["Heavy Blade","Pommel Strike","Sever Soul+1"],"picked":"SKIP","floor":41},{"not_picked":["Corruption","Entrench+1","Cleave+1"],"picked":"SKIP","floor":45},{"not_picked":["Blood for Blood","Thunderclap","Clothesline+1"],"picked":"SKIP","floor":47}],"player_experience":478353,"relics_obtained":[{"floor":7.0,"key":"Pantograph"},{"floor":9.0,"key":"Toxic Egg 2"},{"floor":26,"key":"Shuriken"},{"floor":41,"key":"Paper Frog"},{"floor":46,"key":"Champion Belt"}],"event_choices":[{"damage_healed":0.0,"max_hp_gain":0.0,"max_hp_loss":0.0,"gold_gain":75.0,"event_name":"World of Goop","player_choice":"Gather Gold","floor":2.0,"gold_loss":0.0,"damage_taken":11.0},{"cards_removed":["Strike_R"],"damage_healed":0.0,"max_hp_gain":0.0,"max_hp_loss":0.0,"gold_gain":0.0,"event_name":"Golden Wing","player_choice":"Card Removal","floor":3.0,"gold_loss":0.0,"damage_taken":7.0},{"damage_healed":29.0,"max_hp_gain":0.0,"max_hp_loss":0.0,"gold_gain":0.0,"event_name":"Big Fish","player_choice":"Banana","floor":10.0,"gold_loss":0.0,"damage_taken":0.0},{"damage_healed":0.0,"max_hp_gain":0.0,"max_hp_loss":0.0,"gold_gain":0.0,"event_name":"Nest","player_choice":"Joined the Cult","floor":19.0,"gold_loss":0.0,"damage_taken":6.0,"cards_obtained":["RitualDagger"]},{"damage_healed":0.0,"max_hp_gain":0.0,"max_hp_loss":0.0,"gold_gain":0.0,"event_name":"Lab","player_choice":"Got Potions","floor":20.0,"gold_loss":0.0,"damage_taken":0.0},{"damage_healed":0,"gold_gain":0,"player_choice":"Ignored","damage_taken":0,"max_hp_gain":0,"max_hp_loss":0,"event_name":"Beggar","floor":25,"gold_loss":0},{"damage_healed":0,"gold_gain":0,"player_choice":"Memory 1","damage_taken":0,"max_hp_gain":0,"max_hp_loss":0,"event_name":"SensoryStone","floor":37,"gold_loss":0},{"cards_removed":["Spot Weakness"],"damage_healed":0,"gold_gain":0,"player_choice":"Removed Skill","damage_taken":0,"max_hp_gain":0,"max_hp_loss":0,"event_name":"Falling","floor":42,"gold_loss":0},{"cards_removed":["Cleave"],"damage_healed":5,"gold_gain":0,"player_choice":"Offered Common","damage_taken":0,"max_hp_gain":0,"max_hp_loss":0,"event_name":"Bonfire Elementals","floor":44,"gold_loss":0},{"cards_removed":["Cleave"],"damage_healed":5,"gold_gain":0,"player_choice":"Offered Special","damage_taken":0,"max_hp_gain":0,"max_hp_loss":0,"event_name":"Bonfire Elementals","floor":44,"gold_loss":0},{"damage_healed":0,"gold_gain":0,"player_choice":"Fight","damage_taken":0,"max_hp_gain":0,"max_hp_loss":0,"event_name":"MindBloom","floor":46,"gold_loss":0}],"is_beta":false,"boss_relics":[{"not_picked":["Empty Cage","Tiny House"],"picked":"Astrolabe"},{"not_picked":["Lizard Tail","Runic Dome"],"picked":"Cursed Key"}],"items_purged_floors":[12,22,36],"is_endless":false,"potions_floor_spawned":[4,5,8,14,21,33,35,41,46],"ascension_level":0}