{"gold_per_floor":[364,364,364,381,399,399,29,29,52,70,89,37,55,75,75,173,173,190,207,207,217,102,102,102],"floor_reached":24,"playtime":1441,"items_purged":["Defend_R"],"score":190,"play_id":"2752b8ab-daa6-4ccb-a175-81d651e2fafb","local_time":"20180925105924","is_ascension_mode":false,"campfire_choices":[{"data":"Spot Weakness","floor":6,"key":"SMITH"},{"data":"True Grit","floor":15,"key":"SMITH"},{"data":"Limit Break","floor":23,"key":"SMITH"}],"neow_cost":"CURSE","seed_source_timestamp":616172506678121,"circlet_count":0,"master_deck":["Strike_R+1","Strike_R+1","Strike_R+1","Strike_R+1","Strike_R+1","Defend_R+1","Defend_R+1","Bash","Ghostly Armor","Disarm","Spot Weakness+1","Combust+1","Impervious","Evolve+1","Body Slam","True Grit+1","Pommel Strike","Limit Break+1","Wild Strike","Headbutt","Corruption+1","Uppercut"],"special_seed":0,"relics":["Burning Blood","Frozen Egg 2","Juzu Bracelet","Snecko Eye"],"potions_floor_usage":[21,21,24],"damage_taken":[{"damage":6.0,"enemies":"Cultist","floor":1.0,"turns":3.0},{"damage":3,"enemies":"Jaw Worm","floor":4,"turns":3},{"damage":0,"enemies":"Small Slimes","floor":5,"turns":3},{"damage":10,"enemies":"Blue Slaver","floor":10,"turns":4},{"damage":15,"enemies":"Gremlin Gang","floor":11,"turns":3},{"damage":5,"enemies":"3 Louse","floor":13,"turns":4},{"damage":2,"enemies":"Looter","floor":14,"turns":3},{"damage":46,"enemies":"Hexaghost","floor":16,"turns":12},{"damage":15,"enemies":"3 Byrds","floor":18,"turns":5},{"damage":40,"enemies":"Spheric Guardian","floor":19,"turns":6},{"damage":21,"enemies":"Snake Plant","floor":21,"turns":3},{"damage":33,"enemies":"Slavers","floor":24,"turns":2}],"seed_played":"-8852948714830941097","potions_obtained":[{"floor":1.0,"key":"LiquidBronze"},{"floor":4,"key":"FearPotion"},{"floor":11,"key":"AttackPotion"},{"floor":13,"key":"Regen Potion"}],"is_trial":false,"path_per_floor":["M","?","?","M","M","R","$","?","T","M","M","$","M","M","R","B",null,"M","M","?","M","$","R"],"character_chosen":"IRONCLAD","items_purchased":["Frozen Egg 2","Combust+1","Body Slam","Corruption+1","Uppercut"],"campfire_rested":0,"item_purchase_floors":[7,7,12,22,22],"current_hp_per_floor":[80,77,70,73,77,77,77,82,82,78,69,69,70,74,74,34,82,73,39,39,29,29,29,0],"gold":102,"neow_bonus":"TWO_FIFTY_GOLD","is_prod":false,"is_daily":false,"chose_seed":false,"campfire_upgraded":3,"win_rate":0.0,"timestamp":1537847964,"path_taken":["M","?","?","M","M","R","$","?","T","M","M","?","M","M","R","BOSS","M","M","?","M","$","R","E"],"build_version":"2018-09-20","purchased_purges":1,"victory":false,"max_hp_per_floor":[80,77,77,77,77,77,77,82,82,82,82,82,82,82,82,82,82,82,82,82,82,82,82,82],"card_choices":[{"not_picked":["Perfected Strike","Cleave"],"picked":"Ghostly Armor","floor":1.0},{"not_picked":["Pommel Strike","Wild Strike"],"picked":"Disarm","floor":4},{"not_picked":["Clash","Pommel Strike"],"picked":"Spot Weakness","floor":5},{"not_picked":["Pommel Strike","Rage"],"picked":"Impervious","floor":10},{"not_picked":["Flex","Shockwave"],"picked":"Evolve+1","floor":11},{"not_picked":["Fire Breathing+1","Dropkick"],"picked":"True Grit","floor":13},{"not_picked":["Dropkick","Infernal Blade"],"picked":"Pommel Strike","floor":14},{"not_picked":["Feed","Bludgeon"],"picked":"Limit Break","floor":16},{"not_picked":["Thunderclap","Infernal Blade"],"picked":"Wild Strike","floor":18},{"not_picked":["Thunderclap","Perfected Strike+1"],"picked":"Headbutt","floor":19},{"not_picked":["Thunderclap","Wild Strike","Perfected Strike"],"picked":"SKIP","floor":21},{"not_picked":["Thunderclap","Wild Strike","Perfected Strike"],"picked":"SKIP","floor":21}],"player_experience":132362,"relics_obtained":[{"floor":9,"key":"Juzu Bracelet"}],"event_choices":[{"event_name":"Living Wall","player_choice":"Forget","floor":2,"damage_taken":0},{"event_name":"Golden Wing","player_choice":"Card Removal","floor":3,"damage_taken":0},{"event_name":"Big Fish","player_choice":"Donut","floor":8,"damage_taken":0},{"event_name":"Back to Basics","player_choice":"Simplicity","floor":20,"damage_taken":0}],"is_beta":false,"boss_relics":[{"not_picked":["Ectoplasm","Astrolabe"],"picked":"Snecko Eye"}],"items_purged_floors":[7],"is_endless":false,"potions_floor_spawned":[1,4,11,13],"killed_by":"Slavers","ascension_level":0}