{"gold_per_floor":[360,53,53,66,81,81,109,109,109,74,74,93,107,71,71,167,167,187,187,199,199,199,199,83,83],"floor_reached":25,"playtime":1701,"items_purged":[],"score":229,"play_id":"c73af9f7-5482-4834-af8f-fce48f0a20d8","local_time":"20190228145421","is_ascension_mode":true,"campfire_choices":[{"data":"Entrench","floor":6.0,"key":"SMITH"},{"floor":8.0,"key":"REST"},{"data":"Barricade","floor":11.0,"key":"SMITH"},{"floor":15.0,"key":"REST"},{"floor":23,"key":"REST"}],"neow_cost":"CURSE","seed_source_timestamp":0,"circlet_count":0,"master_deck":["Strike_R+1","Strike_R+1","Strike_R+1","Strike_R+1","Strike_R+1","Defend_R+1","Defend_R+1","Defend_R+1","Defend_R+1","Bash","Injury","Cleave","Limit Break","Barricade+1","Metallicize","Entrench+1","Pommel Strike","Spot Weakness","Reaper","Flame Barrier","Double Tap","Clash","Decay","Body Slam","Spot Weakness","Metallicize"],"special_seed":0,"relics":["Burning Blood","Calipers","Boot","Ornamental Fan","Cursed Key","Blood Vial"],"potions_floor_usage":[16],"damage_taken":[{"damage":19.0,"enemies":"Jaw Worm","floor":1.0,"turns":5.0},{"damage":6.0,"enemies":"2 Louse","floor":4.0,"turns":3.0},{"damage":8.0,"enemies":"Cultist","floor":5.0,"turns":5.0},{"damage":44.0,"enemies":"Lagavulin","floor":7.0,"turns":11.0},{"damage":16.0,"enemies":"3 Louse","floor":12.0,"turns":4.0},{"damage":16.0,"enemies":"Exordium Thugs","floor":13.0,"turns":4.0},{"damage":55,"enemies":"Slime Boss","floor":16,"turns":19},{"damage":48,"enemies":"Chosen","floor":18,"turns":13},{"damage":48,"enemies":"Shell Parasite","floor":20,"turns":7},{"damage":43,"enemies":"Book of Stabbing","floor":25,"turns":6}],"seed_played":"1189480914220092409","potions_obtained":[{"floor":1.0,"key":"GamblersBrew"},{"floor":4.0,"key":"Dexterity Potion"},{"floor":12.0,"key":"Poison Potion"},{"floor":18,"key":"Explosive Potion"}],"is_trial":false,"path_per_floor":["M","$","?","M","M","R","E","R","T","$","R","M","M","?","R","B",null,"M","?","M","?","?","R","$","E"],"character_chosen":"IRONCLAD","items_purchased":["Limit Break","Barricade","Spot Weakness","Spot Weakness","Metallicize"],"campfire_rested":3,"item_purchase_floors":[2,2,10,24,24],"current_hp_per_floor":[67,67,64,64,62,62,24,48,48,48,48,38,38,38,62,26,80,42,42,7,7,7,31,31,0],"gold":83,"neow_bonus":"TWO_FIFTY_GOLD","is_prod":false,"is_daily":false,"chose_seed":false,"campfire_upgraded":2,"win_rate":0,"timestamp":1551387261,"path_taken":["M","$","?","M","M","R","E","R","T","$","R","M","M","?","R","BOSS","M","?","M","?","?","R","$","E"],"build_version":"2019-01-23","purchased_purges":0,"victory":false,"max_hp_per_floor":[80,80,80,80,80,80,80,80,80,80,80,80,80,80,80,80,80,80,80,80,80,80,80,80,80],"card_choices":[{"not_picked":["Perfected Strike","True Grit"],"picked":"Cleave","floor":1.0},{"not_picked":["Cleave","Second Wind"],"picked":"Metallicize","floor":4.0},{"not_picked":["Armaments","Evolve"],"picked":"Entrench","floor":5.0},{"not_picked":["Iron Wave","Twin Strike"],"picked":"Pommel Strike","floor":7.0},{"not_picked":["Fire Breathing","Combust"],"picked":"Reaper","floor":12.0},{"not_picked":["Ghostly Armor","Rampage"],"picked":"Flame Barrier","floor":13.0},{"not_picked":["Immolate","Dark Embrace"],"picked":"Double Tap","floor":16},{"not_picked":["Seeing Red","Shrug It Off"],"picked":"Clash","floor":18},{"not_picked":["Hemokinesis","Flame Barrier"],"picked":"Body Slam","floor":20}],"player_experience":216464,"relics_obtained":[{"floor":7.0,"key":"Boot"},{"floor":9.0,"key":"Ornamental Fan"}],"event_choices":[{"damage_healed":0.0,"max_hp_gain":0.0,"max_hp_loss":0.0,"gold_gain":0.0,"event_name":"Scrap Ooze","player_choice":"Success","floor":3.0,"gold_loss":0.0,"damage_taken":3.0,"relics_obtained":["Calipers"]},{"damage_healed":0.0,"max_hp_gain":0.0,"max_hp_loss":0.0,"gold_gain":0.0,"event_name":"World of Goop","player_choice":"Left Gold","floor":14.0,"gold_loss":36.0,"damage_taken":0.0},{"damage_healed":0,"gold_gain":0,"player_choice":"Smashed Altar","damage_taken":0,"max_hp_gain":0,"max_hp_loss":0,"event_name":"Forgotten Altar","floor":19,"gold_loss":0,"cards_obtained":["Decay"]},{"damage_healed":0,"gold_gain":0,"player_choice":"Simplicity","damage_taken":0,"max_hp_gain":0,"max_hp_loss":0,"event_name":"Back to Basics","floor":21,"gold_loss":0,"cards_upgraded":["Strike_R","Strike_R","Strike_R","Strike_R","Strike_R","Defend_R","Defend_R","Defend_R","Defend_R"]},{"damage_healed":0,"gold_gain":0,"player_choice":"Opened","damage_taken":0,"relics_obtained":["Blood Vial"],"max_hp_gain":0,"max_hp_loss":0,"event_name":"The Mausoleum","floor":22,"gold_loss":0}],"is_beta":false,"boss_relics":[{"not_picked":["Velvet Choker","Mark of Pain"],"picked":"Cursed Key"}],"items_purged_floors":[],"is_endless":false,"potions_floor_spawned":[1,4,12,18],"killed_by":"Book of Stabbing","ascension_level":3}