{"gold_per_floor":[113,63,83,83,83,83,116,116,139,165,182,182,210,12,12,12],"floor_reached":16,"playtime":643,"items_purged":["Strike_R"],"score":116,"play_id":"4984788e-8e25-440d-b3f3-4cb1051d718c","local_time":"20190223201321","is_ascension_mode":false,"campfire_choices":[{"data":"Body Slam","floor":6,"key":"SMITH"},{"data":"Defend_R","floor":8,"key":"SMITH"},{"data":"Defend_R","floor":12,"key":"SMITH"},{"floor":15,"key":"REST"}],"neow_cost":"NONE","seed_source_timestamp":25398751699667,"circlet_count":0,"master_deck":["Strike_R","Defend_R","Defend_R","Defend_R+1","Defend_R+1","Bash","Body Slam+1","Inflame","Iron Wave"],"relics":["Burning Blood","Blood Vial","Dream Catcher","Pen Nib","Singing Bowl"],"potions_floor_usage":[10,13,16,16],"damage_taken":[{"damage":7,"enemies":"Small Slimes","floor":1,"turns":3},{"damage":8,"enemies":"Jaw Worm","floor":3,"turns":4},{"damage":42,"enemies":"Gremlin Nob","floor":7,"turns":5},{"damage":13,"enemies":"Lagavulin","floor":10,"turns":10},{"damage":0,"enemies":"Cultist","floor":11,"turns":3},{"damage":31,"enemies":"3 Sentries","floor":13,"turns":14},{"damage":53,"enemies":"Slime Boss","floor":16,"turns":6}],"seed_played":"2304244894980806335","potions_obtained":[{"floor":7,"key":"Weak Potion"},{"floor":10,"key":"Dexterity Potion"},{"floor":11,"key":"EssenceOfSteel"}],"is_trial":false,"path_per_floor":["M","?","M","?","?","R","E","R","T","E","M","R","E","$","R","B"],"character_chosen":"IRONCLAD","items_purchased":["Inflame","Block Potion"],"campfire_rested":1,"item_purchase_floors":[14,14],"current_hp_per_floor":[79,79,77,77,70,70,34,34,34,29,37,37,16,16,40,0],"gold":12,"neow_bonus":"REMOVE_CARD","is_prod":false,"is_daily":false,"chose_seed":false,"campfire_upgraded":3,"win_rate":0,"timestamp":1550970801,"path_taken":["M","?","M","?","?","R","E","R","T","E","M","R","E","?","R","BOSS"],"build_version":"2019-01-23","purchased_purges":1,"victory":false,"max_hp_per_floor":[80,80,80,80,80,80,80,80,80,80,80,80,82,82,82,82],"card_choices":[{"not_picked":["Spot Weakness","Flame Barrier"],"picked":"Body Slam","floor":1},{"not_picked":["Sword Boomerang","Sever Soul","Havoc"],"picked":"SKIP","floor":3},{"not_picked":["Iron Wave","Hemokinesis","Seeing Red"],"picked":"SKIP","floor":7},{"not_picked":["Headbutt","Wild Strike","Hemokinesis"],"picked":"SKIP","floor":10},{"not_picked":["Heavy Blade","Anger","Perfected Strike"],"picked":"SKIP","floor":11},{"not_picked":["Infernal Blade","Hemokinesis","Bloodletting"],"picked":"Singing Bowl","floor":13},{"not_picked":["Thunderclap","Clash"],"picked":"Iron Wave","floor":15}],"player_experience":442044,"relics_obtained":[{"floor":7,"key":"Blood Vial"},{"floor":9,"key":"Dream Catcher"},{"floor":10,"key":"Pen Nib"},{"floor":13,"key":"Singing Bowl"}],"event_choices":[{"cards_removed":["Strike_R"],"damage_healed":0,"gold_gain":0,"player_choice":"Card Removal","damage_taken":0,"max_hp_gain":0,"max_hp_loss":0,"event_name":"The Cleric","floor":2,"gold_loss":50},{"damage_healed":0,"gold_gain":0,"player_choice":"Ignored","damage_taken":0,"max_hp_gain":0,"max_hp_loss":0,"event_name":"Liars Game","floor":4,"gold_loss":0},{"cards_removed":["Strike_R"],"damage_healed":0,"gold_gain":0,"player_choice":"Card Removal","damage_taken":7,"max_hp_gain":0,"max_hp_loss":0,"event_name":"Golden Wing","floor":5,"gold_loss":0}],"is_beta":false,"boss_relics":[],"items_purged_floors":[14],"is_endless":false,"potions_floor_spawned":[7,10,11],"killed_by":"Slime Boss","ascension_level":0}