{"gold_per_floor":[112,131,35,35,52,52,65,65,65,91,91,104,104,129,129,230,230,246,102,114,132,142,167,167,92,92,92,104,122,122,132,132,228,228,238,238,238,158,169,169,188,188,268,268,284,284,301,3,3,3],"floor_reached":51,"playtime":3248,"items_purged":["Strike_B"],"score":717,"play_id":"81389883-99f6-4c94-a2a0-4dc78b8b2201","local_time":"20181118173634","is_ascension_mode":true,"campfire_choices":[{"data":"Dualcast","floor":6.0,"key":"SMITH"},{"data":"Zap","floor":8.0,"key":"SMITH"},{"data":"Chill","floor":11.0,"key":"SMITH"},{"data":"Go for the Eyes","floor":13.0,"key":"SMITH"},{"data":"Barrage","floor":15.0,"key":"SMITH"},{"floor":24,"key":"REST"},{"data":"Hologram","floor":27,"key":"SMITH"},{"floor":30,"key":"REST"},{"data":"Sunder","floor":32,"key":"SMITH"},{"data":"1","floor":40,"key":"LIFT"},{"data":"2","floor":42,"key":"LIFT"},{"data":"3","floor":44,"key":"LIFT"},{"floor":49,"key":"REST"}],"neow_cost":"NONE","seed_source_timestamp":311438562057654,"circlet_count":0,"master_deck":["Strike_B+1","Defend_B","Defend_B","Defend_B","Defend_B","Zap+1","Dualcast+1","Barrage+1","Chill+1","Cold Snap","Conserve Battery","Ball Lightning","Go for the Eyes+1","Loop","Rainbow","Defragment+1","Hologram+1","Ball Lightning+1","Chill","Sunder+1","Glacier+1","Compile Driver","Electrodynamics","Self Repair+1","FTL","Loop"],"special_seed":0,"relics":["Cracked Core","Gremlin Horn","Girya","Happy Flower","Cursed Key","Omamori","Whetstone","Blue Candle","Fusion Hammer","The Courier","Emotion Chip"],"potions_floor_usage":[45,50,50],"damage_taken":[{"damage":1.0,"enemies":"2 Louse","floor":1.0,"turns":3.0},{"damage":1.0,"enemies":"Cultist","floor":2.0,"turns":3.0},{"damage":0.0,"enemies":"Small Slimes","floor":5.0,"turns":3.0},{"damage":3.0,"enemies":"Looter","floor":7.0,"turns":3.0},{"damage":6.0,"enemies":"Lagavulin","floor":10.0,"turns":6.0},{"damage":0.0,"enemies":"Exordium Thugs","floor":12.0,"turns":5.0},{"damage":5.0,"enemies":"Gremlin Nob","floor":14.0,"turns":5.0},{"damage":13.0,"enemies":"Slime Boss","floor":16.0,"turns":9.0},{"damage":10.0,"enemies":"2 Thieves","floor":18.0,"turns":3.0},{"damage":1.0,"enemies":"Shell Parasite","floor":20.0,"turns":5.0},{"damage":0.0,"enemies":"Shelled Parasite and Fungi","floor":21.0,"turns":4.0},{"damage":14.0,"enemies":"Cultist and Chosen","floor":22.0,"turns":6.0},{"damage":10,"enemies":"Gremlin Leader","floor":23,"turns":7},{"damage":17,"enemies":"Snake Plant","floor":28,"turns":4},{"damage":0,"enemies":"Sentry and Sphere","floor":29,"turns":4},{"damage":0,"enemies":"Snecko","floor":31,"turns":4},{"damage":4,"enemies":"Automaton","floor":33,"turns":9},{"damage":14,"enemies":"Orb Walker","floor":35,"turns":3},{"damage":0,"enemies":"3 Shapes","floor":39,"turns":3},{"damage":0,"enemies":"Sphere and 2 Shapes","floor":41,"turns":4},{"damage":25,"enemies":"Transient","floor":45,"turns":5},{"damage":13,"enemies":"Maw","floor":47,"turns":6},{"damage":57,"enemies":"Donu and Deca","floor":50,"turns":10}],"seed_played":"5087312251782902964","potions_obtained":[{"floor":1.0,"key":"FearPotion"},{"floor":5.0,"key":"SpeedPotion"},{"floor":10.0,"key":"SkillPotion"},{"floor":14.0,"key":"LiquidBronze"},{"floor":20.0,"key":"SneckoOil"},{"floor":22.0,"key":"Energy Potion"},{"floor":29,"key":"Regen Potion"},{"floor":33,"key":"FearPotion"},{"floor":39,"key":"Fire Potion"}],"is_trial":false,"path_per_floor":["M","M","$","?","M","R","M","R","T","E","R","M","R","E","R","B",null,"M","$","M","M","M","E","R","$","T","R","M","M","R","M","R","B",null,"M","?","?","$","M","R","M","R","T","R","M","?","M","$","R","B",null],"character_chosen":"DEFECT","items_purchased":["Cold Snap","Conserve Battery","Omamori","FTL","Loop","Emotion Chip"],"campfire_rested":3,"item_purchase_floors":[3,3,19,38,48,48],"current_hp_per_floor":[74,73,73,73,73,73,70,70,70,64,64,64,64,59,59,46,75,65,65,64,64,50,40,62,62,62,62,45,45,67,67,67,63,75,61,61,61,61,71,71,71,71,71,71,56,56,53,53,71,36],"gold":3,"neow_bonus":"TRANSFORM_CARD","is_prod":false,"is_daily":false,"chose_seed":false,"campfire_upgraded":7,"win_rate":0,"timestamp":1542591394,"path_taken":["M","M","$","?","?","R","M","R","T","E","R","M","R","E","R","BOSS","M","$","M","?","M","E","R","$","T","R","M","M","R","M","R","BOSS","M","?","?","$","?","R","?","R","T","R","M","?","M","$","R","BOSS"],"build_version":"2018-11-15","purchased_purges":1,"victory":true,"max_hp_per_floor":[75,75,75,75,75,75,75,75,75,75,75,75,75,75,75,75,75,75,75,75,75,75,75,75,75,75,75,75,75,75,75,75,75,75,75,75,75,75,75,75,75,75,75,75,75,71,71,71,71,71],"card_choices":[{"not_picked":["Skim","Streamline","Gash"],"picked":"SKIP","floor":1.0},{"not_picked":["Tempest","Steam"],"picked":"Chill","floor":2.0},{"not_picked":["Steam","Beam Cell"],"picked":"Ball Lightning","floor":5.0},{"not_picked":["Cold Snap","Ball Lightning"],"picked":"Go for the Eyes","floor":7.0},{"not_picked":["Go for the Eyes","Sweeping Beam"],"picked":"Loop","floor":10.0},{"not_picked":["Barrage","Steam Power","Scrape"],"picked":"SKIP","floor":12.0},{"not_picked":["Melter","Tempest","All For One"],"picked":"SKIP","floor":14.0},{"not_picked":["Hyperbeam","Fission"],"picked":"Rainbow","floor":16.0},{"not_picked":["Melter","Fusion"],"picked":"Defragment+1","floor":18.0},{"not_picked":["Cold Snap+1","Go for the Eyes"],"picked":"Hologram","floor":20.0},{"not_picked":["Steam Power+1","Skim"],"picked":"Ball Lightning","floor":21.0},{"not_picked":["Streamline","Leap"],"picked":"Chill","floor":22.0},{"not_picked":["Fusion","Storm"],"picked":"Sunder","floor":23},{"not_picked":["Ball Lightning","Static Discharge"],"picked":"Glacier+1","floor":28},{"not_picked":["Skim","Heatsinks"],"picked":"Compile Driver","floor":29},{"not_picked":["Rebound+1","Conserve Battery","Streamline"],"picked":"SKIP","floor":31},{"not_picked":["All For One","Rainbow"],"picked":"Electrodynamics","floor":33},{"not_picked":["Streamline+1","Go for the Eyes"],"picked":"Self Repair+1","floor":35},{"not_picked":["Scrape+1","Hologram","Streamline+1"],"picked":"SKIP","floor":39},{"not_picked":["Ball Lightning","Melter","Streamline"],"picked":"SKIP","floor":41},{"not_picked":["Coolheaded","Compile Driver","Tempest+1"],"picked":"SKIP","floor":45},{"not_picked":["Coolheaded","Compile Driver+1","Conserve Battery"],"picked":"SKIP","floor":47}],"player_experience":297616,"relics_obtained":[{"floor":9.0,"key":"Gremlin Horn"},{"floor":10.0,"key":"Girya"},{"floor":14.0,"key":"Happy Flower"},{"floor":23,"key":"Whetstone"},{"floor":26,"key":"Blue Candle"},{"floor":43,"key":"The Courier"}],"event_choices":[{"cards_removed":["Strike_B"],"damage_healed":0.0,"max_hp_gain":0.0,"max_hp_loss":0.0,"gold_gain":0.0,"event_name":"Bonfire Elementals","player_choice":"Offered Basic","floor":4.0,"gold_loss":0.0,"damage_taken":0.0},{"damage_healed":0,"gold_gain":0,"player_choice":"Ignored","damage_taken":0,"max_hp_gain":0,"max_hp_loss":0,"event_name":"Mysterious Sphere","floor":36,"gold_loss":0},{"damage_healed":0,"gold_gain":0,"player_choice":"0 cards matched","damage_taken":0,"max_hp_gain":0,"max_hp_loss":0,"event_name":"Match and Keep!","floor":37,"gold_loss":0,"cards_obtained":[]},{"damage_healed":0,"gold_gain":0,"player_choice":"Max HP","damage_taken":0,"max_hp_gain":0,"max_hp_loss":4,"event_name":"Winding Halls","floor":46,"gold_loss":0}],"is_beta":false,"boss_relics":[{"not_picked":["Snecko Eye","Calling Bell"],"picked":"Cursed Key"},{"not_picked":["Tiny House","Coffee Dripper"],"picked":"Fusion Hammer"}],"items_purged_floors":[25],"is_endless":false,"potions_floor_spawned":[1,5,10,14,20,22,29,33,35,39],"ascension_level":2}