{"gold_per_floor":[117,127,127,302,317,347,347,379,403,413,428,444,444,460,460,460],"floor_reached":16,"playtime":736,"items_purged":[],"score":160,"play_id":"e417be86-6a28-4d68-89a7-7d7ad1be60fe","local_time":"20190216103102","is_ascension_mode":true,"campfire_choices":[{"data":"Neutralize","floor":7.0,"key":"SMITH"},{"floor":13.0,"key":"REST"},{"data":"Phantasmal Killer","floor":15.0,"key":"SMITH"}],"neow_cost":"NONE","seed_source_timestamp":0,"circlet_count":0,"master_deck":["Defend_G","Defend_G","Defend_G","Defend_G","Defend_G","Strike_G","Strike_G","Strike_G","Strike_G","Strike_G","Survivor","Neutralize+1","Phantasmal Killer+1","Poisoned Stab","Dagger Spray","Doubt","Crippling Poison","Calculated Gamble","Adrenaline","Poisoned Stab","Cloak And Dagger","Slice","Blade Dance"],"special_seed":0,"relics":["Ring of the Snake","Anchor","Snake Skull","Bronze Scales"],"potions_floor_usage":[16],"damage_taken":[{"damage":2.0,"enemies":"Small Slimes","floor":1.0,"turns":5.0},{"damage":0.0,"enemies":"2 Louse","floor":2.0,"turns":3.0},{"damage":1.0,"enemies":"Jaw Worm","floor":5.0,"turns":5.0},{"damage":26.0,"enemies":"Gremlin Nob","floor":6.0,"turns":5.0},{"damage":28.0,"enemies":"3 Sentries","floor":8.0,"turns":10.0},{"damage":0.0,"enemies":"Blue Slaver","floor":10.0,"turns":3.0},{"damage":3.0,"enemies":"2 Fungi Beasts","floor":11.0,"turns":3.0},{"damage":0.0,"enemies":"Gremlin Gang","floor":12.0,"turns":3.0},{"damage":8.0,"enemies":"Blue Slaver","floor":14.0,"turns":3.0},{"damage":24,"enemies":"Slime Boss","floor":16,"turns":7}],"seed_played":"-6235417691451874263","potions_obtained":[{"floor":6.0,"key":"SteroidPotion"},{"floor":8.0,"key":"FearPotion"},{"floor":12.0,"key":"Block Potion"}],"is_trial":false,"path_per_floor":["M","M","?","?","M","E","R","E","T","M","M","M","R","M","R","B"],"character_chosen":"THE_SILENT","items_purchased":[],"campfire_rested":1,"item_purchase_floors":[],"current_hp_per_floor":[61,61,66,66,65,39,39,11,11,11,8,8,30,22,22,0],"gold":460,"neow_bonus":"ONE_RANDOM_RARE_CARD","is_prod":false,"is_daily":false,"chose_seed":false,"campfire_upgraded":2,"win_rate":0,"timestamp":1550341862,"path_taken":["M","M","?","?","M","E","R","E","T","M","M","M","R","M","R","BOSS"],"build_version":"2019-01-23","purchased_purges":0,"victory":false,"max_hp_per_floor":[70,70,75,75,75,75,75,75,75,75,75,75,75,75,75,75],"card_choices":[{"not_picked":["Dodge and Roll","Expertise"],"picked":"Poisoned Stab","floor":1.0},{"not_picked":["Prepared","Underhanded Strike"],"picked":"Dagger Spray","floor":2.0},{"not_picked":["Underhanded Strike","Riddle With Holes"],"picked":"Crippling Poison","floor":5.0},{"not_picked":["Sucker Punch","Quick Slash"],"picked":"Calculated Gamble","floor":6.0},{"not_picked":["Underhanded Strike","Unload"],"picked":"Adrenaline","floor":8.0},{"not_picked":["Deflect","Masterful Stab"],"picked":"Poisoned Stab","floor":10.0},{"not_picked":["Backflip","Quick Slash"],"picked":"Cloak And Dagger","floor":11.0},{"not_picked":["Dagger Spray","Prepared"],"picked":"Slice","floor":12.0},{"not_picked":["Slice","Blur"],"picked":"Blade Dance","floor":14.0}],"player_experience":437302,"relics_obtained":[{"floor":6.0,"key":"Anchor"},{"floor":8.0,"key":"Snake Skull"},{"floor":9.0,"key":"Bronze Scales"}],"event_choices":[{"damage_healed":0.0,"max_hp_gain":5.0,"max_hp_loss":0.0,"gold_gain":0.0,"event_name":"Big Fish","player_choice":"Donut","floor":3.0,"gold_loss":0.0,"damage_taken":0.0},{"damage_healed":0.0,"max_hp_gain":0.0,"max_hp_loss":0.0,"gold_gain":175.0,"event_name":"Liars Game","player_choice":"AGREE","floor":4.0,"gold_loss":0.0,"damage_taken":0.0,"cards_obtained":["Doubt"]}],"is_beta":false,"boss_relics":[],"items_purged_floors":[],"is_endless":false,"potions_floor_spawned":[6,8,12,14],"killed_by":"Slime Boss","ascension_level":8}