{"gold_per_floor":[117,192,192,212,229,229,257,277,301,266,266,296,296,316,316,393,393,405,405,415,415,415,415,415],"floor_reached":24,"playtime":1309,"items_purged":[],"score":357,"play_id":"163bdc8c-c56a-44b9-85c3-6e9b1838dc45","local_time":"20190228192912","is_ascension_mode":true,"campfire_choices":[{"data":"Neutralize","floor":6.0,"key":"SMITH"},{"floor":11.0,"key":"REST"},{"data":"Eviscerate","floor":13.0,"key":"SMITH"},{"data":"Dodge and Roll","floor":15.0,"key":"SMITH"},{"floor":23,"key":"REST"}],"neow_cost":"TEN_PERCENT_HP_LOSS","seed_source_timestamp":1215621987081300,"circlet_count":0,"master_deck":["AscendersBane","Defend_G+1","Defend_G+1","Defend_G+1","Defend_G+1","Defend_G+1","Strike_G+1","Strike_G+1","Survivor","Neutralize+1","Tools of the Trade","Tactician","Caltrops","PiercingWail","Dodge and Roll+1","Eviscerate+1","Terror","Underhanded Strike","Wraith Form v2","Tools of the Trade+1","Deadly Poison+1","Outmaneuver+1"],"special_seed":0,"relics":["Ring of the Snake","Bag of Marbles","Strawberry","Whetstone","Astrolabe"],"potions_floor_usage":[22],"damage_taken":[{"damage":7.0,"enemies":"2 Louse","floor":1.0,"turns":4.0},{"damage":1.0,"enemies":"Small Slimes","floor":4.0,"turns":4.0},{"damage":2.0,"enemies":"Jaw Worm","floor":5.0,"turns":5.0},{"damage":30.0,"enemies":"Lagavulin","floor":7.0,"turns":12.0},{"damage":7.0,"enemies":"Exordium Wildlife","floor":8.0,"turns":9.0},{"damage":35.0,"enemies":"3 Sentries","floor":12.0,"turns":14.0},{"damage":1.0,"enemies":"Red Slaver","floor":14.0,"turns":4.0},{"damage":12.0,"enemies":"Hexaghost","floor":16.0,"turns":11.0},{"damage":14.0,"enemies":"Spheric Guardian","floor":18.0,"turns":8.0},{"damage":2.0,"enemies":"Chosen","floor":20.0,"turns":6.0},{"damage":24,"enemies":"Colosseum Slavers","floor":22,"turns":5},{"damage":37,"enemies":"Slavers","floor":24,"turns":2}],"seed_played":"-573834519889885507","potions_obtained":[{"floor":4.0,"key":"LiquidBronze"},{"floor":7.0,"key":"GamblersBrew"},{"floor":8.0,"key":"Regen Potion"},{"floor":12.0,"key":"Swift Potion"},{"floor":20.0,"key":"SkillPotion"}],"is_trial":false,"path_per_floor":["M","?","?","M","M","R","E","M","T","?","R","E","R","M","R","B",null,"M","?","M","?","?","R","E"],"character_chosen":"THE_SILENT","items_purchased":[],"campfire_rested":2,"item_purchase_floors":[],"current_hp_per_floor":[52,41,41,40,38,38,8,1,8,24,44,24,24,23,23,11,53,39,39,37,37,13,33,0],"gold":415,"neow_bonus":"THREE_RARE_CARDS","is_prod":false,"is_daily":false,"chose_seed":false,"campfire_upgraded":3,"win_rate":0,"timestamp":1551353352,"path_taken":["M","?","?","M","M","R","E","M","T","?","R","E","R","M","R","BOSS","M","?","M","?","?","R","E"],"build_version":"2019-01-23","purchased_purges":0,"victory":false,"max_hp_per_floor":[60,60,60,60,60,60,60,60,67,67,67,67,67,67,67,67,67,67,67,67,67,67,67,67],"card_choices":[{"not_picked":["Grand Finale","Storm of Steel"],"picked":"Tools of the Trade","floor":0.0},{"not_picked":["Acrobatics","Sucker Punch"],"picked":"Tactician","floor":1.0},{"not_picked":["Dagger Spray","Blade Dance"],"picked":"Caltrops","floor":4.0},{"not_picked":["Deadly Poison","Outmaneuver"],"picked":"PiercingWail","floor":5.0},{"not_picked":["Masterful Stab","Phantasmal Killer"],"picked":"Dodge and Roll","floor":7.0},{"not_picked":["Blur","Cloak And Dagger"],"picked":"Eviscerate","floor":8.0},{"not_picked":["Poisoned Stab","Quick Slash"],"picked":"Terror","floor":12.0},{"not_picked":["Dodge and Roll","Slice"],"picked":"Underhanded Strike","floor":14.0},{"not_picked":["Tools of the Trade","Night Terror"],"picked":"Wraith Form v2","floor":16.0},{"not_picked":["Deflect","Sucker Punch","Catalyst+1"],"picked":"SKIP","floor":18.0},{"not_picked":["Sucker Punch","Predator","Masterful Stab"],"picked":"SKIP","floor":20.0}],"player_experience":716176,"relics_obtained":[{"floor":7.0,"key":"Bag of Marbles"},{"floor":9.0,"key":"Strawberry"},{"floor":12.0,"key":"Whetstone"}],"event_choices":[{"damage_healed":0.0,"max_hp_gain":0.0,"max_hp_loss":0.0,"gold_gain":75.0,"event_name":"World of Goop","player_choice":"Gather Gold","floor":2.0,"gold_loss":0.0,"damage_taken":11.0},{"damage_healed":0.0,"max_hp_gain":0.0,"max_hp_loss":0.0,"gold_gain":0.0,"event_name":"Liars Game","player_choice":"Ignored","floor":3.0,"gold_loss":0.0,"damage_taken":0.0},{"damage_healed":16.0,"max_hp_gain":0.0,"max_hp_loss":0.0,"gold_gain":0.0,"event_name":"The Cleric","player_choice":"Healed","floor":10.0,"gold_loss":35.0,"damage_taken":0.0},{"damage_healed":0.0,"max_hp_gain":0.0,"max_hp_loss":0.0,"gold_gain":0.0,"event_name":"Back to Basics","player_choice":"Simplicity","floor":19.0,"gold_loss":0.0,"damage_taken":0.0,"cards_upgraded":["Defend_G","Defend_G","Defend_G","Defend_G","Defend_G"]},{"damage_healed":0.0,"max_hp_gain":0.0,"max_hp_loss":0.0,"gold_gain":0.0,"event_name":"Beggar","player_choice":"Ignored","floor":21.0,"gold_loss":0.0,"damage_taken":0.0},{"damage_healed":0,"gold_gain":0,"player_choice":"Fight","damage_taken":0,"max_hp_gain":0,"max_hp_loss":0,"event_name":"Colosseum","floor":22,"gold_loss":0},{"damage_healed":0,"gold_gain":0,"player_choice":"Fled From Nobs","damage_taken":0,"max_hp_gain":0,"max_hp_loss":0,"event_name":"Colosseum","floor":22,"gold_loss":0}],"is_beta":false,"boss_relics":[{"not_picked":["Velvet Choker","Philosopher\u0027s Stone"],"picked":"Astrolabe"}],"items_purged_floors":[],"is_endless":false,"potions_floor_spawned":[4,7,8,12,20],"killed_by":"Slavers","ascension_level":15}