{"gold_per_floor":[365,82,94,94,113,149,163,163,163,186,186,156,156,177,177,307,307,328,35,55,73,73],"floor_reached":22,"playtime":1078,"items_purged":["Injury","Strike_R"],"score":282,"play_id":"268285f5-a74b-40bf-ae77-778a8955e046","local_time":"20190224065534","is_ascension_mode":true,"campfire_choices":[{"data":"Darkness","floor":13,"key":"SMITH"},{"data":"Inflame","floor":15,"key":"SMITH"}],"neow_cost":"CURSE","seed_source_timestamp":175528287543877,"circlet_count":0,"master_deck":["AscendersBane","Strike_R","Strike_R","Defend_R","Defend_R","Defend_R","Defend_R+1","Bash","Perfected Strike","Backflip","Beam Cell+1","Gash","Immolate","Darkness+1","Inflame+1","Impervious","Coolheaded+1","Apotheosis","Swift Strike"],"relics":["Burning Blood","PrismaticShard","Golden Idol","Blood Vial","Bag of Marbles","Empty Cage"],"potions_floor_usage":[6,16,18,18,20,22],"damage_taken":[{"damage":7,"enemies":"Small Slimes","floor":1,"turns":4},{"damage":12,"enemies":"Jaw Worm","floor":3,"turns":3},{"damage":6,"enemies":"Cultist","floor":5,"turns":4},{"damage":24,"enemies":"Gremlin Nob","floor":6,"turns":4},{"damage":11,"enemies":"2 Fungi Beasts","floor":7,"turns":4},{"damage":14,"enemies":"Lots of Slimes","floor":10,"turns":2},{"damage":14,"enemies":"Exordium Thugs","floor":14,"turns":2},{"damage":16,"enemies":"Hexaghost","floor":16,"turns":9},{"damage":33,"enemies":"3 Byrds","floor":18,"turns":6},{"damage":11,"enemies":"Shell Parasite","floor":20,"turns":7},{"damage":18,"enemies":"Cultist and Chosen","floor":21,"turns":5},{"damage":23,"enemies":"Sentry and Sphere","floor":22,"turns":5}],"seed_played":"-2557229480687248919","potions_obtained":[{"floor":5,"key":"Weak Potion"},{"floor":7,"key":"EssenceOfSteel"},{"floor":12,"key":"GamblersBrew"},{"floor":12,"key":"Dexterity Potion"},{"floor":14,"key":"Block Potion"},{"floor":18,"key":"Energy Potion"},{"floor":20,"key":"LiquidBronze"},{"floor":21,"key":"GamblersBrew"}],"is_trial":false,"path_per_floor":["M","$","M","?","M","E","M","?","T","M","?","?","R","M","R","B",null,"M","$","M","M","M"],"character_chosen":"IRONCLAD","items_purchased":["PrismaticShard","Apotheosis"],"campfire_rested":0,"item_purchase_floors":[2,19],"current_hp_per_floor":[71,71,65,65,65,47,44,29,29,23,23,23,23,17,17,9,58,33,33,30,20,0],"gold":73,"neow_bonus":"TWO_FIFTY_GOLD","is_prod":false,"is_daily":false,"chose_seed":false,"campfire_upgraded":2,"win_rate":0,"timestamp":1550958934,"path_taken":["M","$","M","?","M","E","M","?","T","M","?","?","R","M","R","BOSS","M","$","M","?","M"],"build_version":"2019-01-23","purchased_purges":2,"victory":false,"max_hp_per_floor":[80,80,80,74,74,74,74,74,74,74,74,74,74,74,74,74,74,74,74,74,74,74],"card_choices":[{"not_picked":["Power Through","Bloodletting"],"picked":"Perfected Strike","floor":1},{"not_picked":["Underhanded Strike","Stack"],"picked":"Backflip","floor":3},{"not_picked":["Sweeping Beam","Coolheaded"],"picked":"Beam Cell","floor":5},{"not_picked":["Cleave","Endless Agony"],"picked":"Gash","floor":6},{"not_picked":["Cloak And Dagger","Backstab"],"picked":"Immolate","floor":7},{"not_picked":["Auto Shields","Sucker Punch"],"picked":"Darkness","floor":10},{"not_picked":["Ball Lightning","Choke"],"picked":"Inflame","floor":14},{"not_picked":["Buffer","Feed"],"picked":"Impervious","floor":16},{"not_picked":["Steam","Shrug It Off"],"picked":"Coolheaded+1","floor":18},{"not_picked":["Melter","Reprogram"],"picked":"Swift Strike","floor":20},{"not_picked":["Force Field+1","Sweeping Beam+1","Feel No Pain"],"picked":"SKIP","floor":21}],"player_experience":71316,"relics_obtained":[{"floor":6,"key":"Blood Vial"},{"floor":9,"key":"Bag of Marbles"}],"event_choices":[{"damage_healed":0,"gold_gain":0,"player_choice":"Lose Max HP","damage_taken":0,"relics_obtained":["Golden Idol"],"max_hp_gain":0,"max_hp_loss":6,"event_name":"Golden Idol","floor":4,"gold_loss":0},{"damage_healed":0,"gold_gain":0,"player_choice":"Entered Light","damage_taken":15,"max_hp_gain":0,"max_hp_loss":0,"event_name":"Shining Light","floor":8,"gold_loss":0,"cards_upgraded":["Beam Cell","Defend_R"]},{"damage_healed":0,"gold_gain":0,"player_choice":"Ignored","damage_taken":0,"max_hp_gain":0,"max_hp_loss":0,"event_name":"Liars Game","floor":11,"gold_loss":0},{"damage_healed":0,"gold_gain":0,"player_choice":"Bought 2 Potions","damage_taken":0,"max_hp_gain":0,"max_hp_loss":0,"event_name":"The Woman in Blue","floor":12,"gold_loss":0}],"is_beta":false,"boss_relics":[{"not_picked":["Snecko Eye","Black Blood"],"picked":"Empty Cage"}],"items_purged_floors":[2,19],"is_endless":false,"potions_floor_spawned":[5,7,14,18,20,21],"killed_by":"Sentry and Sphere","ascension_level":10}