{"gold_per_floor":[20,38,38,49,63,63,82,102,102,134,153,188,188,223,223,327,327,340,17,33,51,61,86,86,86,86,104,134,154,170,180,180,280,280,294,314,314,365,15,48,48,62,62,87,1,1,21,21,21,21],"floor_reached":51,"playtime":4834,"items_purged":["Defend_B+1","Defend_B+1"],"score":873,"play_id":"66c7eb57-e7fb-4f0e-965e-c2bbed0f3018","local_time":"20180926023102","is_ascension_mode":false,"campfire_choices":[{"data":"Zap","floor":6,"key":"SMITH"},{"data":"Chill","floor":13,"key":"SMITH"},{"data":"Machine Learning","floor":15,"key":"SMITH"},{"floor":24,"key":"REST"},{"floor":32,"key":"REST"},{"floor":41,"key":"REST"},{"floor":46,"key":"REST"},{"floor":49,"key":"REST"}],"neow_cost":"NO_GOLD","seed_source_timestamp":668694508791881,"circlet_count":0,"master_deck":["Strike_B+1","Strike_B+1","Strike_B+1","Strike_B+1","Defend_B+1","Defend_B+1","Zap+1","Dualcast+1","Cold Snap+1","Cold Snap+1","Compile Driver+1","Thunder Strike+1","Gash+1","Compile Driver+1","Machine Learning+1","Ball Lightning+1","Chill+1","Conserve Battery+1","All For One+1","White Noise+1","Gash+1","Go for the Eyes+1","Conserve Battery+1","Coolheaded+1","Doom and Gloom+1","Conserve Battery+1","Loop+1","Beam Cell+1","Capacitor+1","Undo+1","Amplify+1","Scrape+1","Hologram+1","Go for the Eyes+1","All For One+1","Steam+1","Conserve Battery+1","Glacier","Ball Lightning+1","Hologram+1","Streamline+1","Heatsinks"],"relics":["FrozenCore","FossilizedHelix","Thread and Needle","Ginger","Mango","Torii","Centennial Puzzle","Fusion Hammer","Pen Nib","Dead Branch","War Paint","Smiling Mask","Mark of the Bloom","Unceasing Top","Mercury Hourglass","Potion Belt","Whetstone","Shuriken"],"potions_floor_usage":[33,33,50,50,50,50],"damage_taken":[{"damage":0,"enemies":"Jaw Worm","floor":1,"turns":4},{"damage":0,"enemies":"2 Louse","floor":2,"turns":3},{"damage":0,"enemies":"Cultist","floor":4,"turns":3},{"damage":0,"enemies":"Large Slime","floor":5,"turns":6},{"damage":0,"enemies":"2 Fungi Beasts","floor":7,"turns":3},{"damage":0,"enemies":"Blue Slaver","floor":8,"turns":3},{"damage":22,"enemies":"Lagavulin","floor":10,"turns":7},{"damage":0,"enemies":"Red Slaver","floor":11,"turns":2},{"damage":5,"enemies":"3 Sentries","floor":12,"turns":6},{"damage":8,"enemies":"Gremlin Nob","floor":14,"turns":4},{"damage":19,"enemies":"Slime Boss","floor":16,"turns":8},{"damage":0,"enemies":"Spheric Guardian","floor":18,"turns":3},{"damage":0,"enemies":"Chosen","floor":20,"turns":4},{"damage":0,"enemies":"Snecko","floor":21,"turns":4},{"damage":8,"enemies":"Centurion and Healer","floor":22,"turns":5},{"damage":9,"enemies":"Gremlin Leader","floor":23,"turns":6},{"damage":0,"enemies":"3 Cultists","floor":27,"turns":4},{"damage":1,"enemies":"Slavers","floor":28,"turns":5},{"damage":0,"enemies":"Sentry and Sphere","floor":29,"turns":4},{"damage":0,"enemies":"Centurion and Healer","floor":30,"turns":5},{"damage":0,"enemies":"Cultist and Chosen","floor":31,"turns":7},{"damage":18,"enemies":"Automaton","floor":33,"turns":9},{"damage":0,"enemies":"Orb Walker","floor":35,"turns":5},{"damage":0,"enemies":"3 Shapes","floor":36,"turns":3},{"damage":0,"enemies":"Mysterious Sphere","floor":38,"turns":4},{"damage":0,"enemies":"Giant Head","floor":40,"turns":7},{"damage":0,"enemies":"Transient","floor":42,"turns":5},{"damage":0,"enemies":"2 Orb Walkers","floor":44,"turns":5},{"damage":0,"enemies":"3 Darklings","floor":47,"turns":4},{"damage":0,"enemies":"Awakened One","floor":50,"turns":9}],"seed_played":"7138395163524129195","potions_obtained":[{"floor":2,"key":"Energy Potion"},{"floor":10,"key":"EssenceOfSteel"},{"floor":11,"key":"SpeedPotion"},{"floor":16,"key":"EssenceOfSteel"},{"floor":23,"key":"Energy Potion"},{"floor":33,"key":"Swift Potion"},{"floor":38,"key":"GamblersBrew"},{"floor":40,"key":"SpeedPotion"},{"floor":44,"key":"Ancient Potion"}],"is_trial":false,"path_per_floor":["M","M","?","M","M","R","M","M","T","E","M","E","R","E","R","B",null,"M","$","M","M","M","E","R","?","T","M","E","M","M","M","R","B",null,"M","M","?","?","$","E","R","M","T","E","$","R","M","?","R","B"],"character_chosen":"DEFECT","items_purchased":["Gash","Go for the Eyes","Conserve Battery","Pen Nib","Coolheaded","Glacier","Mercury Hourglass","Heatsinks"],"campfire_rested":5,"item_purchase_floors":[19,19,19,19,19,39,39,45],"current_hp_per_floor":[75,75,72,72,72,72,72,72,72,64,64,59,59,51,51,32,89,89,89,89,89,81,72,89,89,89,89,88,88,88,88,89,71,89,89,89,89,89,89,89,89,89,89,89,89,89,89,85,85,85],"gold":21,"neow_bonus":"ONE_RARE_RELIC","is_prod":false,"is_daily":false,"chose_seed":false,"campfire_upgraded":3,"win_rate":0.0,"timestamp":1537903862,"path_taken":["M","M","?","M","M","R","M","M","T","E","M","E","R","E","R","BOSS","M","$","M","M","M","E","R","?","T","M","E","M","?","M","R","BOSS","M","M","?","?","$","E","R","M","T","E","?","R","?","?","R","BOSS"],"build_version":"2018-09-20","purchased_purges":2,"victory":true,"max_hp_per_floor":[75,75,75,75,75,75,75,75,75,89,89,89,89,89,89,89,89,89,89,89,89,89,89,89,89,89,89,89,89,89,89,89,89,89,89,89,89,89,89,89,89,89,89,89,89,89,89,85,85,85],"card_choices":[{"not_picked":["Sweeping Beam","Leap"],"picked":"Cold Snap","floor":1},{"not_picked":["Aggregate","Steam"],"picked":"Cold Snap","floor":2},{"not_picked":["Steam","Rebound"],"picked":"Compile Driver","floor":4},{"not_picked":["Gash","Leap"],"picked":"Thunder Strike","floor":5},{"not_picked":["Lockon","Redo"],"picked":"Gash","floor":7},{"not_picked":["Doom and Gloom","Steam"],"picked":"Compile Driver","floor":8},{"not_picked":["Cold Snap","Tempest"],"picked":"Machine Learning","floor":10},{"not_picked":["Reprogram","Stack"],"picked":"Ball Lightning","floor":11},{"not_picked":["Cold Snap","Genetic Algorithm"],"picked":"Chill","floor":12},{"not_picked":["Hologram","Beam Cell"],"picked":"Conserve Battery","floor":14},{"not_picked":["Amplify","Rainbow"],"picked":"All For One","floor":16},{"not_picked":["Static Discharge+1","Steam+1"],"picked":"White Noise","floor":18},{"not_picked":["Genetic Algorithm","Leap"],"picked":"Doom and Gloom+1","floor":20},{"not_picked":["Leap","Streamline"],"picked":"Conserve Battery+1","floor":21},{"not_picked":["Capacitor","Steam"],"picked":"Loop+1","floor":22},{"not_picked":["Ball Lightning","Go for the Eyes+1"],"picked":"Beam Cell+1","floor":23},{"not_picked":["Tempest","Steam"],"picked":"Undo","floor":27},{"not_picked":["Reprogram","Ball Lightning"],"picked":"Amplify","floor":28},{"not_picked":["Redo","Tempest"],"picked":"Scrape","floor":29},{"not_picked":["Streamline","Leap"],"picked":"Hologram+1","floor":30},{"not_picked":["Beam Cell","Barrage+1"],"picked":"Go for the Eyes+1","floor":31},{"not_picked":["Fission","Multi-Cast"],"picked":"All For One","floor":33},{"not_picked":["Ball Lightning","Conserve Battery+1"],"picked":"Steam+1","floor":35},{"not_picked":["Redo","Stack"],"picked":"Conserve Battery+1","floor":36},{"not_picked":["Rip and Tear","Sweeping Beam+1"],"picked":"Ball Lightning","floor":40},{"not_picked":["Compile Driver+1","Multi-Cast"],"picked":"Hologram+1","floor":42},{"not_picked":["Hologram","Conserve Battery"],"picked":"Streamline+1","floor":44},{"not_picked":["Self Repair","BootSequence","Leap"],"picked":"SKIP","floor":47}],"player_experience":165611,"relics_obtained":[{"floor":9,"key":"Ginger"},{"floor":10,"key":"Mango"},{"floor":12,"key":"Torii"},{"floor":14,"key":"Centennial Puzzle"},{"floor":23,"key":"Dead Branch"},{"floor":26,"key":"War Paint"},{"floor":28,"key":"Smiling Mask"},{"floor":38,"key":"Unceasing Top"},{"floor":40,"key":"Potion Belt"},{"floor":43,"key":"Whetstone"},{"floor":44,"key":"Shuriken"}],"event_choices":[{"event_name":"Scrap Ooze","player_choice":"success","floor":3,"damage_taken":3},{"event_name":"The Library","player_choice":"Read","floor":25,"damage_taken":0},{"event_name":"MindBloom","player_choice":"Upgrade","floor":37,"damage_taken":0},{"event_name":"Mysterious Sphere","player_choice":"Fight","floor":38,"damage_taken":0},{"event_name":"Winding Halls","player_choice":"Max HP","floor":48,"damage_taken":0}],"is_beta":false,"boss_relics":[{"not_picked":["Empty Cage","Astrolabe"],"picked":"Fusion Hammer"},{"not_picked":["Runic Pyramid","Orrery"],"picked":"FrozenCore"}],"items_purged_floors":[39,45],"is_endless":false,"potions_floor_spawned":[2,10,11,14,16,18,21,23,29,33,38,40,44],"ascension_level":0}