{"gold_per_floor":[115,169,180,196,121,121,131,31,58,74,74,74,104,104,104,208,208,223,275,150,167,182,182,202,202,228,245,263,279,279,279,279,381,381,401,401,418,268,343,343],"floor_reached":40,"playtime":3743,"items_purged":["Dualcast","Strike_B","Strike_B","Strike_B"],"score":435,"play_id":"009ec951-fdda-4eec-ad2a-e8c61dd55391","local_time":"20181221115732","is_ascension_mode":true,"campfire_choices":[{"floor":6,"key":"RECALL"},{"data":"Zap","floor":11,"key":"SMITH"},{"data":"Echo Form","floor":15,"key":"SMITH"},{"data":"Electrodynamics","floor":23,"key":"SMITH"},{"data":"Capacitor","floor":25,"key":"SMITH"},{"floor":32,"key":"REST"}],"neow_cost":"NONE","seed_source_timestamp":103465291972195,"circlet_count":0,"master_deck":["Defend_B+1","Defend_B+1","Zap+1","Glacier","Capacitor+1","Glacier","Echo Form+1","Electrodynamics+1","Chill","Cold Snap","Glacier+1","Loop","Ball Lightning"],"relics":["Cracked Core","NeowsBlessing","Bag of Preparation","Question Card","Busted Crown","Anchor","PreservedInsect","Nilry\u0027s Codex","Ancient Tea Set","Empty Cage"],"potions_floor_usage":[16,33,33,33,40],"damage_taken":[{"damage":0,"enemies":"Cultist","floor":1,"turns":1},{"damage":0,"enemies":"2 Louse","floor":3,"turns":1},{"damage":0,"enemies":"Small Slimes","floor":4,"turns":1},{"damage":4,"enemies":"Red Slaver","floor":7,"turns":6},{"damage":0,"enemies":"3 Louse","floor":10,"turns":6},{"damage":16,"enemies":"The Guardian","floor":16,"turns":17},{"damage":5,"enemies":"3 Byrds","floor":18,"turns":4},{"damage":3,"enemies":"Chosen","floor":21,"turns":6},{"damage":10,"enemies":"Sentry and Sphere","floor":22,"turns":8},{"damage":0,"enemies":"Cultist and Chosen","floor":24,"turns":6},{"damage":0,"enemies":"3 Cultists","floor":27,"turns":3},{"damage":0,"enemies":"Centurion and Healer","floor":28,"turns":5},{"damage":1,"enemies":"Cultist and Chosen","floor":29,"turns":9},{"damage":1,"enemies":"Collector","floor":33,"turns":6},{"damage":0,"enemies":"3 Shapes","floor":35,"turns":2},{"damage":25,"enemies":"3 Darklings","floor":37,"turns":7},{"damage":65,"enemies":"Nemesis","floor":40,"turns":8}],"seed_played":"1893036255586186982","potions_obtained":[{"floor":1,"key":"SteroidPotion"},{"floor":3,"key":"Fire Potion"},{"floor":18,"key":"SpeedPotion"},{"floor":21,"key":"Dexterity Potion"},{"floor":22,"key":"Poison Potion"},{"floor":28,"key":"FocusPotion"},{"floor":37,"key":"Regen Potion"}],"is_trial":false,"path_per_floor":["M","T","M","M","$","R","M","$","T","M","R","?","?","?","R","B",null,"M","T","$","M","M","R","M","R","T","M","M","M","?","?","R","B",null,"M","?","M","$","?","E"],"character_chosen":"DEFECT","items_purchased":[],"campfire_rested":1,"item_purchase_floors":[],"current_hp_per_floor":[75,75,75,75,75,75,71,71,71,71,71,56,56,56,56,40,75,70,70,70,67,57,57,57,57,57,57,57,56,40,40,62,61,75,75,75,50,50,43,0],"gold":343,"neow_bonus":"THREE_ENEMY_KILL","is_prod":false,"is_daily":false,"chose_seed":false,"campfire_upgraded":4,"win_rate":0,"timestamp":1545415052,"path_taken":["M","?","M","M","$","R","M","$","T","M","R","?","?","?","R","BOSS","M","?","$","?","M","R","M","R","T","M","M","M","?","?","R","BOSS","M","?","M","$","?","E"],"build_version":"2018-12-20","purchased_purges":4,"victory":false,"max_hp_per_floor":[75,75,75,75,75,75,75,75,75,75,75,75,75,75,75,75,75,75,75,75,75,75,75,75,75,75,75,75,75,75,75,75,75,75,75,75,75,75,75,75],"card_choices":[{"not_picked":["Blizzard","Streamline"],"picked":"Glacier","floor":1},{"not_picked":["Stack","Melter","Consume"],"picked":"SKIP","floor":3},{"not_picked":["Static Discharge","Coolheaded","Beam Cell"],"picked":"SKIP","floor":4},{"not_picked":["Compile Driver","Steam"],"picked":"Capacitor","floor":7},{"not_picked":["Hello World","Compile Driver"],"picked":"Glacier","floor":10},{"not_picked":["Thunder Strike","Echo Form","Core Surge"],"picked":"Electrodynamics","floor":16},{"not_picked":["Barrage"],"picked":"Chill","floor":18},{"not_picked":["Sweeping Beam+1"],"picked":"Cold Snap","floor":21},{"not_picked":["Stack","Rebound"],"picked":"SKIP","floor":22},{"not_picked":["Barrage","Undo+1"],"picked":"SKIP","floor":24},{"not_picked":["Scrape","Heatsinks"],"picked":"SKIP","floor":27},{"not_picked":["Redo+1"],"picked":"Glacier+1","floor":28},{"not_picked":["Coolheaded"],"picked":"Loop","floor":29},{"not_picked":["Turbo+1","White Noise"],"picked":"SKIP","floor":35},{"not_picked":["Reinforced Body","Ball Lightning"],"picked":"SKIP","floor":37},{"not_picked":["Reinforced Body"],"picked":"Ball Lightning","floor":37}],"player_experience":811925,"relics_obtained":[{"floor":9,"key":"Bag of Preparation"},{"floor":19,"key":"Anchor"},{"floor":26,"key":"PreservedInsect"},{"floor":30,"key":"Nilry\u0027s Codex"}],"event_choices":[{"damage_healed":0,"gold_gain":0,"player_choice":"Entered Light","damage_taken":15,"max_hp_gain":0,"max_hp_loss":0,"event_name":"Shining Light","floor":12,"gold_loss":0,"cards_upgraded":["Defend_B","Defend_B"]},{"damage_healed":0,"gold_gain":30,"player_choice":"Searched \u00272\u0027 times","damage_taken":0,"relics_obtained":["Question Card"],"max_hp_gain":0,"max_hp_loss":0,"event_name":"Dead Adventurer","floor":13,"gold_loss":0},{"damage_healed":0,"gold_gain":0,"cards_transformed":["Defend_B"],"player_choice":"Transformed","damage_taken":0,"max_hp_gain":0,"max_hp_loss":0,"event_name":"Transmorgrifier","floor":14,"gold_loss":0,"cards_obtained":["Echo Form"]},{"damage_healed":0,"gold_gain":0,"player_choice":"Obtained Book","damage_taken":16,"max_hp_gain":0,"max_hp_loss":0,"event_name":"Cursed Tome","floor":30,"gold_loss":0},{"damage_healed":0,"gold_gain":0,"player_choice":"Opened","damage_taken":0,"relics_obtained":["Ancient Tea Set"],"max_hp_gain":0,"max_hp_loss":0,"event_name":"The Mausoleum","floor":31,"gold_loss":0,"cards_obtained":["Writhe"]},{"cards_removed":["Strike_B"],"damage_healed":0,"gold_gain":0,"player_choice":"Removed Attack","damage_taken":0,"max_hp_gain":0,"max_hp_loss":0,"event_name":"Falling","floor":36,"gold_loss":0},{"damage_healed":0,"gold_gain":75,"player_choice":"Touch","damage_taken":7,"max_hp_gain":0,"max_hp_loss":0,"event_name":"FaceTrader","floor":39,"gold_loss":0}],"is_beta":false,"boss_relics":[{"not_picked":["Runic Dome","Runic Pyramid"],"picked":"Busted Crown"},{"not_picked":["Nuclear Battery","Tiny House"],"picked":"Empty Cage"}],"items_purged_floors":[5,8,20,38],"is_endless":false,"potions_floor_spawned":[1,3,18,21,22,28,29,37],"killed_by":"Nemesis","ascension_level":3}