{"gold_per_floor":[363,380,393,43,43,43,62,62,62,76,76,104,104,135,135,236,236,226,36,54,133,152,152,171,35,35,35,35,67,67,80,80,182,182,193,33,44,0,49,49,65,85,110,110,137,150,150],"floor_reached":47,"playtime":5006,"items_purged":["Parasite"],"score":583,"play_id":"1acb7d6d-b826-4b40-b7a3-6407c91a9a88","local_time":"20190301145712","is_ascension_mode":true,"campfire_choices":[{"data":"Rage","floor":6.0,"key":"SMITH"},{"data":"Evolve","floor":8.0,"key":"SMITH"},{"data":"Flame Barrier","floor":11.0,"key":"SMITH"},{"data":"Brutality","floor":15.0,"key":"SMITH"},{"data":"Fiend Fire","floor":23.0,"key":"SMITH"},{"data":"Master of Strategy","floor":27.0,"key":"SMITH"},{"data":"Body Slam","floor":32.0,"key":"SMITH"},{"data":"Body Slam","floor":40.0,"key":"SMITH"},{"data":"Heavy Blade","floor":44.0,"key":"SMITH"}],"neow_cost":"CURSE","seed_source_timestamp":0,"circlet_count":0,"master_deck":["Strike_R","Strike_R","Strike_R","Strike_R","Defend_R","Defend_R","Defend_R","Defend_R","Bash","Armaments+1","Rage+1","Flex","Power Through","Evolve+1","Flame Barrier+1","Battle Trance","Brutality+1","Fiend Fire+1","Headbutt","Spot Weakness","Flex","Metallicize","Doubt","Cleave+1","Ghostly Armor","Master of Strategy+1","Injury","Body Slam+1","Impervious","Whirlwind+1","Heavy Blade+1","Body Slam+1","Metallicize+1","Flex","Regret","Impervious+1"],"special_seed":0,"relics":["Burning Blood","Frozen Eye","Bag of Preparation","The Courier","Matryoshka","Cursed Key","Lantern","Red Skull","Bottled Flame","Bronze Scales","Gremlin Horn","MutagenicStrength","Question Card","Coffee Dripper","MealTicket","Red Mask","Turnip","Toxic Egg 2"],"potions_floor_usage":[45],"damage_taken":[{"damage":5.0,"enemies":"Cultist","floor":1.0,"turns":5.0},{"damage":13.0,"enemies":"Jaw Worm","floor":2.0,"turns":5.0},{"damage":1.0,"enemies":"Small Slimes","floor":3.0,"turns":4.0},{"damage":5.0,"enemies":"Exordium Thugs","floor":7.0,"turns":5.0},{"damage":0.0,"enemies":"2 Fungi Beasts","floor":10.0,"turns":4.0},{"damage":5.0,"enemies":"3 Sentries","floor":12.0,"turns":9.0},{"damage":11.0,"enemies":"Lagavulin","floor":14.0,"turns":5.0},{"damage":61.0,"enemies":"Slime Boss","floor":16.0,"turns":15.0},{"damage":0.0,"enemies":"2 Thieves","floor":18.0,"turns":4.0},{"damage":15.0,"enemies":"Spheric Guardian","floor":20.0,"turns":4.0},{"damage":6.0,"enemies":"Centurion and Healer","floor":22.0,"turns":5.0},{"damage":0.0,"enemies":"Snake Plant","floor":24.0,"turns":1.0},{"damage":7.0,"enemies":"Gremlin Leader","floor":29.0,"turns":4.0},{"damage":3.0,"enemies":"Sentry and Sphere","floor":31.0,"turns":4.0},{"damage":29.0,"enemies":"Automaton","floor":33.0,"turns":8.0},{"damage":20.0,"enemies":"3 Shapes","floor":35.0,"turns":2.0},{"damage":2.0,"enemies":"3 Darklings","floor":37.0,"turns":3.0},{"damage":6.0,"enemies":"2 Orb Walkers","floor":39.0,"turns":4.0},{"damage":11.0,"enemies":"Spire Growth","floor":41.0,"turns":4.0},{"damage":0.0,"enemies":"Sphere and 2 Shapes","floor":42.0,"turns":1.0},{"damage":18,"enemies":"Nemesis","floor":45,"turns":9},{"damage":30,"enemies":"Maw","floor":46,"turns":8},{"damage":32,"enemies":"Reptomancer","floor":47,"turns":2}],"seed_played":"7940180763718745778","potions_obtained":[{"floor":1.0,"key":"Poison Potion"},{"floor":3.0,"key":"Energy Potion"},{"floor":12.0,"key":"Strength Potion"},{"floor":16.0,"key":"AttackPotion"},{"floor":22.0,"key":"Poison Potion"},{"floor":24.0,"key":"SpeedPotion"},{"floor":31.0,"key":"SkillPotion"},{"floor":35.0,"key":"SpeedPotion"},{"floor":41.0,"key":"Dexterity Potion"},{"floor":46,"key":"Poison Potion"}],"is_trial":false,"path_per_floor":["M","M","M","$","?","R","M","R","T","M","R","E","?","E","R","B",null,"M","$","M","T","M","R","M","$","T","R","?","E","$","M","R","B",null,"M","$","M","?","?","R","M","M","T","R","E","M","E"],"character_chosen":"IRONCLAD","items_purchased":["Frozen Eye","Power Through","Spot Weakness","Flex","Lantern","Master of Strategy","MealTicket"],"campfire_rested":0,"item_purchase_floors":[4,4,19,19,19,25,36],"current_hp_per_floor":[80,73,78,77,77,77,77,77,77,77,77,77,77,72,72,17,77,77,77,68,68,68,68,74,74,74,74,74,73,73,76,76,53,77,63,63,67,67,67,67,62,68,68,68,56,32,0],"gold":150,"neow_bonus":"TWO_FIFTY_GOLD","is_prod":false,"is_daily":false,"chose_seed":false,"campfire_upgraded":9,"win_rate":0,"timestamp":1551473832,"path_taken":["M","?","M","$","?","R","M","R","T","M","R","E","?","E","R","BOSS","M","?","M","?","M","R","M","$","T","R","?","E","$","M","R","BOSS","M","$","M","?","?","R","M","M","T","R","E","M","E"],"build_version":"2019-01-23","purchased_purges":1,"victory":false,"max_hp_per_floor":[80,80,80,77,77,77,77,77,77,77,77,77,77,77,77,77,77,77,77,77,77,77,77,77,77,77,77,77,77,77,77,77,77,77,77,77,77,77,77,77,77,77,77,77,77,77,77],"card_choices":[{"not_picked":["Seeing Red","Reckless Charge"],"picked":"Armaments","floor":1.0},{"not_picked":["Sword Boomerang","Searing Blow"],"picked":"Rage","floor":2.0},{"not_picked":["True Grit","Warcry"],"picked":"Flex","floor":3.0},{"not_picked":["Iron Wave","Shrug It Off"],"picked":"Evolve","floor":7.0},{"not_picked":["Warcry","Clash"],"picked":"Flame Barrier","floor":10.0},{"not_picked":["Disarm","Sentinel"],"picked":"Battle Trance","floor":12.0},{"not_picked":["Dual Wield","Flex"],"picked":"Brutality","floor":14.0},{"not_picked":["Offering","Dark Embrace"],"picked":"Fiend Fire","floor":16.0},{"not_picked":["Warcry","Shockwave+1"],"picked":"Headbutt","floor":18.0},{"not_picked":["Flex","Bloodletting"],"picked":"Metallicize","floor":20.0},{"not_picked":["Headbutt+1","Body Slam"],"picked":"Cleave+1","floor":22.0},{"not_picked":["Pommel Strike","Headbutt"],"picked":"Ghostly Armor","floor":24.0},{"not_picked":["Pommel Strike","Offering"],"picked":"Body Slam","floor":29.0},{"not_picked":["Cleave","Warcry+1","Dual Wield+1","Thunderclap+1"],"picked":"SKIP","floor":31.0},{"not_picked":["Offering","Double Tap","Berserk"],"picked":"Impervious","floor":33.0},{"not_picked":["Wild Strike","Pommel Strike","Sword Boomerang+1"],"picked":"Whirlwind+1","floor":35.0},{"not_picked":["Pommel Strike","Spot Weakness+1","True Grit"],"picked":"Heavy Blade","floor":37.0},{"not_picked":["Rage","Warcry+1","Havoc+1"],"picked":"Body Slam","floor":39.0},{"not_picked":["Disarm","Iron Wave","Whirlwind"],"picked":"Metallicize+1","floor":41.0},{"not_picked":["Cleave","Iron Wave","Clash+1"],"picked":"Flex","floor":42.0},{"not_picked":["Inflame","Warcry+1","Flex"],"picked":"Impervious","floor":45},{"not_picked":["Body Slam","Flex+1","Clothesline+1","Searing Blow"],"picked":"SKIP","floor":46}],"player_experience":230408,"relics_obtained":[{"floor":9.0,"key":"Bag of Preparation"},{"floor":12.0,"key":"The Courier"},{"floor":14.0,"key":"Matryoshka"},{"floor":21.0,"key":"Red Skull"},{"floor":21.0,"key":"Bottled Flame"},{"floor":26.0,"key":"Bronze Scales"},{"floor":26.0,"key":"Gremlin Horn"},{"floor":29.0,"key":"Question Card"},{"floor":39.0,"key":"Turnip"},{"floor":45,"key":"Toxic Egg 2"}],"event_choices":[{"damage_healed":0.0,"max_hp_gain":0.0,"max_hp_loss":0.0,"gold_gain":0.0,"event_name":"Living Wall","player_choice":"Grow","floor":5.0,"gold_loss":0.0,"damage_taken":0.0,"cards_upgraded":["Armaments"]},{"cards_removed":["Strike_R"],"damage_healed":0.0,"max_hp_gain":0.0,"max_hp_loss":0.0,"gold_gain":0.0,"event_name":"Wheel of Change","player_choice":"Card Removal","floor":13.0,"gold_loss":0.0,"damage_taken":0.0},{"damage_healed":0.0,"max_hp_gain":0.0,"max_hp_loss":0.0,"gold_gain":0.0,"event_name":"Drug Dealer","player_choice":"Inject Mutagens","floor":28.0,"gold_loss":0.0,"damage_taken":0.0,"relics_obtained":["MutagenicStrength"]},{"damage_healed":0.0,"max_hp_gain":0.0,"max_hp_loss":0.0,"gold_gain":0.0,"event_name":"Tomb of Lord Red Mask","player_choice":"Paid","floor":38.0,"gold_loss":44.0,"damage_taken":0.0,"relics_obtained":["Red Mask"]},{"damage_healed":0.0,"max_hp_gain":0.0,"max_hp_loss":0.0,"gold_gain":0.0,"event_name":"Mysterious Sphere","player_choice":"Fight","floor":39.0,"gold_loss":0.0,"damage_taken":0.0}],"is_beta":false,"boss_relics":[{"not_picked":["Sozu","Orrery"],"picked":"Cursed Key"},{"not_picked":["Empty Cage","Astrolabe"],"picked":"Coffee Dripper"}],"items_purged_floors":[4],"is_endless":false,"potions_floor_spawned":[1,3,12,16,22,24,31,35,41,46],"killed_by":"Reptomancer","ascension_level":3}