{"gold_per_floor":[110,110,125,146,71,105,126,126,178,201,280,303,327,351,351,480,480,501,501,516,161,161,177,177,177,177,177],"floor_reached":27,"playtime":1850,"items_purged":["Strike_R","Decay"],"score":242,"play_id":"83ba2918-cd14-438b-9651-d0e42ce957f2","local_time":"20180925095414","is_ascension_mode":false,"campfire_choices":[{"data":"Dual Wield","floor":8,"key":"SMITH"},{"data":"Clash","floor":15,"key":"SMITH"}],"neow_cost":"NONE","seed_source_timestamp":611887793931337,"circlet_count":0,"master_deck":["Strike_R","Strike_R","Strike_R","Strike_R","Defend_R","Defend_R","Defend_R","Defend_R","Bash","Clash+1","Warcry","Headbutt","Dual Wield+1","Inflame+1","Inflame+1","Pommel Strike","Clash","Clash","Barricade+1","Injury","Shrug It Off","Iron Wave+1","Clash","Armaments"],"relics":["Burning Blood","Golden Idol","Frozen Egg 2","Bag of Marbles","Regal Pillow","Art of War","Gremlin Horn","Bird Faced Urn","Sling","Enchiridion","Nloth\u0027s Gift","Paper Frog"],"potions_floor_usage":[27,27],"damage_taken":[{"damage":0,"enemies":"2 Louse","floor":1,"turns":3},{"damage":3,"enemies":"Jaw Worm","floor":3,"turns":4},{"damage":5,"enemies":"Cultist","floor":4,"turns":4},{"damage":14,"enemies":"Gremlin Nob","floor":6,"turns":4},{"damage":13,"enemies":"Red Slaver","floor":7,"turns":2},{"damage":25,"enemies":"Exordium Wildlife","floor":10,"turns":6},{"damage":0,"enemies":"Gremlin Nob","floor":11,"turns":2},{"damage":12,"enemies":"Blue Slaver","floor":12,"turns":4},{"damage":0,"enemies":"Large Slime","floor":13,"turns":2},{"damage":0,"enemies":"3 Louse","floor":14,"turns":1},{"damage":26,"enemies":"Hexaghost","floor":16,"turns":4},{"damage":10,"enemies":"Spheric Guardian","floor":18,"turns":3},{"damage":39,"enemies":"3 Byrds","floor":20,"turns":9},{"damage":1,"enemies":"Shelled Parasite and Fungi","floor":23,"turns":2},{"damage":60,"enemies":"Gremlin Leader","floor":27,"turns":5}],"seed_played":"7001201889675942230","potions_obtained":[{"floor":1,"key":"Explosive Potion"},{"floor":10,"key":"Fire Potion"},{"floor":11,"key":"SpeedPotion"},{"floor":12,"key":"SteroidPotion"},{"floor":13,"key":"Swift Potion"}],"is_trial":false,"path_per_floor":["M","?","M","M","$","E","M","R","T","M","?","M","M","M","R","B",null,"M","?","M","$","?","M","?","?","T"],"character_chosen":"IRONCLAD","items_purchased":["Sling","Clash"],"campfire_rested":0,"item_purchase_floors":[21,21],"current_hp_per_floor":[88,66,69,70,70,62,55,55,55,36,42,36,42,48,48,28,88,84,84,57,57,41,48,48,48,48,0],"gold":177,"neow_bonus":"TEN_PERCENT_HP_BONUS","is_prod":false,"is_daily":false,"chose_seed":false,"campfire_upgraded":2,"win_rate":0.0,"timestamp":1537844054,"path_taken":["M","?","M","?","$","E","M","R","T","M","?","?","M","M","R","BOSS","M","?","?","$","?","M","?","?","T","E"],"build_version":"2018-09-20","purchased_purges":2,"victory":false,"max_hp_per_floor":[88,88,88,88,88,88,88,88,88,88,88,88,88,88,88,88,88,88,88,88,88,88,88,88,88,88,88],"card_choices":[{"not_picked":["Sever Soul","Rampage"],"picked":"Clash","floor":1},{"not_picked":["Flame Barrier","Cleave"],"picked":"Warcry","floor":3},{"not_picked":["Burning Pact","Warcry"],"picked":"Headbutt","floor":4},{"not_picked":["Searing Blow","Perfected Strike"],"picked":"Dual Wield","floor":6},{"not_picked":["Flex","Body Slam"],"picked":"Inflame+1","floor":7},{"not_picked":["Fire Breathing+1","Spot Weakness"],"picked":"Inflame+1","floor":10},{"not_picked":["Anger","Bloodletting"],"picked":"Pommel Strike","floor":11},{"not_picked":["Flex","Fire Breathing+1"],"picked":"Clash","floor":12},{"not_picked":["Twin Strike","Limit Break"],"picked":"Clash","floor":13},{"not_picked":["Heavy Blade","Rampage","Feel No Pain+1"],"picked":"SKIP","floor":14},{"not_picked":["Limit Break","Reaper"],"picked":"Barricade+1","floor":16},{"not_picked":["Disarm","Perfected Strike+1"],"picked":"Shrug It Off","floor":18},{"not_picked":["Anger","Carnage"],"picked":"Iron Wave+1","floor":20},{"not_picked":["Feel No Pain+1","Body Slam+1"],"picked":"Armaments","floor":23}],"player_experience":128128,"relics_obtained":[{"floor":6,"key":"Frozen Egg 2"},{"floor":9,"key":"Bag of Marbles"},{"floor":11,"key":"Regal Pillow"},{"floor":17,"key":"Art of War"},{"floor":17,"key":"Gremlin Horn"},{"floor":17,"key":"Bird Faced Urn"},{"floor":22,"key":"Enchiridion"},{"floor":26,"key":"Paper Frog"}],"event_choices":[{"event_name":"Golden Idol","player_choice":"Take Damage","floor":2,"damage_taken":0},{"event_name":"Dead Adventurer","player_choice":"Searched \u00271\u0027 times","floor":11,"damage_taken":0},{"event_name":"Vampires","player_choice":"Ignored","floor":19,"damage_taken":0},{"event_name":"Cursed Tome","player_choice":"Obtained Book","floor":22,"damage_taken":0},{"event_name":"Back to Basics","player_choice":"Elegance","floor":24,"damage_taken":0},{"event_name":"N\u0027loth","player_choice":"Traded a Calling Bell","floor":25,"damage_taken":0}],"is_beta":false,"boss_relics":[{"not_picked":["Busted Crown","Snecko Eye"],"picked":"Calling Bell"}],"items_purged_floors":[5,21],"is_endless":false,"potions_floor_spawned":[1,10,11,12,13,18],"killed_by":"Gremlin Leader","ascension_level":0}