{"gold_per_floor":[365,365,107,107,123,157,157,175,175,188,206,241,75,48,48,146,146,160,170,85,6,6,6,38,49,101,127,145,145,156,256,256,355,355,365,77,77,77,77,103,103,121,121,0,0,53,68,81,81,81],"floor_reached":51,"playtime":4292,"items_purged":["Regret","Defend_R"],"score":1123,"play_id":"99d0e27d-f739-4de4-bc7c-844b3ac523ac","local_time":"20190227140825","is_ascension_mode":true,"campfire_choices":[{"data":"Warcry","floor":7,"key":"SMITH"},{"floor":15,"key":"REST"},{"data":"Feed","floor":23,"key":"SMITH"},{"floor":29,"key":"REST"},{"floor":32,"key":"REST"},{"floor":41,"key":"REST"},{"floor":49,"key":"REST"}],"neow_cost":"TEN_PERCENT_HP_LOSS","seed_source_timestamp":1013829976672645,"circlet_count":0,"master_deck":["Strike_R","Strike_R","Strike_R","Strike_R","Defend_R","Defend_R+1","Defend_R","Bash","Headbutt","Pommel Strike+1","Cleave","Warcry+1","True Grit+1","Rampage","Feed","Second Wind","Anger","Feed+1","Shockwave","Twin Strike+1","Power Through","Finesse","Wild Strike","Offering","Bludgeon","Armaments+1","Anger+1","Pommel Strike+1","Reckless Charge","Evolve","Flash of Steel","Dropkick","Disarm+1"],"relics":["Black Blood","Shuriken","Membership Card","PreservedInsect","Red Skull","Oddly Smooth Stone","Dead Branch","Nloth\u0027s Gift","Dodecahedron","Omamori","Dream Catcher","Ice Cream","Gremlin Horn","Cursed Key","Orichalcum","Blood Vial","ClockworkSouvenir","Frozen Egg 2","Bronze Scales","Red Mask","StoneCalendar"],"potions_floor_usage":[16,18,18,25,25,30,31],"damage_taken":[{"damage":6,"enemies":"2 Louse","floor":1,"turns":3},{"damage":12,"enemies":"Jaw Worm","floor":5,"turns":2},{"damage":25,"enemies":"3 Sentries","floor":6,"turns":6},{"damage":1,"enemies":"Cultist","floor":8,"turns":3},{"damage":18,"enemies":"Gremlin Gang","floor":10,"turns":4},{"damage":14,"enemies":"Exordium Thugs","floor":11,"turns":4},{"damage":28,"enemies":"Lagavulin","floor":12,"turns":5},{"damage":0,"enemies":"Slime Boss","floor":16,"turns":4},{"damage":12,"enemies":"3 Byrds","floor":18,"turns":4},{"damage":38,"enemies":"2 Thieves","floor":19,"turns":4},{"damage":24,"enemies":"Slavers","floor":24,"turns":3},{"damage":5,"enemies":"Snecko","floor":25,"turns":3},{"damage":18,"enemies":"Gremlin Leader","floor":27,"turns":4},{"damage":12,"enemies":"Centurion and Healer","floor":28,"turns":6},{"damage":21,"enemies":"Shelled Parasite and Fungi","floor":30,"turns":3},{"damage":6,"enemies":"Colosseum Slavers","floor":31,"turns":3},{"damage":19,"enemies":"Colosseum Nobs","floor":31,"turns":4},{"damage":61,"enemies":"Collector","floor":33,"turns":13},{"damage":36,"enemies":"3 Darklings","floor":35,"turns":4},{"damage":45,"enemies":"Nemesis","floor":40,"turns":5},{"damage":0,"enemies":"Orb Walker","floor":42,"turns":2},{"damage":27,"enemies":"2 Orb Walkers","floor":46,"turns":4},{"damage":17,"enemies":"Sphere and 2 Shapes","floor":47,"turns":5},{"damage":50,"enemies":"Writhing Mass","floor":48,"turns":6},{"damage":34,"enemies":"Time Eater","floor":50,"turns":9}],"seed_played":"-5837626207960691560","potions_obtained":[{"floor":5,"key":"Fire Potion"},{"floor":8,"key":"Strength Potion"},{"floor":12,"key":"AttackPotion"},{"floor":19,"key":"Swift Potion"},{"floor":24,"key":"Swift Potion"},{"floor":28,"key":"Dexterity Potion"},{"floor":30,"key":"PowerPotion"},{"floor":33,"key":"SteroidPotion"},{"floor":42,"key":"SpeedPotion"},{"floor":47,"key":"Explosive Potion"}],"is_trial":false,"path_per_floor":["M","?","$","?","M","E","R","M","T","M","M","E","$","$","R","B",null,"M","M","?","$","?","R","E","M","T","E","M","R","M","?","R","B",null,"M","$","?","?","?","E","R","M","T","?","?","?","M","M","R","B",null],"character_chosen":"IRONCLAD","items_purchased":["Membership Card","Pommel Strike","Second Wind","Oddly Smooth Stone","Anger","Power Through","Finesse","Orichalcum","Blood Vial","ClockworkSouvenir","Evolve"],"campfire_rested":5,"item_purchase_floors":[3,3,13,13,14,21,21,36,36,36,36],"current_hp_per_floor":[72,72,72,72,66,47,47,52,52,40,32,10,10,10,31,40,66,67,39,39,39,39,39,29,38,38,34,35,62,58,60,92,41,91,65,65,65,65,65,32,62,74,74,74,102,88,83,45,76,54],"gold":81,"neow_bonus":"TWO_FIFTY_GOLD","is_prod":false,"is_daily":false,"chose_seed":false,"campfire_upgraded":2,"win_rate":0,"timestamp":1551254905,"path_taken":["M","?","$","?","?","E","R","M","T","?","M","E","?","$","R","BOSS","M","M","?","$","?","R","E","M","T","E","M","R","?","?","R","BOSS","M","$","?","?","?","E","R","M","T","?","?","?","M","M","R","BOSS"],"build_version":"2019-01-23","purchased_purges":2,"victory":true,"max_hp_per_floor":[72,72,72,72,72,72,72,72,72,72,72,72,72,72,72,75,75,78,78,78,78,78,78,82,86,86,90,93,93,100,107,107,107,107,107,107,107,107,102,102,102,102,102,102,102,105,105,105,105,105],"card_choices":[{"not_picked":["Armaments","Clash"],"picked":"Headbutt","floor":1},{"not_picked":["Wild Strike","Metallicize"],"picked":"Cleave","floor":5},{"not_picked":["Perfected Strike","Intimidate"],"picked":"Warcry","floor":6},{"not_picked":["Bloodletting","Thunderclap"],"picked":"True Grit","floor":8},{"not_picked":["Shrug It Off","Bloodletting"],"picked":"Rampage","floor":10},{"not_picked":["Havoc","Immolate","Rampage"],"picked":"SKIP","floor":11},{"not_picked":["Searing Blow","Twin Strike"],"picked":"Feed","floor":12},{"not_picked":["Fiend Fire","Barricade"],"picked":"Feed","floor":16},{"not_picked":["Combust+1","Spot Weakness"],"picked":"Shockwave","floor":18},{"not_picked":["Whirlwind","Rage+1"],"picked":"Twin Strike+1","floor":19},{"not_picked":["Double Tap","Clash","Spot Weakness+1"],"picked":"SKIP","floor":24},{"not_picked":["Body Slam","Headbutt"],"picked":"Wild Strike","floor":25},{"not_picked":["Cleave","Reaper"],"picked":"Offering","floor":27},{"not_picked":["Rampage+1","Cleave"],"picked":"Bludgeon","floor":28},{"not_picked":["Flame Barrier+1","Wild Strike"],"picked":"Armaments+1","floor":29},{"not_picked":["Second Wind","Intimidate","Berserk"],"picked":"SKIP","floor":30},{"not_picked":["Entrench","Ghostly Armor"],"picked":"Anger+1","floor":31},{"not_picked":["Spot Weakness","Intimidate"],"picked":"Pommel Strike+1","floor":32},{"not_picked":["Hemokinesis+1","Second Wind+1"],"picked":"Reckless Charge","floor":35},{"not_picked":["The Bomb","Good Instincts"],"picked":"Flash of Steel","floor":37},{"not_picked":["Shrug It Off","Clothesline"],"picked":"Dropkick","floor":40},{"not_picked":["Inflame+1","Dual Wield+1","Anger+1"],"picked":"SKIP","floor":42},{"not_picked":["Pommel Strike","Burning Pact","Sword Boomerang+1"],"picked":"SKIP","floor":47},{"not_picked":["Headbutt+1","Perfected Strike"],"picked":"Disarm+1","floor":48}],"player_experience":895286,"relics_obtained":[{"floor":6,"key":"PreservedInsect"},{"floor":9,"key":"Red Skull"},{"floor":12,"key":"War Paint"},{"floor":24,"key":"Dodecahedron"},{"floor":26,"key":"Omamori"},{"floor":27,"key":"Dream Catcher"},{"floor":31,"key":"Ice Cream"},{"floor":31,"key":"Gremlin Horn"},{"floor":40,"key":"Frozen Egg 2"},{"floor":43,"key":"Bronze Scales"},{"floor":46,"key":"StoneCalendar"}],"event_choices":[{"damage_healed":0,"gold_gain":0,"player_choice":"Box","damage_taken":0,"relics_obtained":["Shuriken"],"max_hp_gain":0,"max_hp_loss":0,"event_name":"Big Fish","floor":2,"gold_loss":0,"cards_obtained":["Regret"]},{"damage_healed":0,"gold_gain":0,"player_choice":"Upgraded","damage_taken":0,"max_hp_gain":0,"max_hp_loss":0,"event_name":"Upgrade Shrine","floor":4,"gold_loss":0,"cards_upgraded":["Pommel Strike"]},{"damage_healed":0,"gold_gain":0,"player_choice":"Obtained Relic","damage_taken":0,"relics_obtained":["Dead Branch"],"max_hp_gain":0,"max_hp_loss":0,"event_name":"Addict","floor":20,"gold_loss":85},{"damage_healed":0,"gold_gain":0,"player_choice":"Traded Relic","damage_taken":0,"relics_obtained":["Nloth\u0027s Gift"],"max_hp_gain":0,"max_hp_loss":0,"event_name":"N\u0027loth","floor":22,"relics_lost":["War Paint"],"gold_loss":0},{"damage_healed":0,"gold_gain":0,"player_choice":"Fight","damage_taken":0,"max_hp_gain":0,"max_hp_loss":0,"event_name":"Colosseum","floor":31,"gold_loss":0},{"damage_healed":0,"gold_gain":0,"player_choice":"Fought Nobs","damage_taken":0,"max_hp_gain":0,"max_hp_loss":0,"event_name":"Colosseum","floor":31,"gold_loss":0},{"damage_healed":0,"gold_gain":0,"player_choice":"Memory 1","damage_taken":0,"max_hp_gain":0,"max_hp_loss":0,"event_name":"SensoryStone","floor":37,"gold_loss":0},{"cards_removed":["Strike_R"],"damage_healed":0,"gold_gain":0,"player_choice":"Removed Attack","damage_taken":0,"max_hp_gain":0,"max_hp_loss":0,"event_name":"Falling","floor":38,"gold_loss":0},{"damage_healed":0,"gold_gain":0,"player_choice":"Max HP","damage_taken":0,"max_hp_gain":0,"max_hp_loss":5,"event_name":"Winding Halls","floor":39,"gold_loss":0},{"damage_healed":0,"gold_gain":0,"player_choice":"Paid","damage_taken":0,"relics_obtained":["Red Mask"],"max_hp_gain":0,"max_hp_loss":0,"event_name":"Tomb of Lord Red Mask","floor":44,"gold_loss":121},{"damage_healed":28,"gold_gain":0,"player_choice":"Heal","damage_taken":0,"max_hp_gain":0,"max_hp_loss":0,"event_name":"MindBloom","floor":45,"gold_loss":0,"cards_obtained":["Doubt"]},{"damage_healed":0,"gold_gain":0,"player_choice":"Fight","damage_taken":0,"max_hp_gain":0,"max_hp_loss":0,"event_name":"Mysterious Sphere","floor":46,"gold_loss":0}],"is_beta":false,"boss_relics":[{"not_picked":["Pandora\u0027s Box","Runic Cube"],"picked":"Black Blood"},{"not_picked":["Empty Cage","Coffee Dripper"],"picked":"Cursed Key"}],"items_purged_floors":[3,13],"is_endless":false,"potions_floor_spawned":[5,8,12,19,24,28,30,33,42,47],"ascension_level":9}