{"gold_per_floor":[114,114,132,150,150,177,177,194,194,220,295,324,342,354,354,354],"floor_reached":16,"playtime":740,"items_purged":[],"score":129,"play_id":"183969be-1b53-4f54-bc2e-252bed25f69a","local_time":"20180927150408","is_ascension_mode":true,"campfire_choices":[{"data":"Infernal Blade","floor":7,"key":"SMITH"},{"floor":15,"key":"REST"}],"neow_cost":"NONE","seed_source_timestamp":804397431455661,"circlet_count":0,"master_deck":["Strike_R","Strike_R","Strike_R","Strike_R","Strike_R","Defend_R","Defend_R","Defend_R","Bash","Rage","Infernal Blade+1","Regret","Wild Strike","Clash","Twin Strike","Offering","Exhume","Twin Strike","Evolve","Intimidate"],"relics":["Burning Blood","Ancient Tea Set","Ice Cream","Letter Opener","Dodecahedron","Odd Mushroom"],"potions_floor_usage":[6,10,10,12,14],"damage_taken":[{"damage":2,"enemies":"Jaw Worm","floor":1,"turns":4},{"damage":4,"enemies":"2 Louse","floor":3,"turns":3},{"damage":3,"enemies":"Cultist","floor":4,"turns":3},{"damage":50,"enemies":"Lagavulin","floor":6,"turns":7},{"damage":0,"enemies":"3 Louse","floor":8,"turns":2},{"damage":12,"enemies":"3 Sentries","floor":10,"turns":5},{"damage":23,"enemies":"The Mushroom Lair","floor":12,"turns":3},{"damage":13,"enemies":"Gremlin Gang","floor":13,"turns":5},{"damage":0,"enemies":"2 Fungi Beasts","floor":14,"turns":2},{"damage":39,"enemies":"Hexaghost","floor":16,"turns":9}],"seed_played":"2451080868564255661","potions_obtained":[{"floor":4,"key":"Ancient Potion"},{"floor":5,"key":"SpeedPotion"},{"floor":5,"key":"BloodPotion"},{"floor":5,"key":"Explosive Potion"},{"floor":6,"key":"GamblersBrew"},{"floor":13,"key":"SteroidPotion"},{"floor":14,"key":"Energy Potion"}],"is_trial":false,"path_per_floor":["M","?","M","M","?","E","R","M","T","E","?","?","M","M","R"],"character_chosen":"IRONCLAD","items_purchased":[],"campfire_rested":1,"item_purchase_floors":[],"current_hp_per_floor":[80,80,80,80,80,44,44,50,50,44,33,16,9,15,39,0],"gold":354,"neow_bonus":"TRANSFORM_CARD","is_prod":false,"is_daily":false,"chose_seed":false,"campfire_upgraded":1,"win_rate":0,"timestamp":1538035448,"path_taken":["M","?","M","?","?","E","R","M","T","E","?","?","?","M","R","BOSS"],"build_version":"2018-09-20","purchased_purges":0,"victory":false,"max_hp_per_floor":[80,80,80,80,80,80,80,80,80,80,80,80,80,80,80,80],"card_choices":[{"not_picked":["Headbutt","Havoc"],"picked":"Infernal Blade","floor":1},{"not_picked":["Sword Boomerang","Combust"],"picked":"Wild Strike","floor":3},{"not_picked":["Sentinel","Body Slam"],"picked":"Clash","floor":4},{"not_picked":["Sentinel","Perfected Strike"],"picked":"Twin Strike","floor":6},{"not_picked":["Wild Strike","Iron Wave"],"picked":"Offering","floor":8},{"not_picked":["Sword Boomerang","Body Slam"],"picked":"Exhume","floor":10},{"not_picked":["Perfected Strike","True Grit"],"picked":"Twin Strike","floor":12},{"not_picked":["Thunderclap","Rampage"],"picked":"Evolve","floor":13},{"not_picked":["Body Slam","Carnage"],"picked":"Intimidate","floor":14}],"player_experience":215636,"relics_obtained":[{"floor":6,"key":"Ice Cream"},{"floor":9,"key":"Letter Opener"},{"floor":10,"key":"Dodecahedron"},{"floor":12,"key":"Odd Mushroom"}],"event_choices":[{"event_name":"Big Fish","player_choice":"Box","floor":2,"damage_taken":0},{"event_name":"The Lab","player_choice":"Got Potions","floor":5,"damage_taken":0},{"event_name":"World of Goop","player_choice":"Gather Gold","floor":11,"damage_taken":0},{"event_name":"Mushrooms","player_choice":"Fought Mushrooms","floor":12,"damage_taken":0}],"is_beta":false,"boss_relics":[],"items_purged_floors":[],"is_endless":false,"potions_floor_spawned":[4,6,13,14],"killed_by":"Hexaghost","ascension_level":3}