{"gold_per_floor":[116,134,33,33,33,63,63,338,361,379,379,80,80,114,114,217,217,235,255,255,270,145,145,173,173,244,261,261,286,85,110,110,208,208,219,18,18,28,47,47,66,86,110,136,155,155,29,45,45,45],"floor_reached":51,"playtime":2654,"items_purged":["Strike_R","Regret","Strike_R","Strike_R"],"score":913,"play_id":"97bc8518-0bc8-4f1e-849a-4108ba9375ed","local_time":"20190221035634","is_ascension_mode":true,"campfire_choices":[{"data":"Armaments","floor":7,"key":"SMITH"},{"data":"Searing Blow","floor":11,"key":"SMITH"},{"data":"Searing Blow+1","floor":13,"key":"SMITH"},{"data":"Searing Blow+2","floor":15,"key":"SMITH"},{"data":"Searing Blow+3","floor":23,"key":"SMITH"},{"data":"Searing Blow+4","floor":28,"key":"SMITH"},{"data":"Searing Blow+5","floor":32,"key":"SMITH"},{"floor":40,"key":"REST"},{"data":"Searing Blow+6","floor":46,"key":"SMITH"},{"floor":49,"key":"REST"}],"neow_cost":"TEN_PERCENT_HP_LOSS","seed_source_timestamp":340957788919669,"circlet_count":0,"master_deck":["Defend_R","Defend_R","Defend_R","Defend_R","Bash","Armaments+1","Cleave","Shrug It Off","Searing Blow+7","Warcry","True Grit","Offering","True Grit+1","Impervious","Hemokinesis+1","Rampage+1","Exhume+1","Armaments+1","Dark Embrace","Dual Wield+1","True Grit+1","Burning Pact+1"],"relics":["Burning Blood","Mango","Vajra","Omamori","Orichalcum","Bag of Marbles","Molten Egg 2","Busted Crown","Red Mask","Toxic Egg 2","Calipers","Red Skull","Lizard Tail","Blood Vial","Oddly Smooth Stone"],"potions_floor_usage":[14,16,24,29,38,48,50,50,50],"damage_taken":[{"damage":6,"enemies":"Cultist","floor":1,"turns":3},{"damage":6,"enemies":"Jaw Worm","floor":2,"turns":4},{"damage":39,"enemies":"3 Sentries","floor":6,"turns":10},{"damage":6,"enemies":"Small Slimes","floor":10,"turns":4},{"damage":14,"enemies":"Lagavulin","floor":14,"turns":5},{"damage":0,"enemies":"Slime Boss","floor":16,"turns":4},{"damage":6,"enemies":"3 Byrds","floor":18,"turns":5},{"damage":6,"enemies":"Shell Parasite","floor":19,"turns":3},{"damage":14,"enemies":"Snake Plant","floor":21,"turns":3},{"damage":6,"enemies":"Masked Bandits","floor":24,"turns":3},{"damage":8,"enemies":"Snecko","floor":27,"turns":3},{"damage":13,"enemies":"Gremlin Leader","floor":29,"turns":3},{"damage":34,"enemies":"Collector","floor":33,"turns":5},{"damage":11,"enemies":"3 Shapes","floor":35,"turns":7},{"damage":22,"enemies":"3 Darklings","floor":38,"turns":8},{"damage":28,"enemies":"Maw","floor":39,"turns":7},{"damage":12,"enemies":"Sphere and 2 Shapes","floor":41,"turns":4},{"damage":16,"enemies":"3 Darklings","floor":42,"turns":5},{"damage":18,"enemies":"Writhing Mass","floor":45,"turns":3},{"damage":12,"enemies":"Spire Growth","floor":48,"turns":3},{"damage":88,"enemies":"Time Eater","floor":50,"turns":10}],"seed_played":"-7268605712033273411","potions_obtained":[{"floor":6,"key":"Energy Potion"},{"floor":10,"key":"FearPotion"},{"floor":14,"key":"Strength Potion"},{"floor":24,"key":"SpeedPotion"},{"floor":27,"key":"GamblersBrew"},{"floor":45,"key":"Energy Potion"},{"floor":48,"key":"SteroidPotion"}],"is_trial":false,"path_per_floor":["M","M","$","?","?","E","R","?","T","M","R","$","R","E","R","B",null,"M","M","?","M","$","R","?","?","T","M","R","E","$","T","R","B",null,"M","$","?","M","M","R","M","M","T","T","M","R","$","M","R","B",null],"character_chosen":"IRONCLAD","items_purchased":["Shrug It Off","Bag of Marbles","True Grit","Exhume+1","Armaments+1","True Grit+1","Regen Potion","Weak Potion"],"campfire_rested":2,"item_purchase_floors":[3,12,12,30,30,36,47,47],"current_hp_per_floor":[86,86,86,86,86,53,53,53,53,53,53,53,53,45,45,51,86,86,86,69,61,61,61,61,61,61,59,59,52,52,52,52,24,91,86,86,77,61,39,66,60,50,50,50,40,40,40,45,72,37],"gold":45,"neow_bonus":"ONE_RARE_RELIC","is_prod":false,"is_daily":false,"chose_seed":false,"campfire_upgraded":8,"win_rate":0,"timestamp":1550688994,"path_taken":["M","M","?","?","?","E","R","?","T","?","R","$","R","E","R","BOSS","M","?","?","M","$","R","?","?","T","M","R","E","?","?","R","BOSS","M","$","?","M","M","R","M","?","T","?","M","R","$","?","R","BOSS"],"build_version":"2019-01-23","purchased_purges":4,"victory":true,"max_hp_per_floor":[86,86,86,86,86,86,86,86,86,86,86,86,86,86,86,86,86,86,86,91,91,91,91,91,91,91,91,91,91,91,91,91,91,91,91,91,91,91,91,91,91,91,91,91,91,91,91,91,91,91],"card_choices":[{"not_picked":["Inflame","Uppercut"],"picked":"Armaments","floor":1},{"not_picked":["Wild Strike","Warcry"],"picked":"Cleave","floor":2},{"not_picked":["Feel No Pain","Wild Strike"],"picked":"Searing Blow","floor":6},{"not_picked":["True Grit","Iron Wave"],"picked":"Warcry","floor":10},{"not_picked":["Spot Weakness","Disarm","Iron Wave"],"picked":"SKIP","floor":14},{"not_picked":["Feed+1","Limit Break"],"picked":"Offering","floor":16},{"not_picked":[],"picked":"True Grit+1","floor":18},{"not_picked":["Shrug It Off"],"picked":"SKIP","floor":19},{"not_picked":["Flex"],"picked":"SKIP","floor":21},{"not_picked":[],"picked":"Rampage+1","floor":27},{"not_picked":["Body Slam+1"],"picked":"SKIP","floor":29},{"not_picked":[],"picked":"Dark Embrace","floor":33},{"not_picked":[],"picked":"Dual Wield+1","floor":35},{"not_picked":[],"picked":"Burning Pact+1","floor":38},{"not_picked":["Sever Soul+1"],"picked":"SKIP","floor":39},{"not_picked":["Anger+1"],"picked":"SKIP","floor":41},{"not_picked":["Uppercut+1"],"picked":"SKIP","floor":42},{"not_picked":["Heavy Blade+1"],"picked":"SKIP","floor":45},{"not_picked":["Rage+1"],"picked":"SKIP","floor":48}],"player_experience":17014,"relics_obtained":[{"floor":6,"key":"Omamori"},{"floor":9,"key":"Orichalcum"},{"floor":14,"key":"Molten Egg 2"},{"floor":24,"key":"Red Mask"},{"floor":26,"key":"Toxic Egg 2"},{"floor":29,"key":"Calipers"},{"floor":31,"key":"Red Skull"},{"floor":43,"key":"Blood Vial"},{"floor":44,"key":"Oddly Smooth Stone"}],"event_choices":[{"damage_healed":0,"gold_gain":0,"player_choice":"Leave","damage_taken":0,"max_hp_gain":0,"max_hp_loss":0,"event_name":"The Cleric","floor":4,"gold_loss":0},{"damage_healed":0,"gold_gain":0,"player_choice":"Box","damage_taken":0,"relics_obtained":["Vajra"],"max_hp_gain":0,"max_hp_loss":0,"event_name":"Big Fish","floor":5,"gold_loss":0,"cards_obtained":["Regret"]},{"damage_healed":0,"gold_gain":275,"player_choice":"Desecrate","damage_taken":0,"max_hp_gain":0,"max_hp_loss":0,"event_name":"Golden Shrine","floor":8,"gold_loss":0,"cards_obtained":["Regret"]},{"damage_healed":0,"gold_gain":0,"player_choice":"Shed Blood","damage_taken":22,"max_hp_gain":5,"max_hp_loss":0,"event_name":"Forgotten Altar","floor":20,"gold_loss":0},{"damage_healed":0,"gold_gain":0,"player_choice":"Fought Bandits","damage_taken":0,"max_hp_gain":0,"max_hp_loss":0,"event_name":"Masked Bandits","floor":24,"gold_loss":0},{"damage_healed":0,"gold_gain":0,"cards_transformed":["Strike_R","Strike_R"],"player_choice":"Became Test Subject","damage_taken":0,"max_hp_gain":0,"max_hp_loss":0,"event_name":"Drug Dealer","floor":25,"gold_loss":0,"cards_obtained":["Impervious","Hemokinesis"]},{"damage_healed":0,"gold_gain":0,"player_choice":"Damaged","damage_taken":9,"max_hp_gain":0,"max_hp_loss":0,"event_name":"Wheel of Change","floor":37,"gold_loss":0}],"is_beta":false,"boss_relics":[{"not_picked":["Tiny House","Black Star"],"picked":"Busted Crown"},{"not_picked":["Mark of Pain","Runic Dome"],"picked":"Lizard Tail"}],"items_purged_floors":[3,12,22,36],"is_endless":false,"potions_floor_spawned":[6,10,14,24,27,45,48],"ascension_level":4}