{"gold_per_floor":[110,125,140,150,169,197,217,230,230,230,230],"floor_reached":11,"playtime":574,"items_purged":[],"score":91,"play_id":"8c8cf13e-6d76-4084-8e62-0e375fccd33e","local_time":"20181121112128","is_ascension_mode":true,"campfire_choices":[{"floor":10,"key":"RECALL"}],"neow_cost":"NONE","seed_source_timestamp":584615124876323,"circlet_count":0,"master_deck":["Strike_R","Strike_R","Strike_R","Strike_R","Strike_R","Defend_R","Defend_R","Defend_R","Defend_R","Bash","Disarm","Shrug It Off"],"relics":["Burning Blood","NeowsBlessing","Omamori"],"potions_floor_usage":[6,6,6,6,6,8],"damage_taken":[{"damage":0,"enemies":"2 Louse","floor":1,"turns":1},{"damage":0,"enemies":"Small Slimes","floor":2,"turns":1},{"damage":0,"enemies":"Jaw Worm","floor":3,"turns":1},{"damage":7,"enemies":"Looter","floor":4,"turns":5},{"damage":9,"enemies":"3 Louse","floor":5,"turns":6},{"damage":70,"enemies":"3 Sentries","floor":6,"turns":12},{"damage":12,"enemies":"Blue Slaver","floor":7,"turns":6},{"damage":10,"enemies":"Gremlin Gang","floor":8,"turns":7},{"damage":19,"enemies":"Large Slime","floor":11,"turns":10}],"seed_played":"3638832002642680497","potions_obtained":[{"floor":1,"key":"EntropicBrew"},{"floor":4,"key":"BloodPotion"},{"floor":5,"key":"BloodPotion"}],"is_trial":false,"path_per_floor":["M","M","M","M","M","E","M","M","T","R","M"],"character_chosen":"IRONCLAD","items_purchased":[],"campfire_rested":0,"item_purchase_floors":[],"current_hp_per_floor":[80,80,80,79,76,28,22,18,18,18,0],"gold":230,"neow_bonus":"THREE_ENEMY_KILL","is_prod":false,"is_daily":false,"chose_seed":false,"campfire_upgraded":0,"win_rate":0,"timestamp":1542820888,"path_taken":["M","M","M","M","M","E","M","M","T","R","M"],"build_version":"2018-11-15","purchased_purges":0,"victory":false,"max_hp_per_floor":[80,80,80,80,80,80,80,80,80,80,80],"card_choices":[{"not_picked":["Burning Pact","Heavy Blade","Feel No Pain"],"picked":"SKIP","floor":1},{"not_picked":["Shrug It Off","Inflame"],"picked":"Disarm","floor":2},{"not_picked":["Anger","True Grit","Cleave"],"picked":"SKIP","floor":3},{"not_picked":["Heavy Blade","Infernal Blade"],"picked":"Shrug It Off","floor":4},{"not_picked":["Sword Boomerang","Body Slam","Cleave"],"picked":"SKIP","floor":5},{"not_picked":["Clothesline","Body Slam","Heavy Blade"],"picked":"SKIP","floor":6},{"not_picked":["Rupture","Thunderclap","Entrench"],"picked":"SKIP","floor":7},{"not_picked":["Heavy Blade","Warcry","Iron Wave"],"picked":"SKIP","floor":8}],"player_experience":470472,"relics_obtained":[{"floor":6,"key":"Omamori"}],"event_choices":[],"is_beta":false,"boss_relics":[],"items_purged_floors":[],"is_endless":false,"potions_floor_spawned":[1,4,5],"killed_by":"Large Slime","ascension_level":3}