{"gold_per_floor":[110,130,205,215,234,259,276,286,286,299,42,62,73,92,92,191,191,209,221,240,254,267,267,282,297,297,317,317,335,349,384,384,483,483,496,511,141,157,176,210,210,230,230,248,248,258,276,296,296,296],"floor_reached":50,"playtime":5158,"items_purged":[],"score":593,"play_id":"e813c22b-2fde-4754-8cc6-40167776dcec","local_time":"20180925204812","is_ascension_mode":false,"campfire_choices":[{"data":"Defragment","floor":15,"key":"SMITH"},{"data":"Creative AI","floor":23,"key":"SMITH"},{"data":"Defragment","floor":28,"key":"SMITH"},{"data":"Machine Learning","floor":32,"key":"SMITH"},{"data":"Capacitor","floor":41,"key":"SMITH"},{"floor":45,"key":"REST"},{"data":"Apotheosis","floor":49,"key":"SMITH"}],"neow_cost":"","seed_source_timestamp":647781005446885,"circlet_count":0,"master_deck":["Strike_B","Strike_B","Strike_B","Strike_B","Defend_B","Defend_B","Defend_B","Defend_B","Zap","Dualcast","Ball Lightning","Defragment+1","Coolheaded","Conserve Battery","FTL","Loop","Blizzard","Conserve Battery","Creative AI+1","Chill","Capacitor+1","Consume","Machine Learning+1","Hologram","Ball Lightning","Genetic Algorithm","All For One","Glacier","Cold Snap","Capacitor","BootSequence","Self Repair","Ball Lightning+1","Hologram","Chill","Storm+1","Heatsinks","Go for the Eyes+1","Defragment+1","Cold Snap","Rainbow","Capacitor+1","Coolheaded","Storm+1","Scrape+1","Chill","Reinforced Body+1","Capacitor+1","Amplify","Compile Driver+1","Reinforced Body","Go for the Eyes+1","Apotheosis+1","Fusion","Thunder Strike","Loop","Loop+1","Skim+1","Electrodynamics+1","Stack+1","Auto Shields+1","Hello World+1","Coolheaded+1"],"relics":["FrozenCore","Prayer Wheel","Mummified Hand","Meat on the Bone","Velvet Choker","Ice Cream","Pantograph","Frozen Egg 2","Darkstone Periapt"],"potions_floor_usage":[16,31,46,46],"damage_taken":[{"damage":7,"enemies":"Small Slimes","floor":1,"turns":4},{"damage":1,"enemies":"Cultist","floor":2,"turns":3},{"damage":6,"enemies":"Jaw Worm","floor":4,"turns":3},{"damage":6,"enemies":"Exordium Thugs","floor":5,"turns":5},{"damage":22,"enemies":"3 Sentries","floor":6,"turns":9},{"damage":2,"enemies":"Blue Slaver","floor":7,"turns":3},{"damage":0,"enemies":"3 Louse","floor":8,"turns":4},{"damage":0,"enemies":"2 Fungi Beasts","floor":10,"turns":4},{"damage":3,"enemies":"Blue Slaver","floor":12,"turns":4},{"damage":13,"enemies":"Red Slaver","floor":13,"turns":3},{"damage":1,"enemies":"2 Fungi Beasts","floor":14,"turns":5},{"damage":31,"enemies":"Slime Boss","floor":16,"turns":9},{"damage":0,"enemies":"Chosen","floor":18,"turns":4},{"damage":13,"enemies":"2 Thieves","floor":19,"turns":4},{"damage":3,"enemies":"Snake Plant","floor":20,"turns":5},{"damage":8,"enemies":"Sentry and Sphere","floor":21,"turns":6},{"damage":0,"enemies":"3 Cultists","floor":22,"turns":6},{"damage":5,"enemies":"Snecko","floor":24,"turns":3},{"damage":0,"enemies":"Centurion and Healer","floor":25,"turns":5},{"damage":0,"enemies":"Snake Plant","floor":27,"turns":3},{"damage":4,"enemies":"Shelled Parasite and Fungi","floor":29,"turns":5},{"damage":19,"enemies":"Centurion and Healer","floor":30,"turns":4},{"damage":7,"enemies":"Slavers","floor":31,"turns":5},{"damage":12,"enemies":"Collector","floor":33,"turns":7},{"damage":10,"enemies":"Orb Walker","floor":35,"turns":4},{"damage":0,"enemies":"3 Shapes","floor":36,"turns":3},{"damage":0,"enemies":"Maw","floor":38,"turns":7},{"damage":0,"enemies":"3 Darklings","floor":39,"turns":3},{"damage":37,"enemies":"2 Orb Walkers","floor":40,"turns":4},{"damage":16,"enemies":"Reptomancer","floor":42,"turns":4},{"damage":37,"enemies":"Spire Growth","floor":44,"turns":4},{"damage":13,"enemies":"4 Shapes","floor":46,"turns":3},{"damage":0,"enemies":"Sphere and 2 Shapes","floor":47,"turns":4},{"damage":0,"enemies":"Transient","floor":48,"turns":5},{"damage":85,"enemies":"Awakened One","floor":50,"turns":5}],"seed_played":"-710826620108382249","potions_obtained":[{"floor":2,"key":"LiquidBronze"},{"floor":10,"key":"SteroidPotion"},{"floor":13,"key":"SneckoOil"},{"floor":16,"key":"AttackPotion"},{"floor":20,"key":"Poison Potion"},{"floor":25,"key":"LiquidBronze"},{"floor":30,"key":"GamblersBrew"},{"floor":31,"key":"AttackPotion"},{"floor":33,"key":"Weak Potion"},{"floor":35,"key":"FearPotion"},{"floor":44,"key":"Explosive Potion"},{"floor":46,"key":"SteroidPotion"},{"floor":47,"key":"SteroidPotion"}],"is_trial":false,"path_per_floor":["M","M","?","M","M","E","M","M","T","M","$","M","M","M","R","B",null,"M","M","M","M","M","R","M","M","T","M","R","M","M","E","R","B",null,"M","M","$","M","M","E","R","M","T","M","R","M","M","M","R"],"character_chosen":"DEFECT","items_purchased":["Meat on the Bone","Apotheosis","Fusion","Thunder Strike"],"campfire_rested":1,"item_purchase_floors":[11,37,37,37],"current_hp_per_floor":[68,67,56,50,44,22,20,20,20,20,20,29,28,39,39,20,75,75,62,59,58,65,65,60,67,67,67,67,70,51,44,44,57,75,65,72,72,75,75,45,45,41,41,16,38,44,51,51,51,0],"gold":296,"neow_bonus":"","is_prod":false,"is_daily":false,"chose_seed":false,"campfire_upgraded":6,"win_rate":0.0,"timestamp":1537883292,"path_taken":["M","M","?","M","M","E","M","M","T","M","$","?","M","M","R","BOSS","M","M","M","M","M","R","M","M","T","M","R","M","M","E","R","BOSS","M","M","$","M","M","E","R","M","T","M","R","?","M","M","R","BOSS"],"build_version":"2018-09-20","purchased_purges":0,"victory":false,"max_hp_per_floor":[75,75,75,75,75,75,75,75,75,75,75,75,75,75,75,75,75,75,75,75,75,75,75,75,75,75,75,75,75,75,75,75,75,75,75,75,75,75,75,75,75,75,75,75,75,75,75,75,75,75],"card_choices":[{"not_picked":["Coolheaded","Force Field"],"picked":"Ball Lightning","floor":1},{"not_picked":["Beam Cell","Auto Shields"],"picked":"Defragment","floor":2},{"not_picked":["Gash","Stack"],"picked":"Coolheaded","floor":4},{"not_picked":["Compile Driver","Steam"],"picked":"Conserve Battery","floor":5},{"not_picked":["Cold Snap","Compile Driver"],"picked":"FTL","floor":6},{"not_picked":["Redo","Gash"],"picked":"Loop","floor":7},{"not_picked":["Hello World","Doom and Gloom","Machine Learning"],"picked":"SKIP","floor":7},{"not_picked":["Steam Power","Sweeping Beam"],"picked":"Blizzard","floor":8},{"not_picked":["Steam","Conserve Battery","Redo"],"picked":"SKIP","floor":8},{"not_picked":["Steam","Redo"],"picked":"Conserve Battery","floor":8},{"not_picked":["Barrage","Double Energy"],"picked":"Creative AI","floor":10},{"not_picked":["Darkness","Double Energy"],"picked":"Chill","floor":10},{"not_picked":["Barrage","Storm"],"picked":"Capacitor","floor":12},{"not_picked":["Hologram","Ball Lightning"],"picked":"Consume","floor":12},{"not_picked":["Go for the Eyes","Steam Power"],"picked":"Machine Learning","floor":13},{"not_picked":["Leap","Melter"],"picked":"Hologram","floor":13},{"not_picked":["Beam Cell","Gash"],"picked":"Ball Lightning","floor":14},{"not_picked":["Go for the Eyes","Ball Lightning"],"picked":"Genetic Algorithm","floor":14},{"not_picked":["Amplify","Thunder Strike"],"picked":"All For One","floor":16},{"not_picked":["Chill","Streamline"],"picked":"Glacier","floor":18},{"not_picked":["Streamline","Stack"],"picked":"Cold Snap","floor":18},{"not_picked":["Hologram","Tempest"],"picked":"Capacitor","floor":19},{"not_picked":["Hologram","Compile Driver"],"picked":"BootSequence","floor":19},{"not_picked":["Doom and Gloom+1","Leap"],"picked":"Self Repair","floor":20},{"not_picked":["Static Discharge","Consume"],"picked":"Ball Lightning+1","floor":20},{"not_picked":["Streamline","Steam"],"picked":"Hologram","floor":21},{"not_picked":["Compile Driver","Glacier"],"picked":"Chill","floor":21},{"not_picked":["Scrape+1","Beam Cell"],"picked":"Storm+1","floor":22},{"not_picked":["Storm","Hologram"],"picked":"Heatsinks","floor":22},{"not_picked":["Hologram","Redo"],"picked":"Go for the Eyes+1","floor":24},{"not_picked":["Steam","Conserve Battery"],"picked":"Defragment","floor":24},{"not_picked":["Stack","Redo"],"picked":"Cold Snap","floor":25},{"not_picked":["Lockon+1","Darkness"],"picked":"Rainbow","floor":25},{"not_picked":["Scrape","White Noise"],"picked":"Capacitor+1","floor":27},{"not_picked":["Gash","Sweeping Beam"],"picked":"Coolheaded","floor":27},{"not_picked":["Blizzard","Gash"],"picked":"Storm+1","floor":29},{"not_picked":["Barrage","Lockon"],"picked":"Scrape+1","floor":29},{"not_picked":["Force Field","Stack"],"picked":"Chill","floor":30},{"not_picked":["Compile Driver","Chill"],"picked":"Reinforced Body+1","floor":30},{"not_picked":["Genetic Algorithm+1","Cold Snap+1"],"picked":"Capacitor+1","floor":31},{"not_picked":["All For One","Seek"],"picked":"Amplify","floor":33},{"not_picked":["Leap+1","Stack"],"picked":"Compile Driver+1","floor":35},{"not_picked":["Sweeping Beam+1","Steam+1","Darkness+1"],"picked":"SKIP","floor":35},{"not_picked":["Gash+1","Darkness"],"picked":"Reinforced Body","floor":36},{"not_picked":["Sweeping Beam+1","Conserve Battery"],"picked":"Go for the Eyes+1","floor":36},{"not_picked":["FTL","Steam Power+1"],"picked":"Loop","floor":38},{"not_picked":["Compile Driver","Sweeping Beam"],"picked":"Loop+1","floor":38},{"not_picked":["Leap","Coolheaded"],"picked":"Skim+1","floor":39},{"not_picked":["Go for the Eyes","Barrage","Scrape+1"],"picked":"SKIP","floor":39},{"not_picked":["Consume","Hologram+1"],"picked":"Electrodynamics","floor":40},{"not_picked":["Scrape","Cold Snap+1"],"picked":"Stack+1","floor":42},{"not_picked":["Rip and Tear+1","Cold Snap","Streamline+1"],"picked":"SKIP","floor":42},{"not_picked":["Ball Lightning","Rip and Tear+1","Gash"],"picked":"SKIP","floor":44},{"not_picked":["Steam Power","Barrage","Go for the Eyes+1"],"picked":"SKIP","floor":44},{"not_picked":["Leap+1","Steam"],"picked":"Auto Shields+1","floor":46},{"not_picked":["Amplify","Chaos"],"picked":"Hello World+1","floor":46},{"not_picked":["FTL+1","Hologram"],"picked":"Coolheaded+1","floor":47},{"not_picked":["Steam","Ball Lightning","Fusion"],"picked":"SKIP","floor":47},{"not_picked":["Hologram","Reinforced Body+1","Go for the Eyes+1"],"picked":"SKIP","floor":48},{"not_picked":["Cold Snap","Auto Shields","Beam Cell+1"],"picked":"SKIP","floor":48}],"player_experience":150702,"relics_obtained":[{"floor":6,"key":"Prayer Wheel"},{"floor":9,"key":"Mummified Hand"},{"floor":26,"key":"Ice Cream"},{"floor":31,"key":"Pantograph"},{"floor":40,"key":"Frozen Egg 2"},{"floor":43,"key":"Darkstone Periapt"}],"event_choices":[{"event_name":"World of Goop","player_choice":"Gather Gold","floor":3,"damage_taken":0}],"is_beta":false,"boss_relics":[{"not_picked":["Sozu","Orrery"],"picked":"Velvet Choker"},{"not_picked":["Fusion Hammer","Empty Cage"],"picked":"FrozenCore"}],"items_purged_floors":[],"is_endless":false,"potions_floor_spawned":[2,10,13,14,16,20,24,25,29,30,31,33,35,40,44,46,47],"killed_by":"Awakened One","ascension_level":0}