{"gold_per_floor":[215,215,53,64,76,111,111,111,168,168,178,190,190,218,218,218],"floor_reached":16,"playtime":818,"items_purged":["Strike_R"],"score":132,"play_id":"b9b9d501-f468-4321-a876-3adc74177d61","local_time":"20190214204847","is_ascension_mode":true,"campfire_choices":[{"floor":10.0,"key":"REST"},{"floor":15.0,"key":"REST"}],"neow_cost":"NONE","seed_source_timestamp":0,"circlet_count":0,"master_deck":["Strike_R","Strike_R","Strike_R","Strike_R","Defend_R","Defend_R","Defend_R","Defend_R","Heavy Blade+1","Impatience","Warcry","Ghostly Armor"],"special_seed":0,"relics":["Burning Blood","Bronze Scales","Tiny Chest","Orichalcum","Lantern"],"potions_floor_usage":[],"damage_taken":[{"damage":4.0,"enemies":"Small Slimes","floor":1.0,"turns":3.0},{"damage":6.0,"enemies":"Cultist","floor":4.0,"turns":4.0},{"damage":8.0,"enemies":"Jaw Worm","floor":5.0,"turns":4.0},{"damage":68.0,"enemies":"Lagavulin","floor":6.0,"turns":9.0},{"damage":7.0,"enemies":"2 Fungi Beasts","floor":11.0,"turns":4.0},{"damage":27.0,"enemies":"Large Slime","floor":12.0,"turns":9.0},{"damage":14.0,"enemies":"Gremlin Nob","floor":14.0,"turns":5.0},{"damage":44,"enemies":"Slime Boss","floor":16,"turns":7}],"seed_played":"7881353790814565701","potions_obtained":[{"floor":1.0,"key":"Explosive Potion"},{"floor":4.0,"key":"LiquidBronze"},{"floor":6.0,"key":"Weak Potion"}],"is_trial":false,"path_per_floor":["?","M","?","?","M","T"],"character_chosen":"IRONCLAD","items_purchased":["Impatience"],"campfire_rested":2,"item_purchase_floors":[3],"current_hp_per_floor":[80,80,80,80,78,16,16,16,16,40,39,18,18,10,34,0],"gold":218,"neow_bonus":"HUNDRED_GOLD","is_prod":false,"is_daily":false,"chose_seed":false,"campfire_upgraded":0,"win_rate":0,"timestamp":1550173727,"path_taken":["M","?","$","M","?","E","?","?","T","R","?","M","?","E","R","BOSS"],"build_version":"2019-01-23","purchased_purges":1,"victory":false,"max_hp_per_floor":[80,80,80,80,80,80,80,80,80,80,80,80,80,80,80,80],"card_choices":[{"not_picked":["Feel No Pain","Infernal Blade"],"picked":"Heavy Blade","floor":1.0},{"not_picked":["True Grit","Iron Wave","Havoc"],"picked":"SKIP","floor":4.0},{"not_picked":["Flex","Twin Strike"],"picked":"Warcry","floor":5.0},{"not_picked":["Fiend Fire","Anger","Armaments"],"picked":"SKIP","floor":6.0},{"not_picked":["Perfected Strike","Rupture","Dropkick"],"picked":"SKIP","floor":11.0},{"not_picked":["Body Slam","Anger","Havoc"],"picked":"SKIP","floor":12.0},{"not_picked":["Flex","Sever Soul"],"picked":"Ghostly Armor","floor":14.0}],"player_experience":189928,"relics_obtained":[{"floor":6.0,"key":"Bronze Scales"},{"floor":9.0,"key":"Tiny Chest"},{"floor":13.0,"key":"Orichalcum"},{"floor":14.0,"key":"Lantern"}],"event_choices":[{"damage_healed":0.0,"max_hp_gain":0.0,"max_hp_loss":0.0,"gold_gain":0.0,"event_name":"Accursed Blacksmith","player_choice":"Forge","floor":2.0,"gold_loss":0.0,"damage_taken":0.0,"cards_upgraded":["Heavy Blade"]},{"damage_healed":0.0,"max_hp_gain":0.0,"max_hp_loss":0.0,"gold_gain":0.0,"event_name":"Liars Game","player_choice":"Ignored","floor":7.0,"gold_loss":0.0,"damage_taken":0.0},{"cards_removed":["Bash"],"damage_healed":0.0,"max_hp_gain":0.0,"max_hp_loss":0.0,"gold_gain":0.0,"event_name":"Bonfire Elementals","player_choice":"Offered Basic","floor":8.0,"gold_loss":0.0,"damage_taken":0.0}],"is_beta":false,"boss_relics":[],"items_purged_floors":[3],"is_endless":false,"potions_floor_spawned":[1,4,6],"killed_by":"Slime Boss","ascension_level":4}