{"gold_per_floor":[115,65,75,39,39,39,72,72,95,124,140,160,160,178,178,281,281,291,291,42,55,66,98,98,133,133,133,133,147,75,89,89,186,186,198,210,54,67,87,87,12,12,12,44,63,63],"floor_reached":46,"playtime":7074,"items_purged":["Strike_G"],"score":578,"play_id":"3935bd55-98d3-44f2-acef-f0241fae0a3d","local_time":"20190223202150","is_ascension_mode":true,"campfire_choices":[{"data":"Infinite Blades","floor":6.0,"key":"SMITH"},{"data":"Tools of the Trade","floor":8.0,"key":"SMITH"},{"data":"Tools of the Trade","floor":13.0,"key":"SMITH"},{"data":"Predator","floor":15.0,"key":"SMITH"},{"data":"Night Terror","floor":24.0,"key":"SMITH"},{"data":"Apotheosis","floor":27.0,"key":"SMITH"},{"floor":32.0,"key":"REST"},{"floor":40.0,"key":"RECALL"},{"data":"Neutralize","floor":42.0,"key":"SMITH"}],"neow_cost":"NONE","seed_source_timestamp":0,"circlet_count":0,"master_deck":["Defend_G","Defend_G","Defend_G","Defend_G","Strike_G","Strike_G","Strike_G","Survivor","Neutralize+1","Predator+1","Dash","Dodge and Roll","Corpse Explosion","Infinite Blades+1","Dagger Spray","Poisoned Stab","Noxious Fumes","Tools of the Trade+1","Tools of the Trade+1","Deflect","Dodge and Roll","Night Terror+1","Apotheosis+1","PiercingWail","Backflip","Accuracy","Bullet Time","Accuracy","Parasite","Skewer","Parasite","Terror"],"special_seed":0,"relics":["Orrery","Meat on the Bone","Oddly Smooth Stone","Philosopher\u0027s Stone","Bag of Preparation","Sundial","Potion Belt","Bottled Flame","Nloth\u0027s Gift","Cursed Key","Anchor","Juzu Bracelet"],"potions_floor_usage":[45],"damage_taken":[{"damage":7.0,"enemies":"2 Louse","floor":1.0,"turns":2.0},{"damage":0.0,"enemies":"Small Slimes","floor":3.0,"turns":3.0},{"damage":15.0,"enemies":"Lagavulin","floor":7.0,"turns":6.0},{"damage":10.0,"enemies":"3 Sentries","floor":10.0,"turns":5.0},{"damage":0.0,"enemies":"Cultist","floor":11.0,"turns":4.0},{"damage":3.0,"enemies":"Red Slaver","floor":12.0,"turns":4.0},{"damage":0.0,"enemies":"Blue Slaver","floor":14.0,"turns":4.0},{"damage":25.0,"enemies":"The Guardian","floor":16.0,"turns":10.0},{"damage":43.0,"enemies":"3 Byrds","floor":18.0,"turns":4.0},{"damage":9.0,"enemies":"Shell Parasite","floor":21.0,"turns":7.0},{"damage":1.0,"enemies":"Centurion and Healer","floor":22.0,"turns":5.0},{"damage":26.0,"enemies":"Gremlin Leader","floor":23.0,"turns":7.0},{"damage":3.0,"enemies":"Slavers","floor":25.0,"turns":4.0},{"damage":8.0,"enemies":"Snecko","floor":29.0,"turns":7.0},{"damage":5.0,"enemies":"Snake Plant","floor":31.0,"turns":6.0},{"damage":46.0,"enemies":"Champ","floor":33.0,"turns":12.0},{"damage":16.0,"enemies":"Orb Walker","floor":35.0,"turns":6.0},{"damage":1.0,"enemies":"3 Darklings","floor":36.0,"turns":3.0},{"damage":12.0,"enemies":"4 Shapes","floor":38.0,"turns":3.0},{"damage":13.0,"enemies":"Writhing Mass","floor":39.0,"turns":9.0},{"damage":35.0,"enemies":"Giant Head","floor":44.0,"turns":8.0},{"damage":13,"enemies":"Spire Growth","floor":45,"turns":5},{"damage":35,"enemies":"Jaw Worm Horde","floor":46,"turns":3}],"seed_played":"1339928982040504747","potions_obtained":[{"floor":3.0,"key":"GamblersBrew"},{"floor":11.0,"key":"Ancient Potion"},{"floor":16.0,"key":"Energy Potion"},{"floor":18.0,"key":"Poison Potion"},{"floor":23.0,"key":"AttackPotion"},{"floor":29.0,"key":"Dexterity Potion"},{"floor":31.0,"key":"Explosive Potion"},{"floor":36.0,"key":"Dexterity Potion"},{"floor":38.0,"key":"SkillPotion"},{"floor":44.0,"key":"Regen Potion"}],"is_trial":false,"path_per_floor":["M","?","M","$","?","R","E","R","T","E","M","M","R","M","R","B",null,"M","?","$","M","M","E","R","E","T","R","?","M","$","M","R","B",null,"M","M","$","M","M","R","$","R","T","E","M","M"],"character_chosen":"THE_SILENT","items_purchased":["Noxious Fumes","Apotheosis","Accuracy","Anchor","Skewer"],"campfire_rested":1,"item_purchase_floors":[4,20,30,37,41],"current_hp_per_floor":[63,63,63,63,63,63,48,48,48,38,38,47,47,47,47,34,70,39,39,39,42,41,27,27,36,36,36,36,40,40,47,68,34,70,54,53,53,41,40,40,40,40,40,17,31,0],"gold":63,"neow_bonus":"BOSS_RELIC","is_prod":false,"is_daily":false,"chose_seed":false,"campfire_upgraded":7,"win_rate":0,"timestamp":1550974910,"path_taken":["M","?","M","$","?","R","E","R","T","E","M","M","R","M","R","BOSS","M","?","$","?","M","E","R","E","T","R","?","?","$","M","R","BOSS","M","?","?","M","M","R","$","R","T","E","M","M"],"build_version":"2019-01-23","purchased_purges":1,"victory":false,"max_hp_per_floor":[70,70,70,70,70,70,70,70,70,70,70,70,70,70,70,70,70,70,70,70,70,70,70,70,70,70,70,70,70,70,70,70,70,70,70,70,70,70,70,70,70,70,70,70,70,70],"card_choices":[{"not_picked":["Flying Knee","Poisoned Stab"],"picked":"Predator","floor":0.0},{"not_picked":["Quick Slash","PiercingWail"],"picked":"Dash","floor":0.0},{"not_picked":["Dagger Throw","Flying Knee"],"picked":"Dodge and Roll","floor":0.0},{"not_picked":["Dodge and Roll","Backflip"],"picked":"Corpse Explosion","floor":0.0},{"not_picked":["Dodge and Roll","Deflect"],"picked":"Infinite Blades","floor":0.0},{"not_picked":["Eviscerate","Deadly Poison"],"picked":"Dagger Spray","floor":1.0},{"not_picked":["Flying Knee","Expertise"],"picked":"Poisoned Stab","floor":3.0},{"not_picked":["Eviscerate","Flying Knee"],"picked":"Tools of the Trade","floor":7.0},{"not_picked":["Heel Hook","Slice"],"picked":"Tools of the Trade","floor":10.0},{"not_picked":["Bane","Masterful Stab"],"picked":"Deflect","floor":11.0},{"not_picked":["Concentrate","Backflip","Poisoned Stab"],"picked":"SKIP","floor":12.0},{"not_picked":["Poisoned Stab","Slice"],"picked":"Dodge and Roll","floor":14.0},{"not_picked":["Burst","Phantasmal Killer"],"picked":"Night Terror","floor":16.0},{"not_picked":["Bane","Heel Hook+1","Acrobatics"],"picked":"SKIP","floor":18.0},{"not_picked":["Quick Slash+1","Backflip","Bane"],"picked":"SKIP","floor":21.0},{"not_picked":["Underhanded Strike","Dagger Throw"],"picked":"PiercingWail","floor":22.0},{"not_picked":["Heel Hook","Poisoned Stab","Endless Agony"],"picked":"SKIP","floor":23.0},{"not_picked":["Night Terror","Underhanded Strike+1"],"picked":"Backflip","floor":25.0},{"not_picked":["Dash","Predator+1","Flying Knee"],"picked":"SKIP","floor":29.0},{"not_picked":["Poisoned Stab+1","Setup","Acrobatics"],"picked":"SKIP","floor":31.0},{"not_picked":["Phantasmal Killer","Burst"],"picked":"Bullet Time","floor":33.0},{"not_picked":["Dagger Spray+1","Bane+1","Choke"],"picked":"SKIP","floor":35.0},{"not_picked":["Flechettes+1","Dagger Spray","Predator+1"],"picked":"SKIP","floor":36.0},{"not_picked":["PiercingWail","Flechettes"],"picked":"Accuracy","floor":38.0},{"not_picked":["Dagger Throw+1","Heel Hook","Slice"],"picked":"SKIP","floor":39.0},{"not_picked":["Dagger Spray+1","Sucker Punch","Bane"],"picked":"SKIP","floor":44.0},{"not_picked":["Acrobatics","Underhanded Strike+1"],"picked":"Terror","floor":45}],"player_experience":163551,"relics_obtained":[{"floor":7.0,"key":"Meat on the Bone"},{"floor":9.0,"key":"Oddly Smooth Stone"},{"floor":10.0,"key":"Letter Opener"},{"floor":23.0,"key":"Sundial"},{"floor":25.0,"key":"Potion Belt"},{"floor":26.0,"key":"Bottled Flame"},{"floor":44.0,"key":"Juzu Bracelet"}],"event_choices":[{"cards_removed":["Strike_G"],"damage_healed":0.0,"max_hp_gain":0.0,"max_hp_loss":0.0,"gold_gain":0.0,"event_name":"The Cleric","player_choice":"Card Removal","floor":2.0,"gold_loss":50.0,"damage_taken":0.0},{"cards_removed":["Defend_G"],"damage_healed":0.0,"max_hp_gain":0.0,"max_hp_loss":0.0,"gold_gain":0.0,"event_name":"Bonfire Elementals","player_choice":"Offered Basic","floor":5.0,"gold_loss":0.0,"damage_taken":0.0},{"damage_healed":0.0,"max_hp_gain":0.0,"max_hp_loss":0.0,"gold_gain":0.0,"event_name":"WeMeetAgain","player_choice":"Gave Potion","floor":19.0,"gold_loss":0.0,"damage_taken":0.0,"relics_obtained":["Bag of Preparation"]},{"damage_healed":0.0,"max_hp_gain":0.0,"max_hp_loss":0.0,"gold_gain":0.0,"event_name":"N\u0027loth","player_choice":"Traded Relic","floor":28.0,"relics_lost":["Letter Opener"],"gold_loss":0.0,"damage_taken":0.0,"relics_obtained":["Nloth\u0027s Gift"]}],"is_beta":false,"boss_relics":[{"not_picked":["HoveringKite","Coffee Dripper"],"picked":"Philosopher\u0027s Stone"},{"not_picked":["Pandora\u0027s Box","Calling Bell"],"picked":"Cursed Key"}],"items_purged_floors":[20],"is_endless":false,"potions_floor_spawned":[3,11,16,18,23,29,31,36,38,44],"killed_by":"Jaw Worm Horde","ascension_level":2}