{"path_per_floor":["M","?","M","$","M","E","M","?","T","R","E","M","T","M","R","B",null,"M","M","?","$","?","R","M","T","T","?","R","?","?","E","R"],"character_chosen":"DEFECT","items_purchased":["Axe Kick","Go for the Eyes"],"gold_per_floor":[113,113,130,6,18,45,58,58,84,84,109,127,127,142,142,240,240,254,274,274,129,155,155,169,192,192,192,192,115,115,142,142,142],"floor_reached":33,"campfire_rested":0,"playtime":1108,"current_hp_per_floor":[75,75,74,74,73,50,40,40,40,40,19,19,29,29,29,1,85,85,85,69,69,69,69,69,69,69,69,69,69,53,50,50,0],"items_purged":["Strike_B","Defend_B"],"gold":142,"score":298,"play_id":"0742ba09-b621-44fb-b782-eaa7cc8b6eaa","local_time":"20180507223220","is_prod":false,"is_daily":false,"chose_seed":false,"is_ascension_mode":false,"campfire_upgraded":4,"timestamp":1525703540,"path_taken":["M","?","?","?","?","E","?","?","T","R","E","?","?","M","R","BOSS","M","M","?","$","?","R","M","?","T","?","R","?","?","E","R","BOSS"],"build_version":"2018-05-03","seed_source_timestamp":8133768714834,"purchased_purges":3,"victory":false,"master_deck":["Strike_B+1","Strike_B+1","Defend_B","Defend_B","Zap","Hologram+1","Streamline","Axe Kick","Beam Cell+1","Melter","Buffer+1","Coolheaded","Undo","Ball Lightning","Go for the Eyes+1","Rebound","J.A.X.","Necronomicurse","Glacier"],"max_hp_per_floor":[75,75,75,75,75,75,75,75,75,75,75,75,85,85,85,85,85,85,85,90,90,90,90,90,90,90,90,90,90,90,90,90,90],"relics":["Cracked Core","Whetstone","Pen Nib","Anchor","Pear","Runic Dome","Red Mask","Juzu Bracelet","Shuriken","Necronomicon","Peace Pipe"],"card_choices":[{"not_picked":["Impulse","Sweeping Beam"],"picked":"Hologram","floor":1},{"not_picked":["Leap","Self Repair"],"picked":"Streamline","floor":3},{"not_picked":["Axe Kick","Buffer"],"picked":"Beam Cell","floor":5},{"not_picked":["Heatsinks","Chill"],"picked":"Melter","floor":6},{"not_picked":["Nova","Static Discharge"],"picked":"Buffer","floor":7},{"not_picked":["Turbo","Gash"],"picked":"Coolheaded","floor":11},{"not_picked":["White Noise","Skim"],"picked":"Undo","floor":14},{"not_picked":["Turbo","Hello World"],"picked":"Ball Lightning","floor":18},{"not_picked":["Go for the Eyes","Sweeping Beam"],"picked":"Rebound","floor":24},{"not_picked":["Stack","Go for the Eyes"],"picked":"Glacier","floor":31}],"player_experience":31607,"potions_floor_usage":[16,16,16],"damage_taken":[{"damage":0,"enemies":"Small Slimes","floor":1,"turns":2},{"damage":1,"enemies":"Jaw Worm","floor":3,"turns":4},{"damage":1,"enemies":"Cultist","floor":5,"turns":3},{"damage":23,"enemies":"Lagavulin","floor":6,"turns":5},{"damage":10,"enemies":"Red Slaver","floor":7,"turns":2},{"damage":21,"enemies":"3 Sentries","floor":11,"turns":6},{"damage":0,"enemies":"Gremlin Gang","floor":12,"turns":4},{"damage":0,"enemies":"Large Slime","floor":14,"turns":4},{"damage":30,"enemies":"The Guardian","floor":16,"turns":12},{"damage":13,"enemies":"Chosen","floor":18,"turns":4},{"damage":0,"enemies":"Shell Parasite","floor":19,"turns":2},{"damage":0,"enemies":"Masked Bandits","floor":22,"turns":4},{"damage":0,"enemies":"Snecko","floor":24,"turns":3},{"damage":25,"enemies":"Gremlin Leader","floor":31,"turns":5},{"damage":67,"enemies":"Automaton","floor":33,"turns":6}],"event_choices":[{"event_name":"Liars Game","player_choice":"disagreed","floor":2,"damage_taken":0},{"event_name":"Living Wall","player_choice":"Forget","floor":8,"damage_taken":0},{"event_name":"Forgotten Altar","player_choice":"Shed Blood","floor":20,"damage_taken":0},{"event_name":"Masked Bandits","player_choice":"Fought over 129 gold","floor":22,"damage_taken":0},{"event_name":"Ghosts","player_choice":"Ignored","floor":27,"damage_taken":0},{"event_name":"Drug Dealer","player_choice":"Got JAXXED","floor":29,"damage_taken":0},{"event_name":"Cursed Tome","player_choice":"Obtained Book","floor":30,"damage_taken":0}],"boss_relics":[{"not_picked":["Lizard Tail","Velvet Choker"],"picked":"Runic Dome"}],"potions_floor_spawned":[5,7,12,14,16,18,31],"seed_played":"-321194331527362496","killed_by":"Automaton","ascension_level":0,"is_trial":false}