{"gold_per_floor":[111,111,36,36,46,78,78,94,118,118,108,121,135,160,160,160],"floor_reached":16,"playtime":964,"items_purged":["Bash"],"score":158,"play_id":"0a334af0-46ed-4a87-80e7-54a216c85dcc","local_time":"20181120225803","is_ascension_mode":true,"campfire_choices":[{"floor":7,"key":"RECALL"},{"floor":15,"key":"REST"}],"neow_cost":"NONE","seed_source_timestamp":539620326767655,"circlet_count":0,"master_deck":["Strike_R","Strike_R+1","Strike_R","Strike_R+1","Strike_R","Defend_R","Defend_R","Defend_R","Defend_R","Metallicize","Pain","Shrug It Off"],"relics":["Burning Blood","NeowsBlessing","Self Forming Clay","Whetstone","WarpedTongs","Centennial Puzzle"],"potions_floor_usage":[16,16,16],"damage_taken":[{"damage":0,"enemies":"2 Louse","floor":1,"turns":1},{"damage":0,"enemies":"Cultist","floor":5,"turns":1},{"damage":0,"enemies":"Gremlin Nob","floor":6,"turns":1},{"damage":1,"enemies":"Small Slimes","floor":8,"turns":4},{"damage":6,"enemies":"Exordium Thugs","floor":11,"turns":4},{"damage":30,"enemies":"Exordium Wildlife","floor":12,"turns":9},{"damage":33,"enemies":"Large Slime","floor":13,"turns":9},{"damage":20,"enemies":"Lagavulin","floor":14,"turns":10},{"damage":48,"enemies":"Hexaghost","floor":16,"turns":11}],"seed_played":"2170462341725037100","potions_obtained":[{"floor":8,"key":"SkillPotion"},{"floor":11,"key":"BloodPotion"},{"floor":14,"key":"SkillPotion"}],"is_trial":false,"path_per_floor":["M","?","$","T","M","E","R","M","T","?","M","M","M","E","R","B"],"character_chosen":"IRONCLAD","items_purchased":[],"campfire_rested":1,"item_purchase_floors":[],"current_hp_per_floor":[80,80,80,80,80,80,80,80,80,80,80,56,29,15,39,0],"gold":160,"neow_bonus":"THREE_ENEMY_KILL","is_prod":false,"is_daily":false,"chose_seed":false,"campfire_upgraded":0,"win_rate":0,"timestamp":1542776283,"path_taken":["M","?","$","?","?","E","R","M","T","?","M","?","M","E","R","BOSS"],"build_version":"2018-11-15","purchased_purges":1,"victory":false,"max_hp_per_floor":[80,80,80,80,80,80,80,80,80,80,80,80,80,80,80,80],"card_choices":[{"not_picked":["Havoc","Armaments","Anger"],"picked":"SKIP","floor":1},{"not_picked":["Cleave","Sword Boomerang","Anger"],"picked":"SKIP","floor":5},{"not_picked":["Rupture","Headbutt"],"picked":"Metallicize","floor":6},{"not_picked":["Warcry","Feel No Pain","Headbutt"],"picked":"SKIP","floor":8},{"not_picked":["Flex","Juggernaut","Armaments"],"picked":"SKIP","floor":11},{"not_picked":["Burning Pact","Clothesline"],"picked":"Shrug It Off","floor":12},{"not_picked":["Sever Soul","Clothesline","Clash"],"picked":"SKIP","floor":13},{"not_picked":["Flex","Warcry","Evolve"],"picked":"SKIP","floor":14}],"player_experience":463963,"relics_obtained":[{"floor":6,"key":"Self Forming Clay"},{"floor":9,"key":"Whetstone"},{"floor":14,"key":"Centennial Puzzle"}],"event_choices":[{"damage_healed":0,"gold_gain":0,"player_choice":"Bought 0 Potions","damage_taken":0,"max_hp_gain":0,"max_hp_loss":0,"event_name":"The Woman in Blue","floor":2,"gold_loss":0},{"damage_healed":0,"gold_gain":0,"player_choice":"Rummage","damage_taken":0,"relics_obtained":["WarpedTongs"],"max_hp_gain":0,"max_hp_loss":0,"event_name":"Accursed Blacksmith","floor":10,"gold_loss":0,"cards_obtained":["Pain"]}],"is_beta":false,"boss_relics":[],"items_purged_floors":[3],"is_endless":false,"potions_floor_spawned":[8,11,14],"killed_by":"Hexaghost","ascension_level":3}