{"gold_per_floor":[113,188,204,204,57,57,74,74,74,74,74,74,74,87,87,87],"floor_reached":16,"playtime":708,"items_purged":["Strike_R"],"score":106,"play_id":"7a63d320-75d9-4d02-ba72-422e22b4c632","local_time":"20190122220557","is_ascension_mode":true,"campfire_choices":[{"data":"Inflame","floor":6,"key":"SMITH"},{"data":"Disarm","floor":8,"key":"SMITH"},{"data":"Uppercut","floor":12,"key":"SMITH"},{"data":"Shrug It Off","floor":15,"key":"SMITH"}],"neow_cost":"TEN_PERCENT_HP_LOSS","seed_source_timestamp":1100227343287578,"circlet_count":0,"master_deck":["Strike_R","Strike_R","Defend_R","Defend_R","Defend_R","Defend_R","Inflame+1","Uppercut+1","Disarm+1","Decay","Shrug It Off+1"],"relics":["Burning Blood","StoneCalendar","The Courier"],"potions_floor_usage":[],"damage_taken":[{"damage":9,"enemies":"Jaw Worm","floor":1,"turns":9},{"damage":5,"enemies":"Cultist","floor":3,"turns":5},{"damage":8,"enemies":"2 Louse","floor":7,"turns":3},{"damage":14,"enemies":"2 Fungi Beasts","floor":14,"turns":4},{"damage":56,"enemies":"Hexaghost","floor":16,"turns":15}],"seed_played":"2278333670548319607","potions_obtained":[{"floor":1,"key":"BloodPotion"}],"is_trial":false,"path_per_floor":["M","?","M","?","$","R","M","R","T","?","?","R","?","M","R","B"],"character_chosen":"IRONCLAD","items_purchased":["Uppercut"],"campfire_rested":0,"item_purchase_floors":[5],"current_hp_per_floor":[69,62,63,63,63,63,61,61,61,61,61,61,61,53,53,0],"gold":87,"neow_bonus":"REMOVE_TWO","is_prod":false,"is_daily":false,"chose_seed":false,"campfire_upgraded":4,"win_rate":0,"timestamp":1548216357,"path_taken":["M","?","?","?","$","R","?","R","T","?","?","R","?","M","R","BOSS"],"build_version":"2019-01-17v2","purchased_purges":1,"victory":false,"max_hp_per_floor":[72,72,72,72,72,72,72,72,72,72,72,72,72,72,72,72],"card_choices":[{"not_picked":["Warcry","Clothesline"],"picked":"Inflame","floor":1},{"not_picked":["Wild Strike","Cleave","Sword Boomerang"],"picked":"SKIP","floor":3},{"not_picked":["Clothesline","Perfected Strike"],"picked":"Disarm","floor":7},{"not_picked":["Flex","True Grit"],"picked":"Shrug It Off","floor":14}],"player_experience":1134011,"relics_obtained":[{"floor":9,"key":"The Courier"}],"event_choices":[{"damage_healed":0,"gold_gain":75,"player_choice":"Touch","damage_taken":7,"max_hp_gain":0,"max_hp_loss":0,"event_name":"FaceTrader","floor":2,"gold_loss":0},{"damage_healed":0,"gold_gain":0,"player_choice":"Gave Potion","damage_taken":0,"relics_obtained":["StoneCalendar"],"max_hp_gain":0,"max_hp_loss":0,"event_name":"WeMeetAgain","floor":4,"gold_loss":0},{"cards_removed":["Strike_R"],"damage_healed":0,"gold_gain":0,"player_choice":"Forget","damage_taken":0,"max_hp_gain":0,"max_hp_loss":0,"event_name":"Living Wall","floor":10,"gold_loss":0},{"damage_healed":0,"gold_gain":0,"player_choice":"Ignored","damage_taken":0,"max_hp_gain":0,"max_hp_loss":0,"event_name":"Liars Game","floor":11,"gold_loss":0},{"damage_healed":0,"gold_gain":0,"player_choice":"Cursed","damage_taken":0,"max_hp_gain":0,"max_hp_loss":0,"event_name":"Wheel of Change","floor":13,"gold_loss":0,"cards_obtained":["Decay"]}],"is_beta":false,"boss_relics":[],"items_purged_floors":[5],"is_endless":false,"potions_floor_spawned":[1],"killed_by":"Hexaghost","ascension_level":4}