{"gold_per_floor":[110,260,260,65,77,111,111,129,156,156,190,202,477,491,491,491],"floor_reached":16,"playtime":376,"items_purged":[],"score":270,"play_id":"31357683-74e8-4a1f-ae32-39889e9c4f66","local_time":"20190226113559","is_ascension_mode":true,"campfire_choices":[{"data":"Darkness","floor":7.0,"key":"SMITH"},{"data":"Zap","floor":10.0,"key":"SMITH"},{"data":"White Noise","floor":15.0,"key":"SMITH"}],"neow_cost":"NONE","seed_source_timestamp":839088510009,"circlet_count":0,"master_deck":["AscendersBane","Strike_B","Strike_B","Strike_B","Strike_B","Defend_B","Defend_B","Defend_B","Defend_B","Zap+1","Dualcast","Barrage","Conserve Battery","Sweeping Beam","Darkness+1","Capacitor","Core Surge","Coolheaded","Regret","White Noise+1"],"special_seed":0,"relics":["Cracked Core","NeowsBlessing","Blood Vial","Regal Pillow","DataDisk","Gambling Chip"],"potions_floor_usage":[16],"damage_taken":[{"damage":0.0,"enemies":"Cultist","floor":1.0,"turns":1.0},{"damage":0.0,"enemies":"Small Slimes","floor":5.0,"turns":1.0},{"damage":0.0,"enemies":"Lagavulin","floor":6.0,"turns":2.0},{"damage":7.0,"enemies":"Jaw Worm","floor":8.0,"turns":4.0},{"damage":34.0,"enemies":"Gremlin Nob","floor":11.0,"turns":4.0},{"damage":2.0,"enemies":"3 Louse","floor":12.0,"turns":3.0},{"damage":9.0,"enemies":"Lots of Slimes","floor":14.0,"turns":2.0},{"damage":3,"enemies":"Slime Boss","floor":16,"turns":3}],"seed_played":"2120567718896130992","potions_obtained":[{"floor":6.0,"key":"Strength Potion"},{"floor":8.0,"key":"Dexterity Potion"},{"floor":12.0,"key":"FocusPotion"}],"is_trial":false,"path_per_floor":["M","?","?","$","M","E","R","M","T","R","E","M","?","M","R","B"],"character_chosen":"DEFECT","items_purchased":["Blood Vial","Conserve Battery"],"campfire_rested":0,"item_purchase_floors":[4,4],"current_hp_per_floor":[64,64,57,57,59,61,61,56,56,56,24,24,24,17,17,16],"gold":491,"neow_bonus":"THREE_ENEMY_KILL","is_prod":false,"is_daily":false,"chose_seed":false,"campfire_upgraded":3,"win_rate":0,"timestamp":1551177359,"path_taken":["M","?","?","?","M","E","R","M","T","R","E","M","?","?","R","BOSS"],"build_version":"2019-02-06","purchased_purges":0,"victory":false,"max_hp_per_floor":[71,71,71,71,71,71,71,71,71,71,71,71,71,71,71,71],"card_choices":[{"not_picked":["Fusion","Hologram"],"picked":"Barrage","floor":1.0},{"not_picked":["Storm","Beam Cell"],"picked":"Sweeping Beam","floor":5.0},{"not_picked":["Redo","Reprogram"],"picked":"Darkness","floor":6.0},{"not_picked":["Chaos","Barrage"],"picked":"Capacitor","floor":8.0},{"not_picked":["Capacitor","Static Discharge"],"picked":"Core Surge","floor":11.0},{"not_picked":["Sweeping Beam","Turbo"],"picked":"Coolheaded","floor":12.0},{"not_picked":["Sunder","Consume"],"picked":"White Noise","floor":14.0}],"player_experience":949952,"relics_obtained":[{"floor":6.0,"key":"Regal Pillow"},{"floor":9.0,"key":"DataDisk"},{"floor":11.0,"key":"Gambling Chip"}],"event_choices":[{"damage_healed":0.0,"max_hp_gain":0.0,"max_hp_loss":0.0,"gold_gain":150.0,"event_name":"Liars Game","player_choice":"AGREE","floor":2.0,"gold_loss":0.0,"damage_taken":0.0,"cards_obtained":["Doubt"]},{"cards_removed":["Doubt"],"damage_healed":0.0,"max_hp_gain":0.0,"max_hp_loss":0.0,"gold_gain":0.0,"event_name":"Golden Wing","player_choice":"Card Removal","floor":3.0,"gold_loss":0.0,"damage_taken":7.0},{"damage_healed":0.0,"max_hp_gain":0.0,"max_hp_loss":0.0,"gold_gain":275.0,"event_name":"Golden Shrine","player_choice":"Desecrate","floor":13.0,"gold_loss":0.0,"damage_taken":0.0,"cards_obtained":["Regret"]}],"is_beta":true,"boss_relics":[],"items_purged_floors":[],"is_endless":false,"potions_floor_spawned":[6,8,12],"killed_by":"Slime Boss","ascension_level":20}