{"gold_per_floor":[111,122,122,122,122,122,122,122,122,135,135,60,76,92,92,189,189,203,203,203,218,41,41,56,56,106,205,219,219,134,63,63,167,167,177,177,189,189,189,189,209,209,233,233,249,249,280,35,35,35],"floor_reached":51,"playtime":1777,"items_purged":["Strike_R","Strike_R"],"score":736,"play_id":"0e2402bc-30eb-49d2-8ce5-27ef78e37e13","local_time":"20190226013329","is_ascension_mode":false,"campfire_choices":[{"data":"Searing Blow+1","floor":6,"key":"SMITH"},{"data":"Searing Blow+2","floor":8,"key":"SMITH"},{"data":"Searing Blow+3","floor":11,"key":"SMITH"},{"data":"Searing Blow+4","floor":15,"key":"SMITH"},{"data":"Searing Blow+5","floor":23,"key":"SMITH"},{"data":"Searing Blow+6","floor":25,"key":"SMITH"},{"data":"Searing Blow+7","floor":32,"key":"SMITH"},{"data":"Searing Blow+8","floor":40,"key":"SMITH"},{"data":"Searing Blow+9","floor":44,"key":"SMITH"},{"data":"Searing Blow+10","floor":46,"key":"SMITH"},{"data":"Armaments","floor":49,"key":"SMITH"}],"neow_cost":"NONE","seed_source_timestamp":10079402303026,"circlet_count":0,"master_deck":["Strike_R","Strike_R+1","Defend_R+1","Defend_R+1","Defend_R","Defend_R+1","Searing Blow+11","Warcry","Battle Trance","Armaments+1","Headbutt","Headbutt","Double Tap","Master of Strategy","Havoc+1","Burning Pact+1"],"relics":["Burning Blood","Happy Flower","Dodecahedron","Paper Frog","Lizard Tail","Nilry\u0027s Codex","War Paint","Kunai","Philosopher\u0027s Stone","Regal Pillow","Calipers","Bottled Flame"],"potions_floor_usage":[33,50],"damage_taken":[{"damage":1,"enemies":"Cultist","floor":1,"turns":4},{"damage":6,"enemies":"Jaw Worm","floor":2,"turns":3},{"damage":0,"enemies":"Small Slimes","floor":10,"turns":3},{"damage":10,"enemies":"Looter","floor":13,"turns":2},{"damage":12,"enemies":"3 Louse","floor":14,"turns":3},{"damage":23,"enemies":"The Guardian","floor":16,"turns":8},{"damage":7,"enemies":"2 Thieves","floor":18,"turns":3},{"damage":18,"enemies":"Shell Parasite","floor":21,"turns":5},{"damage":11,"enemies":"Snake Plant","floor":24,"turns":4},{"damage":0,"enemies":"Chosen and Byrds","floor":28,"turns":3},{"damage":14,"enemies":"Collector","floor":33,"turns":3},{"damage":1,"enemies":"Orb Walker","floor":35,"turns":2},{"damage":27,"enemies":"3 Darklings","floor":37,"turns":4},{"damage":4,"enemies":"Spire Growth","floor":41,"turns":2},{"damage":2,"enemies":"Sphere and 2 Shapes","floor":45,"turns":2},{"damage":0,"enemies":"Giant Head","floor":47,"turns":3},{"damage":12,"enemies":"Time Eater","floor":50,"turns":4}],"seed_played":"-8141789289315034422","potions_obtained":[{"floor":2,"key":"Poison Potion"},{"floor":13,"key":"SteroidPotion"},{"floor":14,"key":"GamblersBrew"},{"floor":24,"key":"Explosive Potion"},{"floor":37,"key":"Weak Potion"}],"is_trial":false,"path_per_floor":["M","M","?","?","?","R","?","R","T","M","R","$","M","M","R","B",null,"M","?","?","M","$","R","M","R","T","?","M","?","?","$","R","B",null,"M","?","M","?","?","R","M","?","T","R","M","R","E","$","R","B",null],"character_chosen":"IRONCLAD","items_purchased":["Armaments","Headbutt","Double Tap","Bottled Flame"],"campfire_rested":0,"item_purchase_floors":[22,22,31,48],"current_hp_per_floor":[80,80,80,68,68,68,52,52,52,58,58,58,54,48,48,31,80,79,63,63,51,51,51,46,46,46,46,52,37,37,37,37,29,85,85,85,64,64,64,64,66,66,66,66,70,70,76,76,76,70],"gold":35,"neow_bonus":"RANDOM_COMMON_RELIC","is_prod":false,"is_daily":false,"chose_seed":false,"campfire_upgraded":11,"win_rate":0,"timestamp":1551162809,"path_taken":["M","?","?","?","?","R","?","R","T","M","R","?","M","M","R","BOSS","M","?","?","?","$","R","M","R","T","?","M","?","?","?","R","BOSS","M","?","M","?","?","R","M","?","T","R","?","R","E","$","R","BOSS"],"build_version":"2019-01-23","purchased_purges":2,"victory":true,"max_hp_per_floor":[80,80,80,80,80,80,80,80,80,80,80,80,80,80,80,80,80,80,80,80,80,80,80,80,80,80,80,80,85,85,85,85,85,85,85,85,85,85,85,85,85,85,85,85,85,85,85,85,85,85],"card_choices":[{"not_picked":["True Grit","Sword Boomerang"],"picked":"Searing Blow","floor":1},{"not_picked":["Evolve","Rupture","Iron Wave"],"picked":"SKIP","floor":2},{"not_picked":["Feel No Pain","Body Slam","Sword Boomerang"],"picked":"SKIP","floor":10},{"not_picked":["Perfected Strike","Pommel Strike","Combust"],"picked":"SKIP","floor":13},{"not_picked":["Shrug It Off","Twin Strike","Clash"],"picked":"SKIP","floor":14},{"not_picked":["Clash","Rupture"],"picked":"Warcry","floor":18},{"not_picked":["Corruption+1","Headbutt"],"picked":"Battle Trance","floor":21},{"not_picked":["Perfected Strike","Body Slam","Feel No Pain"],"picked":"SKIP","floor":24},{"not_picked":["Uppercut","Warcry"],"picked":"Headbutt","floor":28},{"not_picked":["Rampage","True Grit","Thunderclap"],"picked":"SKIP","floor":35},{"not_picked":["Panacea","Madness"],"picked":"Master of Strategy","floor":36},{"not_picked":["Shrug It Off+1","Wild Strike+1"],"picked":"Havoc+1","floor":37},{"not_picked":["Sever Soul+1","Second Wind+1"],"picked":"Burning Pact+1","floor":41},{"not_picked":["Inflame+1","Pommel Strike+1","Headbutt+1"],"picked":"SKIP","floor":45},{"not_picked":["Headbutt","Limit Break","Heavy Blade"],"picked":"SKIP","floor":47}],"player_experience":469570,"relics_obtained":[{"floor":9,"key":"Paper Frog"},{"floor":19,"key":"Nilry\u0027s Codex"},{"floor":26,"key":"War Paint"},{"floor":43,"key":"Regal Pillow"},{"floor":47,"key":"Calipers"}],"event_choices":[{"damage_healed":0,"gold_gain":0,"player_choice":"Ignored","damage_taken":0,"max_hp_gain":0,"max_hp_loss":0,"event_name":"Liars Game","floor":3,"gold_loss":0},{"damage_healed":0,"gold_gain":0,"player_choice":"Success","damage_taken":12,"relics_obtained":["Dodecahedron"],"max_hp_gain":0,"max_hp_loss":0,"event_name":"Scrap Ooze","floor":4,"gold_loss":0},{"damage_healed":0,"gold_gain":0,"player_choice":"Grow","damage_taken":0,"max_hp_gain":0,"max_hp_loss":0,"event_name":"Living Wall","floor":5,"gold_loss":0,"cards_upgraded":["Searing Blow"]},{"damage_healed":0,"gold_gain":0,"player_choice":"Entered Light","damage_taken":16,"max_hp_gain":0,"max_hp_loss":0,"event_name":"Shining Light","floor":7,"gold_loss":0,"cards_upgraded":["Defend_R","Strike_R"]},{"damage_healed":0,"gold_gain":0,"player_choice":"Obtained Book","damage_taken":16,"max_hp_gain":0,"max_hp_loss":0,"event_name":"Cursed Tome","floor":19,"gold_loss":0},{"damage_healed":0,"gold_gain":0,"player_choice":"Ignored","damage_taken":0,"max_hp_gain":0,"max_hp_loss":0,"event_name":"NoteForYourself","floor":20,"gold_loss":0},{"damage_healed":0,"gold_gain":99,"player_choice":"Stole From Cult","damage_taken":0,"max_hp_gain":0,"max_hp_loss":0,"event_name":"Nest","floor":27,"gold_loss":0},{"damage_healed":0,"gold_gain":0,"player_choice":"Shed Blood","damage_taken":20,"max_hp_gain":5,"max_hp_loss":0,"event_name":"Forgotten Altar","floor":29,"gold_loss":0},{"damage_healed":0,"gold_gain":0,"player_choice":"Obtained Relic","damage_taken":0,"relics_obtained":["Kunai"],"max_hp_gain":0,"max_hp_loss":0,"event_name":"Addict","floor":30,"gold_loss":85},{"damage_healed":0,"gold_gain":0,"player_choice":"Memory 1","damage_taken":0,"max_hp_gain":0,"max_hp_loss":0,"event_name":"SensoryStone","floor":36,"gold_loss":0},{"damage_healed":0,"gold_gain":0,"player_choice":"Ignored","damage_taken":0,"max_hp_gain":0,"max_hp_loss":0,"event_name":"Tomb of Lord Red Mask","floor":38,"gold_loss":0},{"cards_removed":["Bash"],"damage_healed":0,"gold_gain":0,"player_choice":"Removed Attack","damage_taken":0,"max_hp_gain":0,"max_hp_loss":0,"event_name":"Falling","floor":39,"gold_loss":0},{"cards_removed":["Strike_R"],"damage_healed":0,"gold_gain":0,"player_choice":"Purged","damage_taken":0,"max_hp_gain":0,"max_hp_loss":0,"event_name":"Purifier","floor":42,"gold_loss":0}],"is_beta":false,"boss_relics":[{"not_picked":["White Beast Statue","Calling Bell"],"picked":"Lizard Tail"},{"not_picked":["Runic Cube","Runic Dome"],"picked":"Philosopher\u0027s Stone"}],"items_purged_floors":[12,22],"is_endless":false,"potions_floor_spawned":[2,13,14,24,37],"ascension_level":0}