{"gold_per_floor":[109,119,119,84,98,98,128,139,139,139,139,153,38,58,58,159,159,174,193,193,209,138,138,148,148,148,165,165],"floor_reached":28,"playtime":1533,"items_purged":["Strike_B"],"score":278,"play_id":"47241349-aca3-407f-98f7-0cdc75b7967c","local_time":"20180930092600","is_ascension_mode":true,"campfire_choices":[{"data":"Defragment","floor":6,"key":"SMITH"},{"data":"Zap","floor":10,"key":"SMITH"},{"data":"Creative AI","floor":15,"key":"SMITH"},{"data":"Fission","floor":23,"key":"SMITH"},{"data":"Genetic Algorithm","floor":25,"key":"SMITH"}],"neow_cost":"NONE","seed_source_timestamp":46956034886869,"circlet_count":0,"master_deck":["Strike_B","Strike_B","Strike_B","Defend_B","Defend_B+1","Defend_B","Defend_B+1","Zap+1","Dualcast+1","Defragment+1","Loop","Loop","Turbo","Rainbow","BootSequence","Conserve Battery","Heatsinks","Creative AI+1","Electrodynamics","Chaos","Conserve Battery","Glacier","Double Energy","Go for the Eyes","Compile Driver","Fission+1","Go for the Eyes+1","White Noise","Genetic Algorithm+1","Ball Lightning+1"],"relics":["Cracked Core","Mercury Hourglass","Thread and Needle","Orrery","NlothsMask"],"potions_floor_usage":[7,8,12,16,16,27,28],"damage_taken":[{"damage":0,"enemies":"2 Louse","floor":1,"turns":4},{"damage":11,"enemies":"Small Slimes","floor":2,"turns":4},{"damage":0,"enemies":"Cultist","floor":5,"turns":4},{"damage":32,"enemies":"Gremlin Nob","floor":7,"turns":4},{"damage":4,"enemies":"Exordium Thugs","floor":8,"turns":4},{"damage":0,"enemies":"3 Louse","floor":12,"turns":2},{"damage":1,"enemies":"Lots of Slimes","floor":14,"turns":2},{"damage":4,"enemies":"Hexaghost","floor":16,"turns":6},{"damage":0,"enemies":"3 Byrds","floor":18,"turns":2},{"damage":10,"enemies":"Shell Parasite","floor":19,"turns":6},{"damage":5,"enemies":"Snecko","floor":21,"turns":9},{"damage":0,"enemies":"Centurion and Healer","floor":24,"turns":6},{"damage":18,"enemies":"Cultist and Chosen","floor":27,"turns":7},{"damage":39,"enemies":"Gremlin Leader","floor":28,"turns":6}],"seed_played":"8911812786428652564","potions_obtained":[{"floor":1,"key":"Strength Potion"},{"floor":2,"key":"Dexterity Potion"},{"floor":7,"key":"Energy Potion"},{"floor":8,"key":"Swift Potion"},{"floor":12,"key":"Energy Potion"},{"floor":19,"key":"Poison Potion"},{"floor":21,"key":"Swift Potion"}],"is_trial":false,"path_per_floor":["M","M","?","?","M","R","E","M","T","R","?","M","$","M","R","B",null,"M","M","?","M","$","R","M","R","T","M"],"character_chosen":"DEFECT","items_purchased":["Heatsinks","White Noise"],"campfire_rested":0,"item_purchase_floors":[13,22],"current_hp_per_floor":[75,64,49,67,67,67,35,31,31,31,31,31,31,30,30,26,63,63,53,53,48,48,48,48,48,48,30,0],"gold":165,"neow_bonus":"THREE_CARDS","is_prod":false,"is_daily":false,"chose_seed":false,"campfire_upgraded":5,"win_rate":0,"timestamp":1538274360,"path_taken":["M","M","?","?","?","R","E","M","T","R","?","?","$","M","R","BOSS","M","M","?","M","?","R","M","R","T","M","E"],"build_version":"2018-09-27","purchased_purges":1,"victory":false,"max_hp_per_floor":[75,75,75,75,75,75,75,75,75,75,75,75,75,75,75,75,75,75,75,75,75,75,75,75,75,75,75,75],"card_choices":[{"not_picked":["Gash","Streamline"],"picked":"Defragment","floor":0},{"not_picked":["Stack","Blizzard"],"picked":"Loop","floor":1},{"not_picked":["Streamline","Barrage"],"picked":"Loop","floor":2},{"not_picked":["Ball Lightning","Compile Driver"],"picked":"Turbo","floor":5},{"not_picked":["Skim","Leap"],"picked":"Rainbow","floor":7},{"not_picked":["Reinforced Body","Conserve Battery"],"picked":"BootSequence","floor":8},{"not_picked":["Redo","Doom and Gloom"],"picked":"Conserve Battery","floor":12},{"not_picked":["Beam Cell","Compile Driver"],"picked":"Creative AI","floor":14},{"not_picked":["Amplify","Thunder Strike"],"picked":"Electrodynamics","floor":16},{"not_picked":["Leap","Barrage"],"picked":"Chaos","floor":17},{"not_picked":["Redo","Loop"],"picked":"Conserve Battery","floor":17},{"not_picked":["Cold Snap","Reprogram"],"picked":"Glacier","floor":17},{"not_picked":["Steam","Sweeping Beam"],"picked":"Double Energy","floor":17},{"not_picked":["Conserve Battery","Consume"],"picked":"Go for the Eyes","floor":17},{"not_picked":["Lockon","Leap"],"picked":"Compile Driver","floor":18},{"not_picked":["Sunder","Hello World"],"picked":"Fission","floor":19},{"not_picked":["Conserve Battery","Cold Snap"],"picked":"Go for the Eyes+1","floor":21},{"not_picked":["Gash","Hologram"],"picked":"Genetic Algorithm","floor":24},{"not_picked":["Streamline","Rip and Tear"],"picked":"Ball Lightning+1","floor":27}],"player_experience":258437,"relics_obtained":[{"floor":7,"key":"Mercury Hourglass"},{"floor":9,"key":"Thread and Needle"}],"event_choices":[{"event_name":"Shining Light","player_choice":"Entered Light","floor":3,"damage_taken":0},{"event_name":"The Cleric","player_choice":"Healed","floor":4,"damage_taken":0},{"event_name":"Accursed Blacksmith","player_choice":"Forge","floor":11,"damage_taken":0},{"event_name":"FaceTrader","player_choice":"Trade","floor":20,"damage_taken":0}],"is_beta":false,"boss_relics":[{"not_picked":["Lizard Tail","Calling Bell"],"picked":"Orrery"}],"items_purged_floors":[13],"is_endless":false,"potions_floor_spawned":[1,2,7,8,12,19,21],"killed_by":"Gremlin Leader","ascension_level":5}