{"gold_per_floor":[19,33,33,83,151,151,98,113,113,183,183,218,324,342,342,441,441,459,609,659,15,82,82,115,115,142,207,257,257,290,302,302,397,397,414,110,213,263,280,306,356,371,371,435,515,535,560,590,602,614],"floor_reached":51,"playtime":2855,"items_purged":["Regret","Defend_G"],"score":1190,"play_id":"ff2ea267-8c9e-4bb8-98fd-eaa584b5f157","local_time":"20180927144853","is_ascension_mode":true,"campfire_choices":[{"data":"Burst","floor":6,"key":"SMITH"},{"data":"Glass Knife","floor":11,"key":"SMITH"},{"floor":15,"key":"REST"},{"data":"Neutralize","floor":23,"key":"SMITH"},{"data":"Flash of Steel","floor":25,"key":"SMITH"},{"data":"Footwork","floor":29,"key":"SMITH"},{"data":"Die Die Die","floor":32,"key":"SMITH"},{"data":"Flying Knee","floor":49,"key":"SMITH"}],"neow_cost":"NO_GOLD","seed_source_timestamp":801358046195071,"circlet_count":0,"master_deck":["Defend_G","Defend_G","Defend_G","Survivor","Neutralize+1","Burst+1","Flash of Steel+1","Flying Knee+1","Glass Knife+1","Corpse Explosion+1","Backflip+1","Backflip+1","Adrenaline+1","Leg Sweep+1","Bite","Bite","Bite","Bite","Bite","Blur+1","Terror+1","Outmaneuver+1","Dodge and Roll+1","Footwork+1","Die Die Die+1","Catalyst+1","Adrenaline+1","Dash+1","Madness+1","Madness+1","Bane+1","Escape Plan+1","Dodge and Roll+1","Escape Plan+1"],"relics":["Ring of the Snake","Unceasing Top","SsserpentHead","Ice Cream","Mango","Toxic Egg 2","Potion Belt","Coffee Dripper","Bottled Lightning","Shuriken","Calipers","Blood Vial","Smiling Mask","Black Star","Matryoshka","Nunchaku","Gambling Chip","Tough Bandages","Pen Nib","Blue Candle","Juzu Bracelet","Tiny Chest","Boot","MawBank"],"potions_floor_usage":[12,13,16,18,37,50,50,50,50,50,50,50,50,50,50],"damage_taken":[{"damage":9,"enemies":"Jaw Worm","floor":1,"turns":9},{"damage":1,"enemies":"Cultist","floor":2,"turns":3},{"damage":2,"enemies":"2 Louse","floor":5,"turns":5},{"damage":26,"enemies":"Gremlin Gang","floor":8,"turns":7},{"damage":0,"enemies":"Red Slaver","floor":10,"turns":6},{"damage":24,"enemies":"3 Sentries","floor":12,"turns":8},{"damage":16,"enemies":"Gremlin Nob","floor":13,"turns":3},{"damage":0,"enemies":"3 Louse","floor":14,"turns":2},{"damage":40,"enemies":"Slime Boss","floor":16,"turns":11},{"damage":4,"enemies":"Shell Parasite","floor":18,"turns":4},{"damage":0,"enemies":"Chosen","floor":22,"turns":3},{"damage":0,"enemies":"Gremlin Leader","floor":24,"turns":4},{"damage":0,"enemies":"Snake Plant","floor":27,"turns":2},{"damage":6,"enemies":"Slavers","floor":30,"turns":2},{"damage":0,"enemies":"Snecko","floor":31,"turns":3},{"damage":0,"enemies":"Collector","floor":33,"turns":6},{"damage":0,"enemies":"3 Darklings","floor":35,"turns":2},{"damage":1,"enemies":"Mysterious Sphere","floor":37,"turns":2},{"damage":5,"enemies":"Orb Walker","floor":39,"turns":2},{"damage":0,"enemies":"Giant Head","floor":40,"turns":7},{"damage":0,"enemies":"Reptomancer","floor":42,"turns":2},{"damage":0,"enemies":"Sphere and 2 Shapes","floor":44,"turns":3},{"damage":0,"enemies":"Transient","floor":46,"turns":5},{"damage":0,"enemies":"2 Orb Walkers","floor":47,"turns":5},{"damage":0,"enemies":"Spire Growth","floor":48,"turns":3},{"damage":0,"enemies":"Awakened One","floor":50,"turns":9}],"seed_played":"-7770433867045640033","potions_obtained":[{"floor":1,"key":"Ancient Potion"},{"floor":10,"key":"SkillPotion"},{"floor":12,"key":"AttackPotion"},{"floor":13,"key":"FairyPotion"},{"floor":14,"key":"Strength Potion"},{"floor":16,"key":"Regen Potion"},{"floor":30,"key":"SkillPotion"},{"floor":31,"key":"GhostInAJar"},{"floor":33,"key":"EntropicBrew"},{"floor":39,"key":"Ancient Potion"},{"floor":40,"key":"SpeedPotion"},{"floor":44,"key":"FearPotion"},{"floor":47,"key":"PowerPotion"}],"is_trial":false,"path_per_floor":["M","M","?","?","M","R","$","M","T","M","R","E","?","M","R","B",null,"M","?","?","$","M","R","E","R","T","M","?","R","E","M","R","B",null,"M","$","?","?","M","E","?","M","T","M","T","M","E","M","R","B"],"character_chosen":"THE_SILENT","items_purchased":["Flash of Steel","Bottled Lightning","Blur+1","Shuriken","Matryoshka"],"campfire_rested":1,"item_purchase_floors":[7,21,21,21,36],"current_hp_per_floor":[61,60,60,60,58,58,58,32,46,46,46,22,6,6,31,2,64,72,72,58,58,58,58,58,58,58,58,58,58,56,58,58,58,58,58,58,57,50,51,58,58,58,58,58,58,58,58,58,58,58],"gold":626,"neow_bonus":"ONE_RARE_RELIC","is_prod":false,"is_daily":false,"chose_seed":false,"campfire_upgraded":7,"win_rate":0,"timestamp":1538034533,"path_taken":["M","M","?","?","?","R","?","M","T","?","R","E","?","M","R","BOSS","M","?","?","$","?","R","E","R","T","?","?","R","E","M","R","BOSS","M","$","?","?","M","E","?","M","T","?","?","M","E","M","R","BOSS"],"build_version":"2018-09-20","purchased_purges":2,"victory":true,"max_hp_per_floor":[70,70,70,70,70,70,70,70,84,84,84,84,84,84,84,84,84,84,84,58,58,58,58,58,58,58,58,58,58,58,58,58,58,58,58,58,58,58,58,58,58,58,58,58,58,58,58,58,58,58],"card_choices":[{"not_picked":["Expertise","Underhanded Strike","Deflect"],"picked":"SKIP","floor":1},{"not_picked":["Footwork","Dagger Throw"],"picked":"Burst","floor":2},{"not_picked":["PiercingWail","Calculated Gamble","Deflect"],"picked":"SKIP","floor":5},{"not_picked":["Underhanded Strike","PiercingWail"],"picked":"Flying Knee","floor":8},{"not_picked":["Prepared","Outmaneuver"],"picked":"Glass Knife","floor":10},{"not_picked":["Wraith Form v2","Quick Slash"],"picked":"Corpse Explosion","floor":12},{"not_picked":["Deadly Poison+1","Dagger Throw"],"picked":"Backflip+1","floor":13},{"not_picked":["Quick Slash","Endless Agony"],"picked":"Backflip+1","floor":14},{"not_picked":["Burst+1","Die Die Die"],"picked":"Adrenaline+1","floor":16},{"not_picked":["Dash+1","Deflect+1"],"picked":"Leg Sweep+1","floor":18},{"not_picked":["Dodge and Roll+1","Deadly Poison+1"],"picked":"Terror+1","floor":22},{"not_picked":["Skewer","Reflex+1"],"picked":"Outmaneuver+1","floor":24},{"not_picked":["Deflect+1","Flying Knee+1"],"picked":"Dodge and Roll+1","floor":27},{"not_picked":["Bane","Infinite Blades"],"picked":"Die Die Die","floor":30},{"not_picked":["Bane","Eviscerate"],"picked":"Catalyst+1","floor":31},{"not_picked":["A Thousand Cuts","Die Die Die"],"picked":"Adrenaline+1","floor":33},{"not_picked":["Dodge and Roll+1","Blade Dance+1"],"picked":"Dash+1","floor":35},{"not_picked":["Infinite Blades","Setup+1","Blade Dance+1"],"picked":"SKIP","floor":39},{"not_picked":["Eviscerate","Sucker Punch+1"],"picked":"Bane+1","floor":40},{"not_picked":["Backflip+1","Wraith Form v2","Dagger Spray"],"picked":"SKIP","floor":42},{"not_picked":["Deadly Poison+1","Deflect+1"],"picked":"Escape Plan+1","floor":44},{"not_picked":["Cloak And Dagger+1","Slice","Quick Slash+1"],"picked":"SKIP","floor":46},{"not_picked":["Distraction+1","Eviscerate"],"picked":"Dodge and Roll+1","floor":47},{"not_picked":["Sucker Punch+1","Underhanded Strike+1"],"picked":"Escape Plan+1","floor":48}],"player_experience":212781,"relics_obtained":[{"floor":9,"key":"Mango"},{"floor":12,"key":"Toxic Egg 2"},{"floor":13,"key":"Potion Belt"},{"floor":24,"key":"Calipers"},{"floor":26,"key":"Blood Vial"},{"floor":30,"key":"Smiling Mask"},{"floor":37,"key":"Nunchaku"},{"floor":40,"key":"Gambling Chip"},{"floor":40,"key":"Tough Bandages"},{"floor":43,"key":"Pen Nib"},{"floor":43,"key":"Blue Candle"},{"floor":45,"key":"Juzu Bracelet"},{"floor":45,"key":"Tiny Chest"},{"floor":47,"key":"Boot"},{"floor":47,"key":"MawBank"}],"event_choices":[{"event_name":"FaceTrader","player_choice":"Trade","floor":3,"damage_taken":0},{"event_name":"Big Fish","player_choice":"Box","floor":4,"damage_taken":0},{"event_name":"Dead Adventurer","player_choice":"Searched \u00271\u0027 times","floor":13,"damage_taken":0},{"event_name":"Golden Shrine","player_choice":"Pray","floor":19,"damage_taken":0},{"event_name":"Vampires","player_choice":"Became a vampire","floor":20,"damage_taken":0},{"event_name":"The Library","player_choice":"Read","floor":28,"damage_taken":0},{"event_name":"Mysterious Sphere","player_choice":"Fight","floor":37,"damage_taken":0},{"event_name":"Winding Halls","player_choice":"Embrace Madness","floor":38,"damage_taken":0},{"event_name":"Falling","player_choice":"Removed Skill","floor":41,"damage_taken":0}],"is_beta":false,"boss_relics":[{"not_picked":["Cursed Key","Ring of the Serpent"],"picked":"Coffee Dripper"},{"not_picked":["Fusion Hammer","Philosopher\u0027s Stone"],"picked":"Black Star"}],"items_purged_floors":[21,36],"is_endless":false,"potions_floor_spawned":[1,10,12,13,14,16,30,31,33,39,40,44,47],"ascension_level":5}