{"gold_per_floor":[117,117,130,154,175,175,200,233,258,272,290,290,290,308,308,434,434,450,170,154,67,67,67,103,103,126,139,139,139],"floor_reached":29,"playtime":1679,"items_purged":["Strike_R"],"score":396,"play_id":"c199c5a5-45c7-46d2-aebb-bc0d1ed68fc4","local_time":"20190222005217","is_ascension_mode":true,"campfire_choices":[{"data":"Feed","floor":6,"key":"SMITH"},{"floor":12,"key":"RECALL"},{"data":"Flex","floor":15,"key":"SMITH"},{"floor":23,"key":"REST"},{"floor":25,"key":"REST"}],"neow_cost":"NONE","seed_source_timestamp":417286601885465,"circlet_count":0,"master_deck":["Strike_R","Strike_R","Strike_R","Defend_R","Defend_R","Defend_R","Defend_R","Bash","Feed+1","Flex+1","Cleave","Shrug It Off","Metallicize","Headbutt","Reaper","Disarm","Burning Pact","Sentinel","Feed","Flex+1","Skim","Finesse","Coolheaded+1","Steam+1"],"relics":["Burning Blood","Golden Idol","Sundial","Mark of Pain","PrismaticShard","Juzu Bracelet","Blood Vial"],"potions_floor_usage":[8,14,16,16,22,22,29],"damage_taken":[{"damage":3,"enemies":"2 Louse","floor":1,"turns":4},{"damage":9,"enemies":"Small Slimes","floor":3,"turns":4},{"damage":10,"enemies":"Cultist","floor":4,"turns":5},{"damage":26,"enemies":"Large Slime","floor":5,"turns":7},{"damage":4,"enemies":"Blue Slaver","floor":7,"turns":5},{"damage":24,"enemies":"3 Sentries","floor":8,"turns":8},{"damage":3,"enemies":"Looter","floor":10,"turns":5},{"damage":2,"enemies":"Exordium Wildlife","floor":11,"turns":3},{"damage":26,"enemies":"Lots of Slimes","floor":14,"turns":5},{"damage":51,"enemies":"Slime Boss","floor":16,"turns":12},{"damage":20,"enemies":"Chosen","floor":18,"turns":6},{"damage":23,"enemies":"2 Thieves","floor":20,"turns":4},{"damage":36,"enemies":"Colosseum Slavers","floor":22,"turns":4},{"damage":108,"enemies":"Slavers","floor":24,"turns":9},{"damage":47,"enemies":"Snecko","floor":27,"turns":10},{"damage":38,"enemies":"Chosen and Byrds","floor":29,"turns":4}],"seed_played":"1918900416942996241","potions_obtained":[{"floor":7,"key":"GamblersBrew"},{"floor":8,"key":"Ancient Potion"},{"floor":10,"key":"Ancient Potion"},{"floor":11,"key":"EssenceOfSteel"},{"floor":14,"key":"Energy Potion"},{"floor":20,"key":"Strength Potion"},{"floor":27,"key":"Block Potion"}],"is_trial":false,"path_per_floor":["M","?","M","M","M","R","M","E","T","M","M","R","?","M","R","B",null,"M","$","M","$","?","R","E","R","T","M","?","M"],"character_chosen":"IRONCLAD","items_purchased":["PrismaticShard","Finesse"],"campfire_rested":2,"item_purchase_floors":[19,21],"current_hp_per_floor":[78,77,77,73,56,56,62,48,48,55,63,63,56,64,64,22,80,74,74,69,69,46,80,20,54,54,15,15,0],"gold":139,"neow_bonus":"ONE_RANDOM_RARE_CARD","is_prod":false,"is_daily":false,"chose_seed":false,"campfire_upgraded":2,"win_rate":0,"timestamp":1550764337,"path_taken":["M","?","M","M","M","R","M","E","T","M","M","R","?","M","R","BOSS","M","$","M","$","?","R","E","R","T","M","?","M"],"build_version":"2019-01-23","purchased_purges":1,"victory":false,"max_hp_per_floor":[83,77,80,80,83,83,87,91,91,91,95,95,95,99,99,99,99,103,103,107,107,114,114,114,114,114,114,114,114],"card_choices":[{"not_picked":["Warcry","Wild Strike"],"picked":"Flex","floor":1},{"not_picked":["Body Slam","Wild Strike"],"picked":"Cleave","floor":3},{"not_picked":["Clothesline","Flame Barrier"],"picked":"Shrug It Off","floor":4},{"not_picked":["Body Slam","Blood for Blood"],"picked":"Metallicize","floor":5},{"not_picked":["Burning Pact","Hemokinesis"],"picked":"Headbutt","floor":7},{"not_picked":["Bludgeon","Whirlwind"],"picked":"Reaper","floor":8},{"not_picked":["Battle Trance","Thunderclap"],"picked":"Disarm","floor":10},{"not_picked":["Shrug It Off","Evolve"],"picked":"Burning Pact","floor":11},{"not_picked":["Perfected Strike","Clash"],"picked":"Sentinel","floor":14},{"not_picked":["Juggernaut","Barricade"],"picked":"Feed","floor":16},{"not_picked":["Warcry","Flame Barrier"],"picked":"Flex+1","floor":18},{"not_picked":["Burning Pact","Consume"],"picked":"Skim","floor":20},{"not_picked":["Heavy Blade+1","Dropkick+1"],"picked":"Coolheaded+1","floor":24},{"not_picked":["Compile Driver","Acrobatics"],"picked":"Steam+1","floor":27}],"player_experience":42605,"relics_obtained":[{"floor":8,"key":"Sundial"},{"floor":24,"key":"Juzu Bracelet"},{"floor":26,"key":"Blood Vial"}],"event_choices":[{"damage_healed":0,"gold_gain":0,"player_choice":"Lose Max HP","damage_taken":0,"relics_obtained":["Golden Idol"],"max_hp_gain":0,"max_hp_loss":6,"event_name":"Golden Idol","floor":2,"gold_loss":0},{"cards_removed":["Strike_R"],"damage_healed":0,"gold_gain":0,"player_choice":"Card Removal","damage_taken":7,"max_hp_gain":0,"max_hp_loss":0,"event_name":"Golden Wing","floor":13,"gold_loss":0},{"damage_healed":0,"gold_gain":0,"player_choice":"Fight","damage_taken":0,"max_hp_gain":0,"max_hp_loss":0,"event_name":"Colosseum","floor":22,"gold_loss":0},{"damage_healed":0,"gold_gain":0,"player_choice":"Fled From Nobs","damage_taken":0,"max_hp_gain":0,"max_hp_loss":0,"event_name":"Colosseum","floor":22,"gold_loss":0},{"damage_healed":0,"gold_gain":0,"player_choice":"Ignored","damage_taken":0,"max_hp_gain":0,"max_hp_loss":0,"event_name":"N\u0027loth","floor":28,"gold_loss":0}],"is_beta":false,"boss_relics":[{"not_picked":["Orrery","White Beast Statue"],"picked":"Mark of Pain"}],"items_purged_floors":[19],"is_endless":false,"potions_floor_spawned":[7,8,10,11,14,20,22,27],"killed_by":"Chosen and Byrds","ascension_level":8}