{"gold_per_floor":[113,38,38,52,64,64,95,113,113,113],"floor_reached":10,"playtime":594,"items_purged":["Parasite"],"score":85,"play_id":"f118ca27-74b7-40d6-8869-df7b3d5b7715","local_time":"20190208205819","is_ascension_mode":true,"campfire_choices":[{"data":"Strike_G","floor":6,"key":"PURGE"}],"neow_cost":"CURSE","seed_source_timestamp":2565229559452932,"circlet_count":0,"master_deck":["Defend_G","Defend_G","Defend_G","Defend_G","Defend_G","Strike_G","Strike_G","Strike_G","Strike_G","Survivor","Neutralize","Infinite Blades","Deadly Poison","Caltrops"],"relics":["Ring of the Snake","Peace Pipe","Pen Nib","Happy Flower"],"potions_floor_usage":[10],"damage_taken":[{"damage":1,"enemies":"Cultist","floor":1,"turns":5},{"damage":0,"enemies":"Small Slimes","floor":4,"turns":4},{"damage":2,"enemies":"Jaw Worm","floor":5,"turns":5},{"damage":38,"enemies":"Lagavulin","floor":7,"turns":10},{"damage":0,"enemies":"Looter","floor":8,"turns":4},{"damage":38,"enemies":"3 Sentries","floor":10,"turns":6}],"seed_played":"-4899736057696113239","potions_obtained":[{"floor":7,"key":"EssenceOfSteel"},{"floor":8,"key":"SpeedPotion"}],"is_trial":false,"path_per_floor":["M","$","?","M","M","R","E","M","T","E"],"character_chosen":"THE_SILENT","items_purchased":[],"campfire_rested":0,"item_purchase_floors":[],"current_hp_per_floor":[69,67,72,72,70,70,32,32,32,0],"gold":113,"neow_bonus":"ONE_RARE_RELIC","is_prod":false,"is_daily":false,"chose_seed":false,"campfire_upgraded":0,"win_rate":0,"timestamp":1549681099,"path_taken":["M","?","?","M","?","R","E","M","T","E"],"build_version":"2019-01-23","purchased_purges":1,"victory":false,"max_hp_per_floor":[70,67,72,72,72,72,72,72,72,72],"card_choices":[{"not_picked":["Escape Plan","All Out Attack"],"picked":"Infinite Blades","floor":1},{"not_picked":["Deflect","Blade Dance"],"picked":"Deadly Poison","floor":4},{"not_picked":["Slice","Sucker Punch"],"picked":"Caltrops","floor":5},{"not_picked":["Calculated Gamble","Riddle With Holes","Doppelganger"],"picked":"SKIP","floor":7},{"not_picked":["PiercingWail","Underhanded Strike","Choke"],"picked":"SKIP","floor":8}],"player_experience":1297981,"relics_obtained":[{"floor":7,"key":"Pen Nib"},{"floor":9,"key":"Happy Flower"}],"event_choices":[{"damage_healed":0,"gold_gain":0,"player_choice":"Donut","damage_taken":0,"max_hp_gain":5,"max_hp_loss":0,"event_name":"Big Fish","floor":3,"gold_loss":0}],"is_beta":false,"boss_relics":[],"items_purged_floors":[2],"is_endless":false,"potions_floor_spawned":[7,8],"killed_by":"3 Sentries","ascension_level":5}