{"gold_per_floor":[363,363,382,382,393,393,79,79,149,178,178,178,178,189,189,292,292,306,319,319,319,152,152,178,209,209,239,254,254,264,314,314,417,417,433,483,500,550,109,141,141,191,218,6,56,73,73,223,223,223],"floor_reached":51,"playtime":1592,"items_purged":["Strike_R","Pain","Injury"],"score":957,"play_id":"b078e491-b581-486c-8e51-382e0c86311f","local_time":"20190301001158","is_ascension_mode":false,"campfire_choices":[{"data":"Whirlwind","floor":6.0,"key":"SMITH"},{"data":"Rage","floor":8.0,"key":"SMITH"},{"data":"Juggernaut","floor":11.0,"key":"SMITH"},{"data":"Bash","floor":15.0,"key":"SMITH"},{"data":"Juggernaut","floor":23.0,"key":"SMITH"},{"data":"Shrug It Off","floor":32.0,"key":"SMITH"},{"data":"Defend_R","floor":41.0,"key":"SMITH"},{"data":"Corruption","floor":47,"key":"SMITH"},{"data":"Defend_R","floor":49,"key":"SMITH"}],"neow_cost":"TEN_PERCENT_HP_LOSS","seed_source_timestamp":6682916937769,"circlet_count":0,"master_deck":["Strike_R","Strike_R","Defend_R+1","Defend_R","Defend_R","Defend_R+1","Bash+1","Whirlwind+1","Rage+1","Shrug It Off+1","Juggernaut+1","Corruption+1","Disarm+1","Juggernaut+1","Injury","Power Through+1","Ghostly+1","Ghostly+1","Ghostly+1","Ghostly+1","Ghostly+1","Disarm+1","Limit Break+1","Armaments+1","Battle Trance+1","Sentinel+1","Offering+1","Corruption+1","Shockwave+1","The Bomb+1","Intimidate+1","Disarm+1","Corruption+1","Transmutation+1","Iron Wave+1"],"special_seed":0,"relics":["Burning Blood","Dodecahedron","Toxic Egg 2","Darkstone Periapt","Self Forming Clay","Calling Bell","Juzu Bracelet","Singing Bowl","Unceasing Top","Gremlin Horn","Boot","Bronze Scales","Mummified Hand","Dead Branch","SsserpentHead","Philosopher\u0027s Stone","Pantograph","PreservedInsect","Thread and Needle"],"potions_floor_usage":[],"damage_taken":[{"damage":3.0,"enemies":"Small Slimes","floor":1.0,"turns":4.0},{"damage":6.0,"enemies":"Jaw Worm","floor":3.0,"turns":5.0},{"damage":0.0,"enemies":"Cultist","floor":5.0,"turns":4.0},{"damage":35.0,"enemies":"Lagavulin","floor":10.0,"turns":7.0},{"damage":4.0,"enemies":"2 Fungi Beasts","floor":14.0,"turns":2.0},{"damage":11.0,"enemies":"Hexaghost","floor":16.0,"turns":10.0},{"damage":7.0,"enemies":"Shell Parasite","floor":18.0,"turns":5.0},{"damage":15.0,"enemies":"3 Byrds","floor":19.0,"turns":4.0},{"damage":1.0,"enemies":"Book of Stabbing","floor":25.0,"turns":8.0},{"damage":6.0,"enemies":"Slavers","floor":27.0,"turns":7.0},{"damage":0.0,"enemies":"3 Cultists","floor":28.0,"turns":4.0},{"damage":0.0,"enemies":"Centurion and Healer","floor":30.0,"turns":2.0},{"damage":1.0,"enemies":"Champ","floor":33.0,"turns":4.0},{"damage":0.0,"enemies":"3 Shapes","floor":35.0,"turns":3.0},{"damage":1.0,"enemies":"Orb Walker","floor":37.0,"turns":2.0},{"damage":1.0,"enemies":"Reptomancer","floor":40.0,"turns":2.0},{"damage":6,"enemies":"Transient","floor":46,"turns":5},{"damage":0,"enemies":"Mind Bloom Boss Battle","floor":48,"turns":5},{"damage":1,"enemies":"Time Eater","floor":50,"turns":5}],"seed_played":"-6397918414501414067","potions_obtained":[{"floor":3.0,"key":"SpeedPotion"},{"floor":4.0,"key":"Poison Potion"},{"floor":4.0,"key":"GamblersBrew"},{"floor":16.0,"key":"Fire Potion"},{"floor":18.0,"key":"Weak Potion"},{"floor":19.0,"key":"Swift Potion"},{"floor":25.0,"key":"SkillPotion"},{"floor":40.0,"key":"SkillPotion"}],"is_trial":false,"path_per_floor":["M","?","M","?","M","R","$","R","T","E","R","?","?","M","R","B",null,"M","M","?","T","$","R","T","E","T","E","M","?","M","?","R","B",null,"M","?","M","?","$","E","R","?","T","$","?","M","R","?","R","B",null],"character_chosen":"IRONCLAD","items_purchased":["Toxic Egg 2","Disarm+1","Shockwave+1","The Bomb+1","Intimidate+1","Corruption","Transmutation+1"],"campfire_rested":0,"item_purchase_floors":[7,22,39,39,39,44,44],"current_hp_per_floor":[72,60,60,60,66,66,66,66,66,37,37,42,42,44,44,39,95,94,87,48,48,48,48,48,48,48,48,48,48,48,48,48,48,48,50,50,52,52,52,52,52,52,52,52,52,52,52,54,54,54],"gold":223,"neow_bonus":"TWO_FIFTY_GOLD","is_prod":false,"is_daily":false,"chose_seed":false,"campfire_upgraded":9,"win_rate":0,"timestamp":1551420718,"path_taken":["M","?","M","?","?","R","$","R","T","E","R","?","?","?","R","BOSS","M","M","?","?","$","R","?","E","T","E","M","?","M","?","R","BOSS","M","?","M","?","$","E","R","?","T","$","?","M","R","?","R","BOSS"],"build_version":"2019-01-23","purchased_purges":3,"victory":true,"max_hp_per_floor":[72,72,72,72,72,72,72,72,72,72,72,77,77,77,77,77,95,95,97,48,48,48,48,48,48,48,48,48,48,48,48,48,48,48,50,50,52,52,52,52,52,52,52,52,52,52,52,54,54,54],"card_choices":[{"not_picked":["Iron Wave","Pommel Strike"],"picked":"Whirlwind","floor":1.0},{"not_picked":["Warcry","Clash","Rage"],"picked":"SKIP","floor":3.0},{"not_picked":["Warcry","Clash"],"picked":"Rage","floor":3.0},{"not_picked":["Infernal Blade","Perfected Strike"],"picked":"Shrug It Off","floor":5.0},{"not_picked":["Clash","Pommel Strike"],"picked":"Juggernaut","floor":10.0},{"not_picked":["Warcry+1","Cleave"],"picked":"Disarm+1","floor":14.0},{"not_picked":["Reaper","Impervious+1"],"picked":"Juggernaut","floor":16.0},{"not_picked":["Hemokinesis","Thunderclap+1"],"picked":"Power Through+1","floor":18.0},{"not_picked":["Pummel+1","Heavy Blade","Wild Strike+1"],"picked":"Singing Bowl","floor":19.0},{"not_picked":["Pommel Strike","Feel No Pain"],"picked":"Limit Break+1","floor":25.0},{"not_picked":["Rampage","Warcry+1"],"picked":"Armaments+1","floor":27.0},{"not_picked":["Headbutt","Warcry+1"],"picked":"Battle Trance+1","floor":28.0},{"not_picked":["Twin Strike","Thunderclap"],"picked":"Sentinel+1","floor":30.0},{"not_picked":["Dark Embrace","Bludgeon"],"picked":"Offering+1","floor":33.0},{"not_picked":["Fire Breathing+1","Heavy Blade+1","True Grit+1"],"picked":"Singing Bowl","floor":35.0},{"not_picked":["Ghostly Armor+1","Sever Soul","Feel No Pain"],"picked":"Singing Bowl","floor":37.0},{"not_picked":["Thunderclap","Hemokinesis"],"picked":"Disarm+1","floor":40.0},{"not_picked":["Perfected Strike","Anger+1"],"picked":"Iron Wave+1","floor":46},{"not_picked":["Sword Boomerang","Headbutt","Heavy Blade+1"],"picked":"Singing Bowl","floor":48}],"player_experience":953504,"relics_obtained":[{"floor":9.0,"key":"Darkstone Periapt"},{"floor":10.0,"key":"Self Forming Clay"},{"floor":17.0,"key":"Juzu Bracelet"},{"floor":17.0,"key":"Singing Bowl"},{"floor":17.0,"key":"Unceasing Top"},{"floor":21.0,"key":"Gremlin Horn"},{"floor":24.0,"key":"Boot"},{"floor":25.0,"key":"Bronze Scales"},{"floor":26.0,"key":"Mummified Hand"},{"floor":27.0,"key":"Dead Branch"},{"floor":40.0,"key":"Pantograph"},{"floor":43.0,"key":"PreservedInsect"},{"floor":48,"key":"Thread and Needle"}],"event_choices":[{"damage_healed":0.0,"max_hp_gain":0.0,"max_hp_loss":0.0,"gold_gain":0.0,"event_name":"Scrap Ooze","player_choice":"Success","floor":2.0,"gold_loss":0.0,"damage_taken":12.0,"relics_obtained":["Dodecahedron"]},{"damage_healed":0.0,"max_hp_gain":0.0,"max_hp_loss":0.0,"gold_gain":0.0,"event_name":"Lab","player_choice":"Got Potions","floor":4.0,"gold_loss":0.0,"damage_taken":0.0},{"damage_healed":0.0,"max_hp_gain":5.0,"max_hp_loss":0.0,"gold_gain":0.0,"event_name":"Big Fish","player_choice":"Donut","floor":12.0,"gold_loss":0.0,"damage_taken":0.0},{"damage_healed":0.0,"max_hp_gain":0.0,"max_hp_loss":0.0,"gold_gain":0.0,"cards_transformed":["Strike_R"],"event_name":"Transmorgrifier","player_choice":"Transformed","floor":13.0,"gold_loss":0.0,"damage_taken":0.0,"cards_obtained":["Corruption"]},{"damage_healed":0.0,"max_hp_gain":0.0,"max_hp_loss":49.0,"gold_gain":0.0,"event_name":"Ghosts","player_choice":"Became a Ghost","floor":20.0,"gold_loss":0.0,"damage_taken":0.0,"cards_obtained":["Ghostly","Ghostly","Ghostly","Ghostly","Ghostly"]},{"damage_healed":0.0,"max_hp_gain":0.0,"max_hp_loss":0.0,"gold_gain":0.0,"event_name":"FaceTrader","player_choice":"Trade","floor":29.0,"gold_loss":0.0,"damage_taken":0.0,"relics_obtained":["SsserpentHead"]},{"damage_healed":0.0,"max_hp_gain":0.0,"max_hp_loss":0.0,"gold_gain":0.0,"event_name":"Accursed Blacksmith","player_choice":"Forge","floor":31.0,"gold_loss":0.0,"damage_taken":0.0,"cards_upgraded":["Corruption"]},{"damage_healed":0.0,"max_hp_gain":0.0,"max_hp_loss":0.0,"gold_gain":0.0,"event_name":"Duplicator","player_choice":"Copied","floor":36.0,"gold_loss":0.0,"damage_taken":0.0,"cards_obtained":["Corruption"]},{"damage_healed":0.0,"max_hp_gain":0.0,"max_hp_loss":0.0,"gold_gain":0.0,"event_name":"Tomb of Lord Red Mask","player_choice":"Ignored","floor":38.0,"gold_loss":0.0,"damage_taken":0.0},{"cards_removed":["Strike_R"],"damage_healed":0.0,"max_hp_gain":0.0,"max_hp_loss":0.0,"gold_gain":0.0,"event_name":"Falling","player_choice":"Removed Attack","floor":42.0,"gold_loss":0.0,"damage_taken":0.0},{"damage_healed":0,"gold_gain":0,"player_choice":"Ignored","damage_taken":0,"max_hp_gain":0,"max_hp_loss":0,"event_name":"Mysterious Sphere","floor":45,"gold_loss":0},{"damage_healed":0,"gold_gain":0,"player_choice":"Fight","damage_taken":0,"max_hp_gain":0,"max_hp_loss":0,"event_name":"MindBloom","floor":48,"gold_loss":0}],"is_beta":false,"boss_relics":[{"not_picked":["Eternal Feather","White Beast Statue"],"picked":"Calling Bell"},{"not_picked":["Runic Pyramid","Orrery"],"picked":"Philosopher\u0027s Stone"}],"items_purged_floors":[7,22,39],"is_endless":false,"potions_floor_spawned":[3,16,18,19,25,40],"ascension_level":0}