{"gold_per_floor":[117,117,117,131,141,141,158,233,260,260,285,285,285,298,298,298],"floor_reached":16,"playtime":504,"items_purged":[],"score":160,"play_id":"59b9e6fc-9f85-44c4-bc1c-534c9c4ab39a","local_time":"20190225041639","is_ascension_mode":true,"campfire_choices":[{"data":"Body Slam","floor":6,"key":"SMITH"},{"data":"Clumsy","floor":10,"key":"PURGE"},{"data":"Strike_R","floor":12,"key":"PURGE"},{"data":"Bash","floor":15,"key":"SMITH"}],"neow_cost":"CURSE","seed_source_timestamp":252971952168755,"circlet_count":0,"master_deck":["AscendersBane","Strike_R","Strike_R","Strike_R","Strike_R","Defend_R","Defend_R","Defend_R","Defend_R","Bash+1","Body Slam+1","Iron Wave","Body Slam+1","Pommel Strike","Headbutt"],"relics":["Burning Blood","Peace Pipe","Anchor","Omamori","Question Card"],"potions_floor_usage":[11,16],"damage_taken":[{"damage":11,"enemies":"2 Louse","floor":1,"turns":3},{"damage":1,"enemies":"Jaw Worm","floor":4,"turns":4},{"damage":0,"enemies":"Small Slimes","floor":5,"turns":3},{"damage":1,"enemies":"2 Fungi Beasts","floor":7,"turns":4},{"damage":30,"enemies":"Lagavulin","floor":11,"turns":5},{"damage":3,"enemies":"Blue Slaver","floor":14,"turns":4},{"damage":59,"enemies":"The Guardian","floor":16,"turns":11}],"seed_played":"-5934174979217210525","potions_obtained":[{"floor":7,"key":"AttackPotion"},{"floor":14,"key":"SteroidPotion"}],"is_trial":false,"path_per_floor":["M","?","?","M","M","R","M","?","T","R","E","R","?","M","R","B"],"character_chosen":"IRONCLAD","items_purchased":[],"campfire_rested":0,"item_purchase_floors":[],"current_hp_per_floor":[67,67,49,54,60,60,65,54,54,54,30,30,56,59,59,0],"gold":298,"neow_bonus":"ONE_RARE_RELIC","is_prod":false,"is_daily":false,"chose_seed":false,"campfire_upgraded":2,"win_rate":0,"timestamp":1551035799,"path_taken":["M","?","?","?","M","R","M","?","T","R","E","R","?","M","R","BOSS"],"build_version":"2019-01-23","purchased_purges":0,"victory":false,"max_hp_per_floor":[80,80,80,80,80,80,80,80,80,80,80,80,80,80,80,80],"card_choices":[{"not_picked":["True Grit","Metallicize"],"picked":"Body Slam","floor":1},{"not_picked":["Battle Trance","Inflame"],"picked":"Iron Wave","floor":4},{"not_picked":["Burning Pact","Anger"],"picked":"Body Slam","floor":5},{"not_picked":["Cleave","Anger"],"picked":"Pommel Strike","floor":7},{"not_picked":["Clothesline","Heavy Blade"],"picked":"Headbutt","floor":11},{"not_picked":["Sever Soul","Bloodletting","Anger","Corruption"],"picked":"SKIP","floor":14}],"player_experience":90442,"relics_obtained":[{"floor":9,"key":"Omamori"},{"floor":11,"key":"Question Card"}],"event_choices":[{"damage_healed":0,"gold_gain":0,"player_choice":"Grow","damage_taken":0,"max_hp_gain":0,"max_hp_loss":0,"event_name":"Living Wall","floor":2,"gold_loss":0,"cards_upgraded":["Body Slam"]},{"damage_healed":0,"gold_gain":0,"player_choice":"Success","damage_taken":18,"relics_obtained":["Anchor"],"max_hp_gain":0,"max_hp_loss":0,"event_name":"Scrap Ooze","floor":3,"gold_loss":0},{"damage_healed":0,"gold_gain":75,"player_choice":"Gather Gold","damage_taken":11,"max_hp_gain":0,"max_hp_loss":0,"event_name":"World of Goop","floor":8,"gold_loss":0},{"damage_healed":26,"gold_gain":0,"player_choice":"Banana","damage_taken":0,"max_hp_gain":0,"max_hp_loss":0,"event_name":"Big Fish","floor":13,"gold_loss":0}],"is_beta":false,"boss_relics":[],"items_purged_floors":[],"is_endless":false,"potions_floor_spawned":[7,14],"killed_by":"The Guardian","ascension_level":12}