{"gold_per_floor":[118,118,138,138,156,156,171,195,218,231,231,256,256,277,277,397,397,412,412,412,337,353,353,389,389,389,402,402,17,51,51,51,180,180,205,155,155,155,178,178,193,214,214,238,289,19,35,60,60,60],"floor_reached":51,"playtime":2885,"items_purged":["Strike_B+1","Strike_B+1","Strike_B+1"],"score":731,"play_id":"b33262dc-d990-4200-8c73-bd90f00c4562","local_time":"20190220224012","is_ascension_mode":false,"campfire_choices":[{"data":"Zap","floor":6,"key":"SMITH"},{"data":"Creative AI","floor":11,"key":"SMITH"},{"floor":15,"key":"REST"},{"data":"Loop","floor":23,"key":"SMITH"},{"floor":25,"key":"REST"},{"data":"Defragment","floor":28,"key":"SMITH"},{"floor":32,"key":"REST"},{"data":"Coolheaded","floor":40,"key":"SMITH"},{"data":"Seek","floor":49,"key":"SMITH"}],"neow_cost":"NONE","seed_source_timestamp":3437907067933,"circlet_count":0,"master_deck":["Defend_B+1","Defend_B+1","Defend_B+1","Defend_B+1","Zap+1","Dualcast","Cold Snap+1","BootSequence","Go for the Eyes","Glacier","Creative AI+1","Chill","Chill","Core Surge","Defragment+1","Coolheaded+1","Seek+1","Stack","Loop+1","Gash","Cold Snap+1","Defragment+1","Reboot","Hologram+1","Ball Lightning+1","Chill+1","Gash+1","Capacitor","Barrage+1","Redo+1"],"relics":["Cracked Core","Golden Idol","Blood Vial","Centennial Puzzle","Orrery","Smiling Mask","Potion Belt","Mercury Hourglass","DataDisk","DollysMirror","Pen Nib","Philosopher\u0027s Stone","Bottled Tornado","Strawberry","Lantern"],"potions_floor_usage":[7,12,14,16,16,24,24,30,50,50,50,50,50],"damage_taken":[{"damage":1,"enemies":"2 Louse","floor":1,"turns":3},{"damage":0,"enemies":"Jaw Worm","floor":3,"turns":3},{"damage":0,"enemies":"Small Slimes","floor":5,"turns":2},{"damage":2,"enemies":"2 Fungi Beasts","floor":7,"turns":3},{"damage":3,"enemies":"Lots of Slimes","floor":8,"turns":3},{"damage":0,"enemies":"3 Louse","floor":10,"turns":3},{"damage":11,"enemies":"Exordium Thugs","floor":12,"turns":4},{"damage":5,"enemies":"Gremlin Gang","floor":14,"turns":3},{"damage":14,"enemies":"The Guardian","floor":16,"turns":13},{"damage":8,"enemies":"Spheric Guardian","floor":18,"turns":6},{"damage":0,"enemies":"Shell Parasite","floor":22,"turns":10},{"damage":41,"enemies":"Gremlin Leader","floor":24,"turns":9},{"damage":15,"enemies":"3 Cultists","floor":27,"turns":8},{"damage":0,"enemies":"Book of Stabbing","floor":30,"turns":7},{"damage":9,"enemies":"Collector","floor":33,"turns":15},{"damage":0,"enemies":"Orb Walker","floor":35,"turns":4},{"damage":11,"enemies":"3 Darklings","floor":39,"turns":7},{"damage":0,"enemies":"Sphere and 2 Shapes","floor":41,"turns":5},{"damage":0,"enemies":"Transient","floor":42,"turns":5},{"damage":0,"enemies":"Spire Growth","floor":44,"turns":6},{"damage":0,"enemies":"4 Shapes","floor":47,"turns":6},{"damage":0,"enemies":"Jaw Worm Horde","floor":48,"turns":5},{"damage":0,"enemies":"Donu and Deca","floor":50,"turns":8}],"seed_played":"-6432946152592100626","potions_obtained":[{"floor":0,"key":"Strength Potion"},{"floor":0,"key":"SteroidPotion"},{"floor":0,"key":"SneckoOil"},{"floor":5,"key":"Swift Potion"},{"floor":8,"key":"Dexterity Potion"},{"floor":12,"key":"SkillPotion"},{"floor":16,"key":"Fire Potion"},{"floor":22,"key":"Regen Potion"},{"floor":27,"key":"EssenceOfSteel"},{"floor":33,"key":"EssenceOfSteel"},{"floor":39,"key":"PowerPotion"},{"floor":41,"key":"Strength Potion"},{"floor":42,"key":"PowerPotion"},{"floor":47,"key":"GamblersBrew"}],"is_trial":false,"path_per_floor":["M","?","M","?","M","R","M","M","T","M","R","M","?","M","R","B",null,"M","?","T","?","M","R","E","R","T","M","R","$","E","?","R","B",null,"M","$","?","?","M","R","M","M","T","M","T","$","M","M","R","B",null],"character_chosen":"DEFECT","items_purchased":["DataDisk","DollysMirror","Capacitor","Lantern"],"campfire_rested":3,"item_purchase_floors":[29,29,46,46],"current_hp_per_floor":[74,56,56,41,41,41,39,36,36,38,38,29,11,8,30,18,75,67,67,67,67,69,69,45,67,67,54,54,54,56,56,75,66,75,75,75,75,75,64,64,66,68,68,70,77,77,79,81,81,82],"gold":60,"neow_bonus":"THREE_SMALL_POTIONS","is_prod":false,"is_daily":false,"chose_seed":false,"campfire_upgraded":6,"win_rate":0,"timestamp":1550670012,"path_taken":["M","?","M","?","M","R","M","M","T","M","R","M","?","M","R","BOSS","M","?","?","?","M","R","E","R","T","M","R","$","E","?","R","BOSS","M","?","?","?","?","R","M","M","T","M","?","$","M","M","R","BOSS"],"build_version":"2019-01-23","purchased_purges":3,"victory":true,"max_hp_per_floor":[75,75,75,75,75,75,75,75,75,75,75,75,75,75,75,75,75,75,75,75,75,75,75,75,75,75,75,75,75,75,75,75,75,75,75,75,75,75,75,75,75,75,75,75,82,82,82,82,82,82],"card_choices":[{"not_picked":["Skim","Leap"],"picked":"Cold Snap","floor":1},{"not_picked":["Lockon","Doom and Gloom"],"picked":"BootSequence","floor":3},{"not_picked":["Hologram","Turbo"],"picked":"Go for the Eyes","floor":5},{"not_picked":["Reprogram","Go for the Eyes"],"picked":"Gash","floor":7},{"not_picked":["Redo","Turbo"],"picked":"Glacier","floor":8},{"not_picked":["Sunder","Compile Driver"],"picked":"Creative AI","floor":10},{"not_picked":["Sweeping Beam","Steam"],"picked":"Chill","floor":12},{"not_picked":["Redo","Tempest"],"picked":"Chill","floor":14},{"not_picked":["Amplify","Electrodynamics"],"picked":"Core Surge","floor":16},{"not_picked":["Skim","Steam"],"picked":"Defragment","floor":17},{"not_picked":["Redo","Stack"],"picked":"Coolheaded","floor":17},{"not_picked":["Redo","Beam Cell"],"picked":"Seek","floor":17},{"not_picked":["Scrape","Redo"],"picked":"Stack","floor":17},{"not_picked":["Streamline","Barrage"],"picked":"Loop","floor":17},{"not_picked":["Steam Power","BootSequence","Ball Lightning"],"picked":"SKIP","floor":18},{"not_picked":["Rebound","Tempest+1"],"picked":"Gash","floor":22},{"not_picked":["Biased Cognition","Undo","Beam Cell"],"picked":"SKIP","floor":24},{"not_picked":["Streamline","Turbo"],"picked":"Cold Snap+1","floor":27},{"not_picked":["Storm+1","Rebound","Leap"],"picked":"SKIP","floor":30},{"not_picked":["Echo Form","Machine Learning"],"picked":"Reboot","floor":33},{"not_picked":["Barrage","Go for the Eyes+1"],"picked":"Hologram+1","floor":35},{"not_picked":["Hello World","Glacier"],"picked":"Ball Lightning+1","floor":39},{"not_picked":["Rebound+1","Double Energy+1"],"picked":"Chill+1","floor":41},{"not_picked":["Heatsinks+1","Rebound+1"],"picked":"Gash+1","floor":42},{"not_picked":["White Noise","Stack+1","Turbo"],"picked":"SKIP","floor":44},{"not_picked":["Tempest","Meteor Strike"],"picked":"Barrage+1","floor":47},{"not_picked":["Stack+1","Rebound+1"],"picked":"Redo+1","floor":48}],"player_experience":482861,"relics_obtained":[{"floor":9,"key":"Blood Vial"},{"floor":20,"key":"Smiling Mask"},{"floor":24,"key":"Potion Belt"},{"floor":26,"key":"Mercury Hourglass"},{"floor":30,"key":"Pen Nib"},{"floor":43,"key":"Bottled Tornado"},{"floor":45,"key":"Strawberry"}],"event_choices":[{"damage_healed":0,"gold_gain":0,"player_choice":"Take Damage","damage_taken":18,"relics_obtained":["Golden Idol"],"max_hp_gain":0,"max_hp_loss":0,"event_name":"Golden Idol","floor":2,"gold_loss":0},{"damage_healed":0,"gold_gain":0,"player_choice":"Entered Light","damage_taken":15,"max_hp_gain":0,"max_hp_loss":0,"event_name":"Shining Light","floor":4,"gold_loss":0,"cards_upgraded":["Strike_B","Cold Snap"]},{"damage_healed":0,"gold_gain":0,"player_choice":"Success","damage_taken":18,"relics_obtained":["Centennial Puzzle"],"max_hp_gain":0,"max_hp_loss":0,"event_name":"Scrap Ooze","floor":13,"gold_loss":0},{"damage_healed":0,"gold_gain":0,"player_choice":"Simplicity","damage_taken":0,"max_hp_gain":0,"max_hp_loss":0,"event_name":"Back to Basics","floor":19,"gold_loss":0,"cards_upgraded":["Strike_B","Strike_B","Strike_B","Defend_B","Defend_B","Defend_B","Defend_B"]},{"cards_removed":["Strike_B"],"damage_healed":0,"gold_gain":0,"player_choice":"Gave Gold","damage_taken":0,"max_hp_gain":0,"max_hp_loss":0,"event_name":"Beggar","floor":21,"gold_loss":75},{"damage_healed":0,"gold_gain":0,"player_choice":"0 cards matched","damage_taken":0,"max_hp_gain":0,"max_hp_loss":0,"event_name":"Match and Keep!","floor":31,"gold_loss":0,"cards_obtained":[]},{"cards_removed":["Gash"],"damage_healed":0,"gold_gain":0,"player_choice":"Removed Attack","damage_taken":0,"max_hp_gain":0,"max_hp_loss":0,"event_name":"Falling","floor":37,"gold_loss":0},{"damage_healed":0,"gold_gain":0,"player_choice":"Ignored","damage_taken":0,"max_hp_gain":0,"max_hp_loss":0,"event_name":"NoteForYourself","floor":38,"gold_loss":0}],"is_beta":false,"boss_relics":[{"not_picked":["Lizard Tail","Coffee Dripper"],"picked":"Orrery"},{"not_picked":["Black Star","Nuclear Battery"],"picked":"Philosopher\u0027s Stone"}],"items_purged_floors":[29,36,46],"is_endless":false,"potions_floor_spawned":[5,8,10,12,16,22,27,33,39,41,42,47],"ascension_level":0}