{"gold_per_floor":[110,125,11,11,11,11,29,45,45,45,45,8,21,37,37,141,141,154,182,199,163,262,262,294,294,321,333,350,365,376,376,376,376],"floor_reached":33,"playtime":4685,"items_purged":["Defend_G"],"score":322,"play_id":"94ed541b-8215-4d18-9042-88dc75c43e46","local_time":"20190301180851","is_ascension_mode":true,"campfire_choices":[{"data":"Neutralize","floor":6,"key":"SMITH"},{"data":"Malaise","floor":10,"key":"SMITH"},{"floor":15,"key":"REST"},{"floor":23,"key":"REST"},{"floor":25,"key":"REST"},{"floor":32,"key":"REST"}],"neow_cost":"NONE","seed_source_timestamp":2320204408800,"circlet_count":0,"master_deck":["Defend_G","Defend_G","Defend_G","Defend_G","Strike_G+1","Strike_G","Strike_G","Strike_G","Strike_G","Survivor","Neutralize","Catalyst","Backflip","Well Laid Plans+1","Malaise+1","Neutralize+1","Infinite Blades","Bane","Predator","PiercingWail","Crippling Poison","After Image","Backstab","Poisoned Stab","Footwork","Caltrops","Poisoned Stab+1","PiercingWail","Bouncing Flask+1","Footwork+1","Ghostly","Ghostly","Ghostly","Ghostly","Ghostly"],"relics":["Ring of the Snake","Ancient Tea Set","WristBlade","Red Mask","Darkstone Periapt","Blood Vial"],"potions_floor_usage":[14,16,18,24,24,28,30],"damage_taken":[{"damage":0,"enemies":"Small Slimes","floor":1,"turns":3},{"damage":0,"enemies":"Jaw Worm","floor":2,"turns":5},{"damage":1,"enemies":"Cultist","floor":7,"turns":4},{"damage":3,"enemies":"Blue Slaver","floor":8,"turns":5},{"damage":0,"enemies":"3 Louse","floor":13,"turns":3},{"damage":4,"enemies":"Large Slime","floor":14,"turns":5},{"damage":19,"enemies":"The Guardian","floor":16,"turns":12},{"damage":29,"enemies":"2 Thieves","floor":18,"turns":5},{"damage":20,"enemies":"Masked Bandits","floor":19,"turns":5},{"damage":1,"enemies":"3 Byrds","floor":20,"turns":6},{"damage":44,"enemies":"Gremlin Leader","floor":24,"turns":8},{"damage":5,"enemies":"Centurion and Healer","floor":27,"turns":6},{"damage":10,"enemies":"Chosen and Byrds","floor":28,"turns":8},{"damage":10,"enemies":"Snecko","floor":29,"turns":9},{"damage":6,"enemies":"Centurion and Healer","floor":30,"turns":8},{"damage":26,"enemies":"Automaton","floor":33,"turns":10}],"seed_played":"898355502905462380","potions_obtained":[{"floor":1,"key":"Explosive Potion"},{"floor":2,"key":"EssenceOfSteel"},{"floor":7,"key":"GamblersBrew"},{"floor":8,"key":"SpeedPotion"},{"floor":14,"key":"Weak Potion"},{"floor":19,"key":"Swift Potion"},{"floor":27,"key":"Poison Potion"},{"floor":28,"key":"Poison Potion"},{"floor":30,"key":"Explosive Potion"}],"is_trial":false,"path_per_floor":["M","M","$","?","?","R","M","M","T","R","?","$","M","M","R","B",null,"M","?","M","$","?","R","E","R","T","M","M","M","M","?","R","B"],"character_chosen":"THE_SILENT","items_purchased":["Well Laid Plans","Predator","Caltrops"],"campfire_rested":4,"item_purchase_floors":[3,12,21],"current_hp_per_floor":[77,77,77,62,62,62,61,58,58,58,51,51,51,47,70,51,77,48,28,27,27,27,50,6,29,29,26,18,10,6,6,17,0],"gold":376,"neow_bonus":"TEN_PERCENT_HP_BONUS","is_prod":false,"is_daily":false,"chose_seed":false,"campfire_upgraded":2,"win_rate":0,"timestamp":1551460131,"path_taken":["M","M","$","?","?","R","M","?","T","R","?","$","M","M","R","BOSS","M","?","M","$","?","R","E","R","T","M","?","M","M","?","R","BOSS"],"build_version":"2019-01-23","purchased_purges":1,"victory":false,"max_hp_per_floor":[77,77,77,77,77,77,77,77,77,77,77,77,77,77,77,77,77,77,77,77,77,77,77,77,77,77,77,77,77,77,38,38,38],"card_choices":[{"not_picked":["Caltrops","Blade Dance"],"picked":"Catalyst","floor":1},{"not_picked":["Flechettes","Prepared"],"picked":"Backflip","floor":2},{"not_picked":["Eviscerate","Calculated Gamble"],"picked":"Bane","floor":7},{"not_picked":["Outmaneuver","Prepared","Underhanded Strike"],"picked":"SKIP","floor":8},{"not_picked":["Slice","Acrobatics"],"picked":"PiercingWail","floor":13},{"not_picked":["Reflex","Quick Slash"],"picked":"Crippling Poison","floor":14},{"not_picked":["Wraith Form v2","Phantasmal Killer"],"picked":"After Image","floor":16},{"not_picked":["Flying Knee","Underhanded Strike"],"picked":"Backstab","floor":18},{"not_picked":["Dagger Throw","Eviscerate"],"picked":"Poisoned Stab","floor":19},{"not_picked":["Terror","Outmaneuver"],"picked":"Footwork","floor":20},{"not_picked":["Eviscerate","Sucker Punch"],"picked":"Poisoned Stab+1","floor":24},{"not_picked":["Eviscerate","Dagger Throw"],"picked":"PiercingWail","floor":27},{"not_picked":["Poisoned Stab","Sucker Punch+1"],"picked":"Bouncing Flask+1","floor":28},{"not_picked":["PiercingWail","Slice"],"picked":"Footwork+1","floor":29},{"not_picked":["Underhanded Strike","Skewer","Expertise"],"picked":"SKIP","floor":30}],"player_experience":80037,"relics_obtained":[{"floor":9,"key":"Ancient Tea Set"},{"floor":19,"key":"Red Mask"},{"floor":24,"key":"Darkstone Periapt"},{"floor":26,"key":"Blood Vial"}],"event_choices":[{"damage_healed":0,"gold_gain":0,"player_choice":"Entered Light","damage_taken":15,"max_hp_gain":0,"max_hp_loss":0,"event_name":"Shining Light","floor":4,"gold_loss":0,"cards_upgraded":["Well Laid Plans","Strike_G"]},{"damage_healed":0,"gold_gain":0,"player_choice":"4 cards matched","damage_taken":0,"max_hp_gain":0,"max_hp_loss":0,"event_name":"Match and Keep!","floor":5,"gold_loss":0,"cards_obtained":["Shame","Malaise","Neutralize","Infinite Blades"]},{"cards_removed":["Shame"],"damage_healed":0,"gold_gain":0,"player_choice":"Card Removal","damage_taken":7,"max_hp_gain":0,"max_hp_loss":0,"event_name":"Golden Wing","floor":11,"gold_loss":0},{"damage_healed":0,"gold_gain":0,"player_choice":"Fought Bandits","damage_taken":0,"max_hp_gain":0,"max_hp_loss":0,"event_name":"Masked Bandits","floor":19,"gold_loss":0},{"damage_healed":0,"gold_gain":99,"player_choice":"Stole From Cult","damage_taken":0,"max_hp_gain":0,"max_hp_loss":0,"event_name":"Nest","floor":22,"gold_loss":0},{"damage_healed":0,"gold_gain":0,"player_choice":"Became a Ghost","damage_taken":0,"max_hp_gain":0,"max_hp_loss":39,"event_name":"Ghosts","floor":31,"gold_loss":0,"cards_obtained":["Ghostly","Ghostly","Ghostly","Ghostly","Ghostly"]}],"is_beta":false,"boss_relics":[{"not_picked":["Ring of the Serpent","Velvet Choker"],"picked":"WristBlade"}],"items_purged_floors":[3],"is_endless":false,"potions_floor_spawned":[1,2,7,8,14,19,27,28,30],"killed_by":"Automaton","ascension_level":1}