{"gold_per_floor":[118,118,118,128,128,154,154,181,181,207,207,207,226,239,239,341,341,361,361,286,301,301,301,401,401,447,478,478,488,488,506,506,506],"floor_reached":33,"playtime":1659,"items_purged":["Strike_R"],"score":311,"play_id":"0bd5bf73-0cd7-4d09-8264-0e1b6820c056","local_time":"20181111032426","is_ascension_mode":true,"campfire_choices":[{"floor":7,"key":"REST"},{"floor":11,"key":"REST"},{"data":"Disarm","floor":15,"key":"SMITH"},{"data":"RitualDagger","floor":23,"key":"SMITH"},{"floor":25,"key":"REST"},{"floor":28,"key":"REST"},{"floor":32,"key":"REST"}],"neow_cost":"NONE","seed_source_timestamp":2778157225714680,"circlet_count":0,"master_deck":["Strike_R","Strike_R+1","Strike_R","Defend_R+1","Defend_R","Defend_R","Defend_R","Bash","Shrug It Off","Disarm+1","Demon Form","RitualDagger+1","Flame Barrier+1","Disarm+1"],"relics":["Burning Blood","NeowsBlessing","Letter Opener","Happy Flower","Champion Belt","Toxic Egg 2","Odd Mushroom","Lizard Tail","Pantograph","WingedGreaves","Mercury Hourglass","Strawberry","Dream Catcher"],"potions_floor_usage":[8,8,8,16,16,24,24,27,29,33],"damage_taken":[{"damage":0,"enemies":"2 Louse","floor":1,"turns":1},{"damage":0,"enemies":"Cultist","floor":4,"turns":1},{"damage":0,"enemies":"3 Sentries","floor":6,"turns":2},{"damage":11,"enemies":"Lagavulin","floor":8,"turns":10},{"damage":21,"enemies":"The Mushroom Lair","floor":10,"turns":7},{"damage":0,"enemies":"Small Slimes","floor":13,"turns":4},{"damage":13,"enemies":"2 Fungi Beasts","floor":14,"turns":4},{"damage":54,"enemies":"The Guardian","floor":16,"turns":9},{"damage":2,"enemies":"Shell Parasite","floor":18,"turns":7},{"damage":9,"enemies":"Chosen","floor":21,"turns":8},{"damage":34,"enemies":"Colosseum Slavers","floor":24,"turns":6},{"damage":71,"enemies":"Colosseum Nobs","floor":24,"turns":7},{"damage":53,"enemies":"Slavers","floor":27,"turns":6},{"damage":4,"enemies":"Shelled Parasite and Fungi","floor":29,"turns":10},{"damage":4,"enemies":"Snecko","floor":31,"turns":4},{"damage":115,"enemies":"Automaton","floor":33,"turns":12}],"seed_played":"6227973255158583907","potions_obtained":[{"floor":3,"key":"EntropicBrew"},{"floor":3,"key":"SpeedPotion"},{"floor":3,"key":"Weak Potion"},{"floor":16,"key":"FairyPotion"},{"floor":21,"key":"EssenceOfSteel"},{"floor":24,"key":"Strength Potion"},{"floor":27,"key":"BloodPotion"},{"floor":31,"key":"EssenceOfSteel"}],"is_trial":false,"path_per_floor":["M","?","?","M","?","E","R","E","T","?","R","?","M","M","R","B",null,"M","T","$","M","?","R","?","R","T","E","R","M","?","M","R","B"],"character_chosen":"IRONCLAD","items_purchased":[],"campfire_rested":5,"item_purchase_floors":[],"current_hp_per_floor":[80,64,64,70,45,51,75,70,70,55,79,79,80,73,73,25,80,80,80,80,77,71,71,34,58,65,18,44,54,54,56,82,0],"gold":506,"neow_bonus":"THREE_ENEMY_KILL","is_prod":false,"is_daily":false,"chose_seed":false,"campfire_upgraded":2,"win_rate":0,"timestamp":1541928266,"path_taken":["M","?","?","?","?","E","R","E","T","?","R","?","M","?","R","BOSS","M","?","$","M","?","R","?","R","T","E","R","M","?","?","R","BOSS"],"build_version":"2018-11-08","purchased_purges":1,"victory":false,"max_hp_per_floor":[80,80,80,80,80,80,80,80,80,80,80,80,80,80,80,80,80,80,80,80,80,80,80,80,80,87,87,87,87,87,87,87,87],"card_choices":[{"not_picked":["Body Slam","Intimidate"],"picked":"Shrug It Off","floor":1},{"not_picked":["Warcry","Infernal Blade"],"picked":"Disarm","floor":4},{"not_picked":["Clothesline","Burning Pact","Wild Strike"],"picked":"SKIP","floor":6},{"not_picked":["Rupture","Cleave","Body Slam"],"picked":"SKIP","floor":8},{"not_picked":["Searing Blow","Iron Wave","Flex+1"],"picked":"SKIP","floor":13},{"not_picked":["Double Tap+1","Twin Strike","Hemokinesis"],"picked":"SKIP","floor":14},{"not_picked":["Offering+1","Brutality"],"picked":"Demon Form","floor":16},{"not_picked":["Twin Strike","Heavy Blade+1","Iron Wave"],"picked":"SKIP","floor":18},{"not_picked":["Combust","True Grit+1","Evolve"],"picked":"SKIP","floor":21},{"not_picked":["Clothesline","Hemokinesis"],"picked":"Flame Barrier+1","floor":27},{"not_picked":["Anger","Sword Boomerang","Heavy Blade"],"picked":"SKIP","floor":29},{"not_picked":["Twin Strike+1","Cleave+1","Rage+1"],"picked":"SKIP","floor":31},{"not_picked":["Berserk","Havoc+1"],"picked":"Disarm+1","floor":32}],"player_experience":107915,"relics_obtained":[{"floor":6,"key":"Happy Flower"},{"floor":8,"key":"Champion Belt"},{"floor":9,"key":"Toxic Egg 2"},{"floor":10,"key":"Odd Mushroom"},{"floor":19,"key":"Pantograph"},{"floor":24,"key":"WingedGreaves"},{"floor":24,"key":"Mercury Hourglass"},{"floor":26,"key":"Strawberry"},{"floor":27,"key":"Dream Catcher"}],"event_choices":[{"damage_healed":0,"gold_gain":0,"player_choice":"Entered Light","damage_taken":16,"max_hp_gain":0,"max_hp_loss":0,"event_name":"Shining Light","floor":2,"gold_loss":0,"cards_upgraded":["Strike_R","Defend_R"]},{"damage_healed":0,"gold_gain":0,"player_choice":"Got Potions","damage_taken":0,"max_hp_gain":0,"max_hp_loss":0,"event_name":"Lab","floor":3,"gold_loss":0},{"damage_healed":0,"gold_gain":0,"player_choice":"Success","damage_taken":25,"relics_obtained":["Letter Opener"],"max_hp_gain":0,"max_hp_loss":0,"event_name":"Scrap Ooze","floor":5,"gold_loss":0},{"damage_healed":0,"gold_gain":0,"player_choice":"Fought Mushrooms","damage_taken":0,"max_hp_gain":0,"max_hp_loss":0,"event_name":"Mushrooms","floor":10,"gold_loss":0},{"cards_removed":["Strike_R"],"damage_healed":0,"gold_gain":0,"player_choice":"Purged","damage_taken":0,"max_hp_gain":0,"max_hp_loss":0,"event_name":"Purifier","floor":12,"gold_loss":0},{"damage_healed":0,"gold_gain":0,"player_choice":"Joined the Cult","damage_taken":6,"max_hp_gain":0,"max_hp_loss":0,"event_name":"Nest","floor":22,"gold_loss":0,"cards_obtained":["RitualDagger"]},{"damage_healed":0,"gold_gain":0,"player_choice":"Fight","damage_taken":0,"max_hp_gain":0,"max_hp_loss":0,"event_name":"Colosseum","floor":24,"gold_loss":0},{"damage_healed":0,"gold_gain":0,"player_choice":"Fought Nobs","damage_taken":0,"max_hp_gain":0,"max_hp_loss":0,"event_name":"Colosseum","floor":24,"gold_loss":0},{"damage_healed":0,"gold_gain":0,"player_choice":"Bought 0 Potions","damage_taken":0,"max_hp_gain":0,"max_hp_loss":0,"event_name":"The Woman in Blue","floor":30,"gold_loss":0}],"is_beta":false,"boss_relics":[{"not_picked":["Empty Cage","Philosopher\u0027s Stone"],"picked":"Lizard Tail"}],"items_purged_floors":[20],"is_endless":false,"potions_floor_spawned":[4,6,10,16,21,24,27,31],"killed_by":"Automaton","ascension_level":1}