{"gold_per_floor":[213,213,213,138,157,157,173,173,173,128,163,163,173,191,191,191],"floor_reached":16,"playtime":891,"items_purged":["Strike_R"],"score":115,"play_id":"8e085a4e-91f8-4111-8477-22cbea8c8e9a","local_time":"20181121104336","is_ascension_mode":true,"campfire_choices":[{"floor":6,"key":"RECALL"},{"data":"Battle Trance","floor":8,"key":"SMITH"},{"floor":15,"key":"REST"}],"neow_cost":"NONE","seed_source_timestamp":582025640847652,"circlet_count":0,"master_deck":["Strike_R","Strike_R","Strike_R","Strike_R","Defend_R","Defend_R","Defend_R","Defend_R","Shrug It Off","Battle Trance+1","Uppercut","Shrug It Off"],"relics":["Burning Blood","Bag of Preparation"],"potions_floor_usage":[11,13,16],"damage_taken":[{"damage":3,"enemies":"Jaw Worm","floor":1,"turns":6},{"damage":1,"enemies":"Small Slimes","floor":5,"turns":5},{"damage":4,"enemies":"Cultist","floor":7,"turns":6},{"damage":0,"enemies":"Looter","floor":10,"turns":5},{"damage":70,"enemies":"Lagavulin","floor":11,"turns":7},{"damage":13,"enemies":"Gremlin Gang","floor":13,"turns":10},{"damage":7,"enemies":"Exordium Wildlife","floor":14,"turns":5},{"damage":49,"enemies":"The Guardian","floor":16,"turns":22}],"seed_played":"-1959098023310982030","potions_obtained":[{"floor":7,"key":"Fire Potion"},{"floor":11,"key":"Regen Potion"},{"floor":14,"key":"Strength Potion"}],"is_trial":false,"path_per_floor":["M","?","?","$","M","R","M","R","T","M","E","?","M","M","R","B"],"character_chosen":"IRONCLAD","items_purchased":[],"campfire_rested":1,"item_purchase_floors":[],"current_hp_per_floor":[80,80,80,80,80,80,80,80,80,80,16,16,24,23,47,0],"gold":191,"neow_bonus":"HUNDRED_GOLD","is_prod":false,"is_daily":false,"chose_seed":false,"campfire_upgraded":1,"win_rate":0,"timestamp":1542818616,"path_taken":["M","?","?","$","M","R","?","R","T","M","E","?","M","M","R","BOSS"],"build_version":"2018-11-15","purchased_purges":1,"victory":false,"max_hp_per_floor":[80,80,80,80,80,80,80,80,80,80,80,80,80,80,80,80],"card_choices":[{"not_picked":["Havoc","Clash"],"picked":"Shrug It Off","floor":1},{"not_picked":["Wild Strike","True Grit","Fiend Fire"],"picked":"SKIP","floor":5},{"not_picked":["Clash","Spot Weakness"],"picked":"Battle Trance","floor":7},{"not_picked":["Cleave","True Grit"],"picked":"Uppercut","floor":10},{"not_picked":["Ghostly Armor","Heavy Blade"],"picked":"Shrug It Off","floor":11},{"not_picked":["Corruption","Evolve","Seeing Red"],"picked":"SKIP","floor":13},{"not_picked":["Bloodletting","Pommel Strike","Sword Boomerang"],"picked":"SKIP","floor":14}],"player_experience":468025,"relics_obtained":[{"floor":11,"key":"Bag of Preparation"}],"event_choices":[{"damage_healed":0,"gold_gain":0,"player_choice":"Ignored","damage_taken":0,"max_hp_gain":0,"max_hp_loss":0,"event_name":"Liars Game","floor":2,"gold_loss":0},{"cards_removed":["Bash"],"damage_healed":0,"gold_gain":0,"player_choice":"Purged","damage_taken":0,"max_hp_gain":0,"max_hp_loss":0,"event_name":"Purifier","floor":3,"gold_loss":0},{"damage_healed":0,"gold_gain":0,"player_choice":"Bought 0 Potions","damage_taken":0,"max_hp_gain":0,"max_hp_loss":0,"event_name":"The Woman in Blue","floor":12,"gold_loss":0}],"is_beta":false,"boss_relics":[],"items_purged_floors":[4],"is_endless":false,"potions_floor_spawned":[7,11,14],"killed_by":"The Guardian","ascension_level":3}