{"gold_per_floor":[111,123,137,62,74,109,98,98,98,98,108,119,119,119],"floor_reached":14,"playtime":588,"items_purged":["Strike_R"],"score":106,"play_id":"a99b94bd-0599-4486-b709-6658bfe8a08c","local_time":"20181129204856","is_ascension_mode":true,"campfire_choices":[{"floor":10,"key":"RECALL"},{"floor":13,"key":"REST"}],"neow_cost":"TEN_PERCENT_HP_LOSS","seed_source_timestamp":446362278693133,"circlet_count":0,"master_deck":["Strike_R","Strike_R","Strike_R","Defend_R","Defend_R","Defend_R","Defend_R","Rampage","Dual Wield","Whirlwind","Shrug It Off","Shockwave"],"relics":["Burning Blood","MawBank"],"potions_floor_usage":[6,14],"damage_taken":[{"damage":16,"enemies":"Cultist","floor":1,"turns":4},{"damage":4,"enemies":"Jaw Worm","floor":2,"turns":4},{"damage":7,"enemies":"2 Louse","floor":3,"turns":3},{"damage":0,"enemies":"Large Slime","floor":5,"turns":5},{"damage":76,"enemies":"Lagavulin","floor":6,"turns":7},{"damage":4,"enemies":"3 Louse","floor":11,"turns":2},{"damage":13,"enemies":"Red Slaver","floor":12,"turns":7},{"damage":30,"enemies":"3 Sentries","floor":14,"turns":4}],"seed_played":"2313199590702156817","potions_obtained":[{"floor":1,"key":"Regen Potion"},{"floor":12,"key":"FearPotion"}],"is_trial":false,"path_per_floor":["M","M","M","$","M","E","$","?","T","R","M","M","R","E"],"character_chosen":"IRONCLAD","items_purchased":["Shrug It Off"],"campfire_rested":1,"item_purchase_floors":[7],"current_hp_per_floor":[62,64,63,63,69,13,13,13,13,13,15,8,29,0],"gold":119,"neow_bonus":"TRANSFORM_TWO_CARDS","is_prod":false,"is_daily":false,"chose_seed":false,"campfire_upgraded":0,"win_rate":0,"timestamp":1543546136,"path_taken":["M","?","M","$","M","E","$","?","T","R","?","M","R","E"],"build_version":"2018-11-15","purchased_purges":1,"victory":false,"max_hp_per_floor":[72,72,72,72,72,72,72,72,72,72,72,72,72,72],"card_choices":[{"not_picked":["Entrench","Cleave"],"picked":"Whirlwind","floor":1},{"not_picked":["Cleave","Anger","Heavy Blade"],"picked":"SKIP","floor":2},{"not_picked":["Rage","Combust","Warcry"],"picked":"SKIP","floor":3},{"not_picked":["Anger","Seeing Red","Pommel Strike"],"picked":"SKIP","floor":5},{"not_picked":["Carnage","Combust","Cleave"],"picked":"SKIP","floor":6},{"not_picked":["Evolve","Sword Boomerang"],"picked":"Shockwave","floor":11},{"not_picked":["Anger","Wild Strike","Dual Wield"],"picked":"SKIP","floor":12}],"player_experience":578940,"relics_obtained":[{"floor":6,"key":"MawBank"}],"event_choices":[{"damage_healed":0,"gold_gain":0,"player_choice":"Bought 0 Potions","damage_taken":0,"max_hp_gain":0,"max_hp_loss":0,"event_name":"The Woman in Blue","floor":8,"gold_loss":0}],"is_beta":false,"boss_relics":[],"items_purged_floors":[4],"is_endless":false,"potions_floor_spawned":[1,12],"killed_by":"3 Sentries","ascension_level":3}