{"gold_per_floor":[114,129,129,144,159,159,189,219,294,309,324,163,178,208,208,308,308,323,338,238,253,31,31,31,46,46,61,61,61,76,106,106,206,206,221,236,236,236,24,24,39,39,39,54,54,69,84,99,99,99],"floor_reached":50,"playtime":5554,"items_purged":["Strike_B","Defend_B","Defend_B"],"score":530,"play_id":"e0943134-093c-43d3-a7a7-8b5f8bfd46c2","local_time":"20181224011940","daily_mods":["Specialized","Red Cards","DeadlyEvents"],"is_ascension_mode":false,"campfire_choices":[{"floor":6,"key":"REST"},{"data":"Self Repair","floor":15,"key":"SMITH"},{"data":"Multi-Cast","floor":23,"key":"SMITH"},{"data":"Defragment","floor":28,"key":"SMITH"},{"floor":32,"key":"REST"},{"data":"Apotheosis","floor":40,"key":"SMITH"},{"floor":49,"key":"REST"}],"neow_cost":"","seed_source_timestamp":0,"circlet_count":0,"master_deck":["Strike_B","Strike_B","Strike_B","Defend_B","Zap","Dualcast","Genetic Algorithm","Genetic Algorithm","Genetic Algorithm","Genetic Algorithm","Genetic Algorithm","Ball Lightning","Ball Lightning","Self Repair","Battle Trance","Self Repair+1","Beam Cell","Mind Blast","Redo","Multi-Cast+1","Battle Trance","Body Slam+1","Stack+1","Conserve Battery","Spot Weakness","Defragment+1","Headbutt","Anger","Self Repair","Clothesline+1","Whirlwind","Doubt","Apotheosis+1","Rebound","Entrench+1","Doubt","Headbutt+1","Doubt","Parasite"],"special_seed":17888,"relics":["Cracked Core","Torii","Blue Candle","Ice Cream","Runic Dome","Blood Vial","Nilry\u0027s Codex","Pantograph","Cursed Key","Thread and Needle","Meat on the Bone","Letter Opener"],"potions_floor_usage":[10,16,31,33,47,47,50],"damage_taken":[{"damage":11,"enemies":"Small Slimes","floor":1,"turns":6},{"damage":0,"enemies":"2 Louse","floor":2,"turns":8},{"damage":0,"enemies":"Cultist","floor":4,"turns":3},{"damage":5,"enemies":"Looter","floor":5,"turns":4},{"damage":5,"enemies":"Gremlin Nob","floor":7,"turns":4},{"damage":0,"enemies":"Exordium Wildlife","floor":10,"turns":4},{"damage":0,"enemies":"Blue Slaver","floor":11,"turns":4},{"damage":0,"enemies":"3 Louse","floor":13,"turns":4},{"damage":21,"enemies":"3 Sentries","floor":14,"turns":7},{"damage":8,"enemies":"Slime Boss","floor":16,"turns":10},{"damage":10,"enemies":"2 Thieves","floor":18,"turns":4},{"damage":0,"enemies":"3 Byrds","floor":19,"turns":5},{"damage":1,"enemies":"Centurion and Healer","floor":21,"turns":7},{"damage":15,"enemies":"Snecko","floor":25,"turns":4},{"damage":19,"enemies":"Chosen and Byrds","floor":27,"turns":7},{"damage":0,"enemies":"Snake Plant","floor":30,"turns":4},{"damage":32,"enemies":"Slavers","floor":31,"turns":4},{"damage":60,"enemies":"Collector","floor":33,"turns":8},{"damage":0,"enemies":"Orb Walker","floor":35,"turns":1},{"damage":24,"enemies":"3 Darklings","floor":36,"turns":5},{"damage":3,"enemies":"4 Shapes","floor":41,"turns":3},{"damage":16,"enemies":"Sphere and 2 Shapes","floor":44,"turns":4},{"damage":20,"enemies":"Transient","floor":46,"turns":5},{"damage":8,"enemies":"Writhing Mass","floor":47,"turns":5},{"damage":30,"enemies":"Spire Growth","floor":48,"turns":4},{"damage":86,"enemies":"Time Eater","floor":50,"turns":12}],"seed_played":"8723838574569738349","potions_obtained":[{"floor":2,"key":"Energy Potion"},{"floor":10,"key":"Fruit Juice"},{"floor":13,"key":"Block Potion"},{"floor":14,"key":"SteroidPotion"},{"floor":18,"key":"Fire Potion"},{"floor":21,"key":"Block Potion"},{"floor":35,"key":"EssenceOfSteel"},{"floor":47,"key":"Fruit Juice"}],"is_trial":false,"path_per_floor":["M","M","?","M","M","R","E","?","T","M","M","$","M","E","R","B",null,"M","M","$","M","$","R","$","M","T","M","R","?","M","E","R","B",null,"M","M","?","T","$","R","M","$","T","M","T","M","M","M","R","B"],"character_chosen":"DEFECT","items_purchased":["Mind Blast","Conserve Battery","Spot Weakness","Apotheosis","Rebound"],"campfire_rested":3,"item_purchase_floors":[12,22,22,39,39],"current_hp_per_floor":[64,64,57,57,59,75,75,75,75,80,80,80,80,73,73,65,80,80,80,80,80,80,80,80,72,72,62,62,46,65,45,69,20,80,80,63,63,63,63,63,62,62,62,58,58,59,68,59,84,0],"gold":99,"neow_bonus":"","is_prod":false,"is_daily":true,"chose_seed":false,"campfire_upgraded":4,"win_rate":0.0,"timestamp":1545610780,"path_taken":["M","M","?","M","M","R","E","?","T","?","M","$","M","?","R","BOSS","M","M","$","M","$","R","$","M","T","M","R","?","M","E","R","BOSS","M","M","?","?","$","R","M","$","T","M","?","M","M","M","R","BOSS"],"build_version":"2018-12-20","purchased_purges":3,"victory":false,"max_hp_per_floor":[75,75,75,75,75,75,75,75,75,80,80,80,80,80,80,80,80,80,80,80,80,80,80,80,80,80,80,80,80,80,80,80,80,80,80,80,80,80,80,80,80,80,80,80,80,80,85,85,85,85],"card_choices":[{"not_picked":["Sentinel","Anger"],"picked":"Ball Lightning","floor":1},{"not_picked":["Reprogram","Bloodletting"],"picked":"Ball Lightning","floor":2},{"not_picked":["Combust","Hologram"],"picked":"Self Repair","floor":4},{"not_picked":["Scrape","Combust","Inflame"],"picked":"SKIP","floor":5},{"not_picked":["Heatsinks","Perfected Strike"],"picked":"Battle Trance","floor":7},{"not_picked":["Cold Snap","Amplify"],"picked":"Self Repair","floor":10},{"not_picked":["Shrug It Off","Fusion"],"picked":"Beam Cell","floor":11},{"not_picked":["Streamline","Scrape","Cold Snap"],"picked":"SKIP","floor":13},{"not_picked":["Fission","Shrug It Off"],"picked":"Redo","floor":14},{"not_picked":["Reboot","Fission"],"picked":"Multi-Cast","floor":16},{"not_picked":["Havoc","Inflame"],"picked":"Battle Trance","floor":18},{"not_picked":["Sweeping Beam","Fire Breathing+1"],"picked":"Body Slam+1","floor":19},{"not_picked":["Coolheaded","Dropkick"],"picked":"Stack+1","floor":21},{"not_picked":["Compile Driver+1","Entrench"],"picked":"Defragment","floor":25},{"not_picked":["Go for the Eyes+1","Gash+1"],"picked":"Headbutt","floor":27},{"not_picked":["Rebound","Berserk"],"picked":"Anger","floor":30},{"not_picked":["Rupture","Sever Soul+1"],"picked":"Self Repair","floor":31},{"not_picked":["Biased Cognition","Reboot"],"picked":"Buffer","floor":33},{"not_picked":["Cold Snap+1","Force Field"],"picked":"Clothesline+1","floor":35},{"not_picked":["Chill+1","Spot Weakness"],"picked":"Whirlwind","floor":36},{"not_picked":["Burning Pact","Rupture"],"picked":"Entrench+1","floor":41},{"not_picked":["Force Field+1","Shrug It Off+1"],"picked":"Headbutt+1","floor":44},{"not_picked":["Barrage+1","Fission","True Grit"],"picked":"SKIP","floor":46},{"not_picked":["Havoc+1","Defragment","Wild Strike"],"picked":"SKIP","floor":47},{"not_picked":["Chill","Clash","Cleave"],"picked":"SKIP","floor":48}],"player_experience":71517,"relics_obtained":[{"floor":7,"key":"Torii"},{"floor":9,"key":"Blue Candle"},{"floor":14,"key":"Ice Cream"},{"floor":26,"key":"Blood Vial"},{"floor":29,"key":"Nilry\u0027s Codex"},{"floor":31,"key":"Pantograph"},{"floor":38,"key":"Thread and Needle"},{"floor":43,"key":"Meat on the Bone"},{"floor":45,"key":"Letter Opener"}],"event_choices":[{"cards_removed":["Defend_B"],"damage_healed":0,"gold_gain":0,"player_choice":"Card Removal","damage_taken":7,"max_hp_gain":0,"max_hp_loss":0,"event_name":"Golden Wing","floor":3,"gold_loss":0},{"damage_healed":0,"gold_gain":30,"player_choice":"Searched \u00271\u0027 times","damage_taken":0,"max_hp_gain":0,"max_hp_loss":0,"event_name":"Dead Adventurer","floor":8,"gold_loss":0},{"damage_healed":0,"gold_gain":0,"player_choice":"Obtained Book","damage_taken":16,"max_hp_gain":0,"max_hp_loss":0,"event_name":"Cursed Tome","floor":29,"gold_loss":0},{"cards_removed":["Buffer"],"damage_healed":0,"gold_gain":0,"player_choice":"Removed Power","damage_taken":0,"max_hp_gain":0,"max_hp_loss":0,"event_name":"Falling","floor":37,"gold_loss":0}],"is_beta":false,"boss_relics":[{"not_picked":["White Beast Statue","Calling Bell"],"picked":"Runic Dome"},{"not_picked":["Busted Crown","Snecko Eye"],"picked":"Cursed Key"}],"items_purged_floors":[12,20,22],"is_endless":false,"potions_floor_spawned":[2,10,13,14,18,21,30,35,47],"killed_by":"Time Eater","ascension_level":0}