{"gold_per_floor":[119,137,137,147,162,197,217,217,217,197,223,223,223,240,240,342,342,362,16,16,30,46,46,46],"floor_reached":24,"playtime":3117,"items_purged":[],"score":208,"play_id":"5015b9ec-144a-450d-bc04-66d11dd9b565","local_time":"20190228190152","is_ascension_mode":false,"campfire_choices":[{"floor":12,"key":"REST"},{"floor":15,"key":"REST"},{"data":"Searing Blow","floor":23,"key":"SMITH"}],"neow_cost":"","seed_source_timestamp":527334189447763,"circlet_count":0,"master_deck":["Strike_R","Strike_R","Strike_R","Strike_R","Defend_R","Defend_R","Defend_R","Defend_R","Bash","Armaments","Headbutt","Pommel Strike","Juggernaut","Seeing Red+1","Warcry","Bludgeon","Iron Wave","Juggernaut","Searing Blow+1","Apotheosis","Perfected Strike","Flex"],"relics":["Burning Blood","Bronze Scales","Darkstone Periapt","Matryoshka","Black Star","Blood Vial"],"potions_floor_usage":[6,11,11,22,24,24],"damage_taken":[{"damage":10,"enemies":"Small Slimes","floor":1,"turns":4},{"damage":3,"enemies":"2 Louse","floor":2,"turns":4},{"damage":1,"enemies":"Cultist","floor":4,"turns":3},{"damage":16,"enemies":"3 Louse","floor":5,"turns":4},{"damage":29,"enemies":"Lagavulin","floor":6,"turns":8},{"damage":12,"enemies":"Looter","floor":7,"turns":4},{"damage":26,"enemies":"3 Sentries","floor":11,"turns":7},{"damage":20,"enemies":"Exordium Wildlife","floor":14,"turns":3},{"damage":46,"enemies":"The Guardian","floor":16,"turns":9},{"damage":29,"enemies":"Spheric Guardian","floor":18,"turns":5},{"damage":6,"enemies":"Chosen","floor":21,"turns":4},{"damage":12,"enemies":"Snecko","floor":22,"turns":4},{"damage":75,"enemies":"Slavers","floor":24,"turns":5}],"seed_played":"-2216486410932567261","potions_obtained":[{"floor":4,"key":"EntropicBrew"},{"floor":5,"key":"Weak Potion"},{"floor":6,"key":"AttackPotion"},{"floor":11,"key":"BloodPotion"},{"floor":22,"key":"Weak Potion"}],"is_trial":false,"path_per_floor":["M","M","?","M","M","E","M","?","T","?","E","R","?","M","R","B",null,"M","$","?","M","M","R","E"],"character_chosen":"IRONCLAD","items_purchased":["Blood Vial","Apotheosis"],"campfire_rested":2,"item_purchase_floors":[19,19],"current_hp_per_floor":[76,79,84,85,75,52,46,46,46,46,26,51,51,37,62,22,85,62,62,62,64,60,60,0],"gold":46,"neow_bonus":"","is_prod":false,"is_daily":false,"chose_seed":false,"campfire_upgraded":1,"win_rate":0.0,"timestamp":1551405712,"path_taken":["M","M","?","M","M","E","M","?","T","?","E","R","?","M","R","BOSS","M","$","?","M","?","R","E"],"build_version":"2019-01-23","purchased_purges":0,"victory":false,"max_hp_per_floor":[80,80,85,85,85,85,85,85,85,85,85,85,85,85,85,85,85,85,85,85,85,85,85,85],"card_choices":[{"not_picked":["True Grit","Combust"],"picked":"Armaments","floor":1},{"not_picked":["Body Slam","Clash"],"picked":"Headbutt","floor":2},{"not_picked":["Body Slam","Armaments"],"picked":"Pommel Strike","floor":4},{"not_picked":["Intimidate","Thunderclap"],"picked":"Juggernaut","floor":5},{"not_picked":["Warcry","Disarm"],"picked":"Seeing Red","floor":6},{"not_picked":["Sword Boomerang","Clash"],"picked":"Warcry","floor":7},{"not_picked":["Power Through","Body Slam"],"picked":"Bludgeon","floor":11},{"not_picked":["Rage","Headbutt"],"picked":"Iron Wave","floor":14},{"not_picked":["Demon Form","Feed"],"picked":"Juggernaut","floor":16},{"not_picked":["Clash","Combust+1"],"picked":"Searing Blow","floor":18},{"not_picked":["Corruption","Infernal Blade+1"],"picked":"Perfected Strike","floor":21},{"not_picked":["Anger","Sword Boomerang"],"picked":"Flex","floor":22}],"player_experience":0,"relics_obtained":[{"floor":6,"key":"Bronze Scales"},{"floor":9,"key":"Darkstone Periapt"},{"floor":11,"key":"Matryoshka"}],"event_choices":[{"damage_healed":0,"gold_gain":0,"player_choice":"Donut","damage_taken":0,"max_hp_gain":5,"max_hp_loss":0,"event_name":"Big Fish","floor":3,"gold_loss":0},{"damage_healed":0,"gold_gain":0,"player_choice":"Grow","damage_taken":0,"max_hp_gain":0,"max_hp_loss":0,"event_name":"Living Wall","floor":8,"gold_loss":0,"cards_upgraded":["Seeing Red"]},{"damage_healed":0,"gold_gain":0,"player_choice":"Left Gold","damage_taken":0,"max_hp_gain":0,"max_hp_loss":0,"event_name":"World of Goop","floor":10,"gold_loss":20},{"damage_healed":0,"gold_gain":0,"player_choice":"Ignored","damage_taken":0,"max_hp_gain":0,"max_hp_loss":0,"event_name":"Liars Game","floor":13,"gold_loss":0},{"cards_removed":["Strike_R"],"damage_healed":0,"gold_gain":0,"player_choice":"Purged","damage_taken":0,"max_hp_gain":0,"max_hp_loss":0,"event_name":"Purifier","floor":20,"gold_loss":0}],"is_beta":false,"boss_relics":[{"not_picked":["Snecko Eye","Orrery"],"picked":"Black Star"}],"items_purged_floors":[],"is_endless":false,"potions_floor_spawned":[4,5,6,11,22],"killed_by":"Slavers","ascension_level":0}