{"gold_per_floor":[111,128,143,143,0,0,18,33,33,33,49,49,61,26,26,26],"floor_reached":16,"playtime":408,"items_purged":["Strike_B"],"score":113,"play_id":"d23d8a25-e946-4fa5-a687-02fad869ec50","local_time":"20181229134649","is_ascension_mode":true,"campfire_choices":[{"data":"Dualcast","floor":6,"key":"SMITH"},{"data":"Scrape","floor":10,"key":"SMITH"},{"data":"Self Repair","floor":15,"key":"SMITH"}],"neow_cost":"NONE","seed_source_timestamp":68645765959800,"circlet_count":0,"master_deck":["Strike_B","Strike_B","Defend_B","Defend_B","Defend_B","Zap+1","Dualcast+1","Blizzard","Melter","Scrape+1","Consume","Beam Cell","Gash","Beam Cell","Reprogram","Self Repair+1"],"relics":["Cracked Core","Shuriken"],"potions_floor_usage":[16,16,16],"damage_taken":[{"damage":2,"enemies":"Jaw Worm","floor":1,"turns":3},{"damage":1,"enemies":"Cultist","floor":2,"turns":4},{"damage":7,"enemies":"2 Louse","floor":3,"turns":2},{"damage":19,"enemies":"Lots of Slimes","floor":7,"turns":4},{"damage":0,"enemies":"3 Louse","floor":8,"turns":2},{"damage":10,"enemies":"Large Slime","floor":11,"turns":3},{"damage":17,"enemies":"Lots of Slimes","floor":13,"turns":3},{"damage":56,"enemies":"The Guardian","floor":16,"turns":7}],"seed_played":"5328453509561843936","potions_obtained":[{"floor":3,"key":"Regen Potion"},{"floor":7,"key":"Swift Potion"},{"floor":11,"key":"EssenceOfSteel"}],"is_trial":false,"path_per_floor":["M","M","M","?","$","R","M","M","T","R","M","?","M","?","R","B"],"character_chosen":"DEFECT","items_purchased":["Consume"],"campfire_rested":0,"item_purchase_floors":[5],"current_hp_per_floor":[73,72,65,65,65,65,46,46,46,46,36,36,19,37,37,0],"gold":26,"neow_bonus":"REMOVE_CARD","is_prod":false,"is_daily":false,"chose_seed":false,"campfire_upgraded":3,"win_rate":0,"timestamp":1546062409,"path_taken":["M","M","M","?","$","R","M","?","T","R","M","?","?","?","R","BOSS"],"build_version":"2018-12-20","purchased_purges":1,"victory":false,"max_hp_per_floor":[75,75,75,75,75,75,75,75,75,75,75,75,75,75,75,75],"card_choices":[{"not_picked":["Steam","White Noise"],"picked":"Blizzard","floor":1},{"not_picked":["Stack","Leap"],"picked":"Melter","floor":2},{"not_picked":["Tempest","Fusion"],"picked":"Scrape","floor":3},{"not_picked":["FTL","Aggregate"],"picked":"Beam Cell","floor":7},{"not_picked":["Conserve Battery","Coolheaded"],"picked":"Gash","floor":8},{"not_picked":["Cold Snap","Tempest"],"picked":"Beam Cell","floor":11},{"not_picked":["Skim","Multi-Cast"],"picked":"Self Repair","floor":13}],"player_experience":547845,"relics_obtained":[{"floor":9,"key":"Shuriken"}],"event_choices":[{"damage_healed":0,"gold_gain":0,"player_choice":"Upgraded","damage_taken":0,"max_hp_gain":0,"max_hp_loss":0,"event_name":"Upgrade Shrine","floor":4,"gold_loss":0,"cards_upgraded":["Zap"]},{"damage_healed":0,"gold_gain":0,"cards_transformed":["Defend_B"],"player_choice":"Transformed","damage_taken":0,"max_hp_gain":0,"max_hp_loss":0,"event_name":"Transmorgrifier","floor":12,"gold_loss":0,"cards_obtained":["Reprogram"]},{"damage_healed":18,"gold_gain":0,"player_choice":"Healed","damage_taken":0,"max_hp_gain":0,"max_hp_loss":0,"event_name":"The Cleric","floor":14,"gold_loss":35}],"is_beta":false,"boss_relics":[],"items_purged_floors":[5],"is_endless":false,"potions_floor_spawned":[3,7,11],"killed_by":"The Guardian","ascension_level":4}