{"gold_per_floor":[362,381,48,62,78,78,90,90,90,419,223,223,234,254,254,350,350,361,82,52],"floor_reached":20,"playtime":1232,"items_purged":["Defend_G","Strike_G","Strike_G"],"score":211,"play_id":"e8daefaa-b43c-4709-b29b-60034828c2d0","local_time":"20180924201533","is_ascension_mode":true,"campfire_choices":[{"data":"Footwork","floor":6,"key":"SMITH"},{"data":"Neutralize","floor":8,"key":"SMITH"},{"data":"Storm of Steel","floor":12,"key":"SMITH"},{"data":"Blade Dance","floor":15,"key":"SMITH"}],"neow_cost":"CURSE","seed_source_timestamp":0,"circlet_count":0,"master_deck":["Defend_G","Defend_G","Defend_G","Defend_G","Strike_G","Strike_G","Strike_G","Survivor","Neutralize+1","Parasite","Leg Sweep","Footwork+1","Blur","Flechettes","Backflip","Storm of Steel+1","Accuracy+1","Blade Dance+1","Infinite Blades+1","Dash","Corpse Explosion","Backstab","Envenom+1"],"special_seed":0,"relics":["Ring of the Snake","Kunai","Frozen Egg 2","Old Coin","HoveringKite"],"potions_floor_usage":[4,5,10],"damage_taken":[{"damage":0,"enemies":"Cultist","floor":1,"turns":4},{"damage":0,"enemies":"Jaw Worm","floor":2,"turns":6},{"damage":0,"enemies":"2 Louse","floor":4,"turns":2},{"damage":8,"enemies":"Exordium Thugs","floor":5,"turns":8},{"damage":9,"enemies":"Exordium Wildlife","floor":7,"turns":8},{"damage":22,"enemies":"Lagavulin","floor":10,"turns":12},{"damage":5,"enemies":"Blue Slaver","floor":13,"turns":4},{"damage":5,"enemies":"3 Louse","floor":14,"turns":4},{"damage":6,"enemies":"Hexaghost","floor":16,"turns":8},{"damage":6,"enemies":"Chosen","floor":18,"turns":6},{"damage":17,"enemies":"2 Thieves","floor":20,"turns":2}],"seed_played":"-6049771856147985000","potions_obtained":[{"floor":1,"key":"Explosive Potion"},{"floor":4,"key":"Fire Potion"},{"floor":5,"key":"AttackPotion"},{"floor":14,"key":"SmokeBomb"},{"floor":16,"key":"Ancient Potion"}],"is_trial":false,"path_per_floor":["M","M","$","M","M","R","M","R","T","E","$","R","M","M","R","B",null,"M","$"],"character_chosen":"THE_SILENT","items_purchased":["Kunai","Accuracy+1","Blade Dance","Envenom+1"],"campfire_rested":0,"item_purchase_floors":[3,11,11,19],"current_hp_per_floor":[70,70,70,70,62,62,53,53,53,31,31,31,26,21,21,15,70,64,64,47],"gold":52,"neow_bonus":"TWO_FIFTY_GOLD","is_prod":false,"is_daily":false,"chose_seed":false,"campfire_upgraded":4,"win_rate":0,"timestamp":1537794933,"path_taken":["M","M","$","M","M","R","M","R","T","E","$","R","?","M","R","BOSS","M","$","M"],"build_version":"2018-09-20","purchased_purges":3,"victory":false,"max_hp_per_floor":[70,70,70,70,70,70,70,70,70,70,70,70,70,70,70,70,70,70,70,70],"card_choices":[{"not_picked":["Accuracy","Acrobatics"],"picked":"Leg Sweep","floor":1},{"not_picked":["Sucker Punch","Underhanded Strike"],"picked":"Footwork","floor":2},{"not_picked":["Endless Agony","Acrobatics"],"picked":"Blur","floor":4},{"not_picked":["Skewer","Prepared"],"picked":"Flechettes","floor":5},{"not_picked":["Poisoned Stab","Dagger Spray"],"picked":"Backflip","floor":7},{"not_picked":["Acrobatics","Infinite Blades+1"],"picked":"Storm of Steel","floor":10},{"not_picked":["Underhanded Strike","Outmaneuver"],"picked":"Infinite Blades+1","floor":13},{"not_picked":["Prepared","Eviscerate"],"picked":"Dash","floor":14},{"not_picked":["Grand Finale","Phantasmal Killer"],"picked":"Corpse Explosion","floor":16},{"not_picked":["Bouncing Flask","Outmaneuver"],"picked":"Backstab","floor":18}],"player_experience":100342,"relics_obtained":[{"floor":9,"key":"Frozen Egg 2"},{"floor":10,"key":"Old Coin"}],"event_choices":[],"is_beta":false,"boss_relics":[{"not_picked":["Runic Dome","Philosopher\u0027s Stone"],"picked":"HoveringKite"}],"items_purged_floors":[3,11,19],"is_endless":false,"potions_floor_spawned":[1,4,5,14,16],"killed_by":"2 Thieves","ascension_level":4}