{"gold_per_floor":[116,116,116,291,1,1,1,1,1,21,21,21,45,66,66,66],"floor_reached":16,"playtime":437,"items_purged":["Regret"],"score":114,"play_id":"e3a59f29-6e36-43a2-b348-a8517d9225dd","local_time":"20190227192818","is_ascension_mode":true,"campfire_choices":[{"floor":6.0,"key":"DIG"},{"floor":8.0,"key":"DIG"},{"floor":11,"key":"DIG"},{"floor":15,"key":"DIG"}],"neow_cost":"NONE","seed_source_timestamp":0,"circlet_count":0,"master_deck":["Strike_R","Strike_R","Strike_R","Strike_R","Strike_R","Defend_R","Defend_R","Defend_R","Defend_R","Bash","Doubt"],"special_seed":0,"relics":["Burning Blood","Juzu Bracelet","Golden Idol","The Courier","Shovel","Anchor","Frozen Egg 2","Singing Bowl","Art of War","Dream Catcher"],"potions_floor_usage":[16],"damage_taken":[{"damage":6.0,"enemies":"Cultist","floor":1.0,"turns":4.0},{"damage":0,"enemies":"2 Louse","floor":10,"turns":2},{"damage":5,"enemies":"Small Slimes","floor":13,"turns":6},{"damage":5,"enemies":"2 Fungi Beasts","floor":14,"turns":4},{"damage":85,"enemies":"The Guardian","floor":16,"turns":12}],"seed_played":"631206287075950771","potions_obtained":[{"floor":10,"key":"GamblersBrew"}],"is_trial":false,"path_per_floor":["?","?","?","?","$"],"character_chosen":"IRONCLAD","items_purchased":["Shovel"],"campfire_rested":0,"item_purchase_floors":[5],"current_hp_per_floor":[72,72,72,72,72,72,72,72,72,76,76,76,78,80,80,0],"gold":66,"neow_bonus":"RANDOM_COMMON_RELIC","is_prod":false,"is_daily":false,"chose_seed":false,"campfire_upgraded":0,"win_rate":0,"timestamp":1551292098,"path_taken":["M","?","?","?","$","R","?","R","T","M","R","?","M","M","R","BOSS"],"build_version":"2019-01-23","purchased_purges":1,"victory":false,"max_hp_per_floor":[80,74,74,74,74,74,74,74,74,76,76,76,78,80,80,80],"card_choices":[{"not_picked":["Twin Strike","Clash","Anger"],"picked":"SKIP","floor":1.0},{"not_picked":["Blood for Blood","Rage","Iron Wave"],"picked":"Singing Bowl","floor":10},{"not_picked":["Intimidate","Headbutt","Evolve+1"],"picked":"Singing Bowl","floor":13},{"not_picked":["Anger","Cleave","Headbutt"],"picked":"Singing Bowl","floor":14}],"player_experience":227313,"relics_obtained":[{"floor":6.0,"key":"Anchor"},{"floor":8.0,"key":"Frozen Egg 2"},{"floor":9.0,"key":"Singing Bowl"},{"floor":11,"key":"Art of War"},{"floor":15,"key":"Dream Catcher"}],"event_choices":[{"damage_healed":0.0,"max_hp_gain":0.0,"max_hp_loss":6.0,"gold_gain":0.0,"event_name":"Golden Idol","player_choice":"Lose Max HP","floor":2.0,"gold_loss":0.0,"damage_taken":0.0,"relics_obtained":["Golden Idol"]},{"damage_healed":0.0,"max_hp_gain":0.0,"max_hp_loss":0.0,"gold_gain":0.0,"event_name":"Big Fish","player_choice":"Box","floor":3.0,"gold_loss":0.0,"damage_taken":0.0,"relics_obtained":["The Courier"],"cards_obtained":["Regret"]},{"damage_healed":0.0,"max_hp_gain":0.0,"max_hp_loss":0.0,"gold_gain":175.0,"event_name":"Liars Game","player_choice":"AGREE","floor":4.0,"gold_loss":0.0,"damage_taken":0.0,"cards_obtained":["Doubt"]},{"damage_healed":0.0,"max_hp_gain":0.0,"max_hp_loss":0.0,"gold_gain":0.0,"event_name":"The Cleric","player_choice":"Leave","floor":7.0,"gold_loss":0.0,"damage_taken":0.0}],"is_beta":false,"boss_relics":[],"items_purged_floors":[5],"is_endless":false,"potions_floor_spawned":[10],"killed_by":"The Guardian","ascension_level":6}