{"gold_per_floor":[114,129,144,159,73,73,73,88,163,178,208,223,223,238,238,338,338,353,368,202,217,117,117,64,79,79,94,94,94,124,124,124,224,224,239,254,254,254,47,47,47],"floor_reached":41,"playtime":3752,"items_purged":["Strike_B","Strike_B","Defend_B"],"score":465,"play_id":"0b3c9a2e-ae63-4f82-9304-c33d26694fb1","local_time":"20181223234631","daily_mods":["Specialized","Red Cards","DeadlyEvents"],"is_ascension_mode":false,"campfire_choices":[{"data":"Dark Shackles","floor":6,"key":"SMITH"},{"data":"Armaments","floor":13,"key":"SMITH"},{"data":"Electrodynamics","floor":15,"key":"SMITH"},{"floor":23,"key":"REST"},{"data":"Juggernaut","floor":28,"key":"SMITH"},{"floor":32,"key":"REST"},{"floor":40,"key":"REST"}],"neow_cost":"","seed_source_timestamp":0,"circlet_count":0,"master_deck":["Strike_B","Strike_B","Defend_B","Zap","Dualcast","Genetic Algorithm","Genetic Algorithm","Genetic Algorithm","Genetic Algorithm","Genetic Algorithm","Anger","Ball Lightning","Self Repair","Dark Shackles+1","Armaments+1","Fusion","Body Slam","Electrodynamics+1","Juggernaut+1","Battle Trance","Body Slam+1","Trip","Stack+1","Beam Cell","Defragment","Headbutt","Anger","Reinforced Body"],"special_seed":17888,"relics":["Cracked Core","Blue Candle","Torii","Runic Dome","Blood Vial","Ice Cream","Busted Crown"],"potions_floor_usage":[16,21,30,41,41],"damage_taken":[{"damage":5,"enemies":"Small Slimes","floor":1,"turns":3},{"damage":1,"enemies":"2 Louse","floor":2,"turns":4},{"damage":0,"enemies":"Cultist","floor":3,"turns":2},{"damage":2,"enemies":"Looter","floor":4,"turns":4},{"damage":8,"enemies":"Exordium Wildlife","floor":8,"turns":5},{"damage":7,"enemies":"Blue Slaver","floor":10,"turns":4},{"damage":25,"enemies":"Gremlin Nob","floor":11,"turns":5},{"damage":1,"enemies":"3 Louse","floor":12,"turns":5},{"damage":1,"enemies":"Lots of Slimes","floor":14,"turns":5},{"damage":31,"enemies":"Slime Boss","floor":16,"turns":8},{"damage":0,"enemies":"2 Thieves","floor":18,"turns":3},{"damage":0,"enemies":"3 Byrds","floor":19,"turns":3},{"damage":28,"enemies":"Centurion and Healer","floor":21,"turns":7},{"damage":1,"enemies":"Snecko","floor":25,"turns":6},{"damage":15,"enemies":"Chosen and Byrds","floor":27,"turns":4},{"damage":29,"enemies":"Slavers","floor":30,"turns":5},{"damage":2,"enemies":"Collector","floor":33,"turns":5},{"damage":12,"enemies":"Orb Walker","floor":35,"turns":4},{"damage":11,"enemies":"3 Darklings","floor":36,"turns":5},{"damage":81,"enemies":"Reptomancer","floor":41,"turns":2}],"seed_played":"8723838574569738349","potions_obtained":[{"floor":2,"key":"Energy Potion"},{"floor":8,"key":"SkillPotion"},{"floor":10,"key":"Block Potion"},{"floor":14,"key":"Fire Potion"},{"floor":18,"key":"SkillPotion"},{"floor":19,"key":"LiquidBronze"},{"floor":27,"key":"Ancient Potion"},{"floor":33,"key":"EssenceOfSteel"}],"is_trial":false,"path_per_floor":["M","M","M","M","$","R","?","M","T","M","E","M","R","M","R","B",null,"M","M","$","M","$","R","$","M","T","M","R","?","E","?","R","B",null,"M","M","?","?","$","R","E"],"character_chosen":"DEFECT","items_purchased":["Dark Shackles","Trip","Beam Cell","Reinforced Body"],"campfire_rested":3,"item_purchase_floors":[5,20,24,39],"current_hp_per_floor":[70,69,69,74,74,74,74,73,73,73,55,61,61,67,67,36,75,75,75,75,54,54,75,75,75,75,67,67,67,50,50,72,72,75,63,61,61,61,61,75,0],"gold":47,"neow_bonus":"","is_prod":false,"is_daily":true,"chose_seed":false,"campfire_upgraded":4,"win_rate":0.0,"timestamp":1545605191,"path_taken":["M","M","M","M","$","R","?","M","T","M","E","M","R","M","R","BOSS","M","M","$","M","$","R","$","M","T","M","R","?","E","?","R","BOSS","M","M","?","?","$","R","?"],"build_version":"2018-12-20","purchased_purges":3,"victory":false,"max_hp_per_floor":[75,75,75,75,75,75,75,75,75,75,75,75,75,75,75,75,75,75,75,75,75,75,75,75,75,75,75,75,75,75,75,75,75,75,75,75,75,75,75,75,75],"card_choices":[{"not_picked":["Ball Lightning","Sentinel"],"picked":"Anger","floor":1},{"not_picked":["Reprogram","Bloodletting"],"picked":"Ball Lightning","floor":2},{"not_picked":["Combust","Hologram"],"picked":"Self Repair","floor":3},{"not_picked":["Scrape","Combust","Inflame"],"picked":"SKIP","floor":4},{"not_picked":["Chill","Redo"],"picked":"Armaments","floor":8},{"not_picked":["Fire Breathing","Hello World"],"picked":"Fusion","floor":10},{"not_picked":["True Grit","Leap","Hologram"],"picked":"SKIP","floor":11},{"not_picked":["Redo","Blood for Blood"],"picked":"Body Slam","floor":12},{"not_picked":["Body Slam","Wild Strike"],"picked":"Electrodynamics","floor":14},{"not_picked":["Hyperbeam","Reboot"],"picked":"Juggernaut","floor":16},{"not_picked":["Havoc","Inflame"],"picked":"Battle Trance","floor":18},{"not_picked":["Sweeping Beam","Fire Breathing+1"],"picked":"Body Slam+1","floor":19},{"not_picked":["Coolheaded","Dropkick"],"picked":"Stack+1","floor":21},{"not_picked":["Compile Driver+1","Entrench"],"picked":"Defragment","floor":25},{"not_picked":["Go for the Eyes+1","Gash+1"],"picked":"Headbutt","floor":27},{"not_picked":["Rebound","Berserk"],"picked":"Anger","floor":30},{"not_picked":["Biased Cognition","Bludgeon"],"picked":"Brutality","floor":33},{"not_picked":["Cold Snap"],"picked":"SKIP","floor":35},{"not_picked":["Hologram"],"picked":"SKIP","floor":36}],"player_experience":67765,"relics_obtained":[{"floor":9,"key":"Blue Candle"},{"floor":11,"key":"Torii"},{"floor":26,"key":"Blood Vial"},{"floor":30,"key":"Ice Cream"}],"event_choices":[{"cards_removed":["Defend_B"],"damage_healed":0,"gold_gain":0,"player_choice":"Forget","damage_taken":0,"max_hp_gain":0,"max_hp_loss":0,"event_name":"Living Wall","floor":7,"gold_loss":0},{"damage_healed":0,"gold_gain":0,"player_choice":"Ignored","damage_taken":0,"max_hp_gain":0,"max_hp_loss":0,"event_name":"Ghosts","floor":29,"gold_loss":0},{"cards_removed":["Defend_B"],"damage_healed":0,"gold_gain":0,"player_choice":"Offered Basic","damage_taken":0,"max_hp_gain":0,"max_hp_loss":0,"event_name":"Bonfire Elementals","floor":31,"gold_loss":0},{"cards_removed":["Brutality"],"damage_healed":0,"gold_gain":0,"player_choice":"Removed Power","damage_taken":0,"max_hp_gain":0,"max_hp_loss":0,"event_name":"Falling","floor":37,"gold_loss":0},{"damage_healed":0,"gold_gain":0,"player_choice":"Ignored","damage_taken":0,"max_hp_gain":0,"max_hp_loss":0,"event_name":"Mysterious Sphere","floor":38,"gold_loss":0}],"is_beta":false,"boss_relics":[{"not_picked":["White Beast Statue","Calling Bell"],"picked":"Runic Dome"},{"not_picked":["Snecko Eye","Cursed Key"],"picked":"Busted Crown"}],"items_purged_floors":[20,22,39],"is_endless":false,"potions_floor_spawned":[2,8,10,11,14,18,19,27,33,36],"killed_by":"Reptomancer","ascension_level":0}