{"gold_per_floor":[117,117,117,41,5,41,41,60,60,98,273,297,297,55,55,55],"floor_reached":16,"playtime":1278,"items_purged":[],"score":122,"play_id":"e841a22d-895d-49ed-aa54-9f5dc32a610f","local_time":"20190301004533","is_ascension_mode":true,"campfire_choices":[{"floor":7.0,"key":"REST"},{"floor":13.0,"key":"REST"},{"data":"Corruption","floor":15.0,"key":"SMITH"}],"neow_cost":"TEN_PERCENT_HP_LOSS","seed_source_timestamp":0,"circlet_count":0,"master_deck":["Strike_R","Strike_R","Strike_R","Strike_R","Defend_R","Defend_R","Defend_R","Defend_R","Bash","Fiend Fire","Power Through","Injury","Dual Wield","Feel No Pain","Corruption+1","Armaments","Battle Trance","Shrug It Off","Intimidate","Rage"],"special_seed":0,"relics":["Burning Blood","Golden Idol","Omamori","Calipers","Dream Catcher","PrismaticShard"],"potions_floor_usage":[16,16],"damage_taken":[{"damage":9.0,"enemies":"Jaw Worm","floor":1.0,"turns":4.0},{"damage":58.0,"enemies":"Lagavulin","floor":6.0,"turns":10.0},{"damage":7.0,"enemies":"2 Louse","floor":8.0,"turns":2.0},{"damage":24.0,"enemies":"3 Sentries","floor":10.0,"turns":15.0},{"damage":1.0,"enemies":"Small Slimes","floor":12.0,"turns":5.0},{"damage":45,"enemies":"Hexaghost","floor":16,"turns":17}],"seed_played":"-3514042301933367363","potions_obtained":[{"floor":8.0,"key":"GamblersBrew"},{"floor":10.0,"key":"BloodPotion"},{"floor":12.0,"key":"FearPotion"}],"is_trial":false,"path_per_floor":["M","?","?","$","$","E","R","M","T","E","?","M","R","$","R","B"],"character_chosen":"IRONCLAD","items_purchased":["Dual Wield","Feel No Pain","PrismaticShard","Rage"],"campfire_rested":2,"item_purchase_floors":[4,5,14,14],"current_hp_per_floor":[69,62,62,62,62,10,31,30,30,12,12,24,45,45,45,0],"gold":55,"neow_bonus":"THREE_RARE_CARDS","is_prod":false,"is_daily":false,"chose_seed":false,"campfire_upgraded":1,"win_rate":0,"timestamp":1551422733,"path_taken":["M","?","?","?","$","E","R","M","T","E","?","M","R","$","R","BOSS"],"build_version":"2019-01-23","purchased_purges":0,"victory":false,"max_hp_per_floor":[72,72,72,72,72,72,72,72,72,72,72,72,72,72,72,72],"card_choices":[{"not_picked":["Berserk","Brutality"],"picked":"Fiend Fire","floor":0.0},{"not_picked":["Anger","Clash"],"picked":"Power Through","floor":1.0},{"not_picked":["Fire Breathing","Dropkick"],"picked":"Corruption","floor":6.0},{"not_picked":["Flex","Burning Pact"],"picked":"Armaments","floor":8.0},{"not_picked":["Body Slam","Clash"],"picked":"Battle Trance","floor":10.0},{"not_picked":["Flex","Searing Blow"],"picked":"Shrug It Off","floor":12.0},{"not_picked":["Shrug It Off","Pommel Strike"],"picked":"Intimidate","floor":13.0}],"player_experience":221263,"relics_obtained":[{"floor":6.0,"key":"Omamori"},{"floor":9.0,"key":"Calipers"},{"floor":10.0,"key":"Dream Catcher"}],"event_choices":[{"cards_removed":["Strike_R"],"damage_healed":0.0,"max_hp_gain":0.0,"max_hp_loss":0.0,"gold_gain":0.0,"event_name":"Golden Wing","player_choice":"Card Removal","floor":2.0,"gold_loss":0.0,"damage_taken":7.0},{"damage_healed":0.0,"max_hp_gain":0.0,"max_hp_loss":0.0,"gold_gain":0.0,"event_name":"Golden Idol","player_choice":"Take Wound","floor":3.0,"gold_loss":0.0,"damage_taken":0.0,"relics_obtained":["Golden Idol"],"cards_obtained":["Injury"]},{"damage_healed":0.0,"max_hp_gain":0.0,"max_hp_loss":0.0,"gold_gain":175.0,"event_name":"Liars Game","player_choice":"AGREE","floor":11.0,"gold_loss":0.0,"damage_taken":0.0,"cards_obtained":["Doubt"]}],"is_beta":false,"boss_relics":[],"items_purged_floors":[],"is_endless":false,"potions_floor_spawned":[8,10,12],"killed_by":"Hexaghost","ascension_level":3}