{"gold_per_floor":[118,129,54,54,68,68,83,7,7,7,42,58,77,91,91,189,189,205,217,48,62,76,76,76],"floor_reached":24,"playtime":2177,"items_purged":["Strike_B","Strike_B"],"score":202,"play_id":"c5c809f6-ee97-44a5-b612-2dfad4fe588b","local_time":"20190204231249","is_ascension_mode":false,"campfire_choices":[{"floor":6,"key":"RECALL"},{"data":"White Noise","floor":15,"key":"SMITH"},{"floor":23,"key":"REST"}],"neow_cost":"NONE","seed_source_timestamp":1502796185431697,"circlet_count":0,"master_deck":["Strike_B","Defend_B","Defend_B","Defend_B","Defend_B","Zap","Dualcast","Rainbow","Coolheaded","Coolheaded","Fission","Doom and Gloom","Compile Driver","Darkness","White Noise+1","Buffer+1","Capacitor+1","Blizzard","Blizzard","Auto Shields","Leap"],"relics":["Cracked Core","Frozen Egg 2","Strawberry","Dodecahedron","Philosopher\u0027s Stone"],"potions_floor_usage":[11,16,16,19,21,24],"damage_taken":[{"damage":1,"enemies":"Jaw Worm","floor":1,"turns":3},{"damage":0,"enemies":"Cultist","floor":2,"turns":3},{"damage":0,"enemies":"Small Slimes","floor":5,"turns":3},{"damage":1,"enemies":"Red Slaver","floor":7,"turns":5},{"damage":3,"enemies":"3 Sentries","floor":11,"turns":8},{"damage":10,"enemies":"3 Louse","floor":12,"turns":3},{"damage":0,"enemies":"Large Slime","floor":13,"turns":5},{"damage":20,"enemies":"Exordium Thugs","floor":14,"turns":5},{"damage":21,"enemies":"Hexaghost","floor":16,"turns":7},{"damage":23,"enemies":"2 Thieves","floor":18,"turns":4},{"damage":29,"enemies":"3 Byrds","floor":19,"turns":6},{"damage":5,"enemies":"Sentry and Sphere","floor":21,"turns":5},{"damage":15,"enemies":"Shelled Parasite and Fungi","floor":22,"turns":5},{"damage":39,"enemies":"Slavers","floor":24,"turns":3}],"seed_played":"5019467145112776155","potions_obtained":[{"floor":1,"key":"FocusPotion"},{"floor":2,"key":"Block Potion"},{"floor":11,"key":"Poison Potion"},{"floor":12,"key":"Dexterity Potion"},{"floor":19,"key":"GamblersBrew"},{"floor":22,"key":"AttackPotion"}],"is_trial":false,"path_per_floor":["?","T"],"character_chosen":"DEFECT","items_purchased":["Doom and Gloom","Blizzard"],"campfire_rested":1,"item_purchase_floors":[8,20],"current_hp_per_floor":[74,74,74,74,74,74,73,73,73,80,77,67,67,47,47,26,82,59,30,30,25,10,34,0],"gold":76,"neow_bonus":"ONE_RANDOM_RARE_CARD","is_prod":false,"is_daily":false,"chose_seed":false,"campfire_upgraded":1,"win_rate":0,"timestamp":1549318369,"path_taken":["M","M","$","?","M","R","M","$","T","?","E","M","M","M","R","BOSS","M","M","$","M","M","R","E"],"build_version":"2019-01-23","purchased_purges":2,"victory":false,"max_hp_per_floor":[75,75,75,75,75,75,75,75,75,82,82,82,82,82,82,82,82,82,82,82,82,82,82,82],"card_choices":[{"not_picked":["Recycle","Go for the Eyes"],"picked":"Coolheaded","floor":1},{"not_picked":["Ball Lightning","Gash"],"picked":"Coolheaded","floor":2},{"not_picked":["Aggregate","Sweeping Beam","Barrage"],"picked":"SKIP","floor":5},{"not_picked":["Coolheaded","Sweeping Beam"],"picked":"Fission","floor":7},{"not_picked":["Steam","Aggregate"],"picked":"Compile Driver","floor":11},{"not_picked":["Steam","Steam Power"],"picked":"Darkness","floor":12},{"not_picked":["Cold Snap","Streamline"],"picked":"White Noise","floor":13},{"not_picked":["Barrage","Gash","Glacier"],"picked":"SKIP","floor":14},{"not_picked":["Multi-Cast","All For One"],"picked":"Buffer+1","floor":16},{"not_picked":["Reprogram+1","Go for the Eyes"],"picked":"Capacitor+1","floor":18},{"not_picked":["Go for the Eyes","Lockon+1"],"picked":"Blizzard","floor":19},{"not_picked":["Tempest","Chill"],"picked":"Auto Shields","floor":21},{"not_picked":["Steam Power","Cold Snap"],"picked":"Leap","floor":22}],"player_experience":118344,"relics_obtained":[{"floor":9,"key":"Frozen Egg 2"},{"floor":10,"key":"Strawberry"},{"floor":11,"key":"Dodecahedron"}],"event_choices":[{"cards_removed":["Strike_B"],"damage_healed":0,"gold_gain":0,"player_choice":"Forget","damage_taken":0,"max_hp_gain":0,"max_hp_loss":0,"event_name":"Living Wall","floor":4,"gold_loss":0}],"is_beta":false,"boss_relics":[{"not_picked":["Lizard Tail","Snecko Eye"],"picked":"Philosopher\u0027s Stone"}],"items_purged_floors":[3,20],"is_endless":false,"potions_floor_spawned":[1,2,11,12,19,22],"killed_by":"Slavers","ascension_level":0}