{"gold_per_floor":[116,134,59,72,86,111,122,122,122,141,156,156,16,33,33,129,129,146,146],"floor_reached":19,"playtime":1409,"items_purged":["Defend_G","Strike_G"],"score":199,"play_id":"4b4ba533-2536-4d01-a12f-8c0b5dd45626","local_time":"20181212202635","is_ascension_mode":true,"campfire_choices":[{"floor":8,"key":"REST"},{"floor":12,"key":"REST"},{"floor":15,"key":"REST"}],"neow_cost":"NONE","seed_source_timestamp":8359784006986,"circlet_count":0,"master_deck":["Defend_G","Defend_G","Defend_G","Defend_G","Strike_G","Strike_G","Strike_G","Strike_G","Survivor","Neutralize","Well Laid Plans","Noxious Fumes","Infinite Blades","Infinite Blades","Noxious Fumes"],"relics":["Ring of the Snake","NeowsBlessing","Calipers","Sozu"],"potions_floor_usage":[6,6,11,16],"damage_taken":[{"damage":0,"enemies":"Cultist","floor":1,"turns":1},{"damage":0,"enemies":"Small Slimes","floor":2,"turns":1},{"damage":0,"enemies":"2 Louse","floor":4,"turns":1},{"damage":32,"enemies":"Lots of Slimes","floor":5,"turns":6},{"damage":22,"enemies":"Lagavulin","floor":6,"turns":5},{"damage":12,"enemies":"Blue Slaver","floor":7,"turns":4},{"damage":1,"enemies":"Looter","floor":10,"turns":5},{"damage":19,"enemies":"Exordium Thugs","floor":11,"turns":5},{"damage":8,"enemies":"Blue Slaver","floor":14,"turns":5},{"damage":32,"enemies":"The Guardian","floor":16,"turns":12},{"damage":39,"enemies":"2 Thieves","floor":18,"turns":5},{"damage":31,"enemies":"Chosen","floor":19,"turns":6}],"seed_played":"2003888506825274439","potions_obtained":[{"floor":2,"key":"FearPotion"},{"floor":5,"key":"Strength Potion"},{"floor":6,"key":"Explosive Potion"},{"floor":14,"key":"Swift Potion"},{"floor":16,"key":"Swift Potion"}],"is_trial":false,"path_per_floor":["M","M","$","M","M","E","M","R","T","M","M","R","$","M","R","B",null,"M","M"],"character_chosen":"THE_SILENT","items_purchased":["Infinite Blades"],"campfire_rested":3,"item_purchase_floors":[13],"current_hp_per_floor":[70,70,70,70,38,16,4,25,25,24,5,26,26,18,39,7,70,31,0],"gold":146,"neow_bonus":"THREE_ENEMY_KILL","is_prod":false,"is_daily":false,"chose_seed":false,"campfire_upgraded":0,"win_rate":0,"timestamp":1544667995,"path_taken":["M","M","$","M","M","E","M","R","T","M","M","R","$","?","R","BOSS","M","?"],"build_version":"2018-12-06","purchased_purges":2,"victory":false,"max_hp_per_floor":[70,70,70,70,70,70,70,70,70,70,70,70,70,70,70,70,70,70,70],"card_choices":[{"not_picked":["Dagger Throw","Flying Knee"],"picked":"Well Laid Plans","floor":1},{"not_picked":["Deadly Poison","Concentrate"],"picked":"Noxious Fumes","floor":2},{"not_picked":["Bane","Phantasmal Killer","Quick Slash"],"picked":"SKIP","floor":4},{"not_picked":["Dagger Throw","Poisoned Stab"],"picked":"Infinite Blades","floor":5},{"not_picked":["Calculated Gamble","Bouncing Flask","Acrobatics"],"picked":"SKIP","floor":6},{"not_picked":["Acrobatics","Accuracy","Distraction"],"picked":"SKIP","floor":7},{"not_picked":["Blade Dance","Poisoned Stab","Skewer"],"picked":"SKIP","floor":10},{"not_picked":["Dodge and Roll","Deadly Poison","Poisoned Stab"],"picked":"SKIP","floor":11},{"not_picked":["Backflip","Acrobatics"],"picked":"Noxious Fumes","floor":14},{"not_picked":["Deflect+1","Acrobatics","All Out Attack+1"],"picked":"SKIP","floor":18}],"player_experience":769679,"relics_obtained":[{"floor":6,"key":"Calipers"}],"event_choices":[],"is_beta":false,"boss_relics":[{"not_picked":["Busted Crown","Velvet Choker"],"picked":"Sozu"}],"items_purged_floors":[3,13],"is_endless":false,"potions_floor_spawned":[2,5,6,14,16],"killed_by":"Chosen","ascension_level":3}