{"gold_per_floor":[118,118,118,43,58,58,73,92,92,92,109,129,129,145,145,244,244,260,63,63,13,25,59,59,75,75,93,112,127,142,142],"floor_reached":31,"playtime":1107,"items_purged":["Defend_R","Pain","Strike_R"],"score":253,"play_id":"15246f78-b0c2-44fd-a826-089e659df256","local_time":"20190228141825","is_ascension_mode":false,"campfire_choices":[{"data":"Feel No Pain","floor":6,"key":"SMITH"},{"data":"Havoc","floor":10,"key":"SMITH"},{"floor":15,"key":"REST"},{"floor":24,"key":"REST"}],"neow_cost":"NONE","seed_source_timestamp":1104028278116226,"circlet_count":0,"master_deck":["Strike_R","Strike_R","Strike_R","Defend_R","Defend_R","Bash","Twin Strike","Reckless Charge","Flex","Feel No Pain+1","Warcry","Wild Strike","Reckless Charge","Sever Soul","Havoc+1","Flex","Feel No Pain","Immolate","Shockwave","Fiend Fire","Whirlwind+1","True Grit","Feel No Pain"],"relics":["Orrery","Mango","Smiling Mask","WarpedTongs","Runic Pyramid","Omamori","Bronze Scales","Gambling Chip"],"potions_floor_usage":[11,16,28,29,29],"damage_taken":[{"damage":0,"enemies":"2 Louse","floor":1,"turns":3},{"damage":12,"enemies":"Jaw Worm","floor":5,"turns":4},{"damage":2,"enemies":"Cultist","floor":7,"turns":3},{"damage":9,"enemies":"3 Louse","floor":8,"turns":3},{"damage":1,"enemies":"Lots of Slimes","floor":11,"turns":3},{"damage":12,"enemies":"Exordium Wildlife","floor":12,"turns":4},{"damage":9,"enemies":"Exordium Thugs","floor":14,"turns":4},{"damage":5,"enemies":"Slime Boss","floor":16,"turns":9},{"damage":31,"enemies":"Spheric Guardian","floor":18,"turns":5},{"damage":11,"enemies":"Chosen","floor":22,"turns":4},{"damage":44,"enemies":"Book of Stabbing","floor":23,"turns":5},{"damage":7,"enemies":"Centurion and Healer","floor":25,"turns":5},{"damage":16,"enemies":"Snake Plant","floor":27,"turns":3},{"damage":2,"enemies":"Cultist and Chosen","floor":28,"turns":3},{"damage":3,"enemies":"Centurion and Healer","floor":29,"turns":6},{"damage":5,"enemies":"Snecko","floor":30,"turns":3},{"damage":10,"enemies":"Sentry and Sphere","floor":31,"turns":2}],"seed_played":"-661407386475282181","potions_obtained":[{"floor":1,"key":"FearPotion"},{"floor":7,"key":"BloodPotion"},{"floor":11,"key":"SpeedPotion"},{"floor":23,"key":"Energy Potion"},{"floor":25,"key":"SpeedPotion"},{"floor":27,"key":"GamblersBrew"},{"floor":29,"key":"SpeedPotion"}],"is_trial":false,"path_per_floor":["M","?","T","$","M","R","M","M","T","R","M","M","?","M","R","B",null,"M","$","?","$","M","E","R","M","T","M","M","M","M","M"],"character_chosen":"IRONCLAD","items_purchased":["Omamori"],"campfire_rested":2,"item_purchase_floors":[19],"current_hp_per_floor":[80,80,94,94,82,82,80,71,71,71,79,67,67,58,86,81,94,63,63,63,63,52,8,36,29,29,13,11,8,3,0],"gold":142,"neow_bonus":"BOSS_RELIC","is_prod":false,"is_daily":false,"chose_seed":false,"campfire_upgraded":2,"win_rate":0,"timestamp":1551341905,"path_taken":["M","?","?","$","M","R","M","M","T","R","?","M","?","M","R","BOSS","M","?","?","$","M","E","R","M","T","M","M","?","M","M"],"build_version":"2019-01-23","purchased_purges":3,"victory":false,"max_hp_per_floor":[80,80,94,94,94,94,94,94,94,94,94,94,94,94,94,94,94,94,94,94,94,94,94,94,94,94,94,94,94,94,94],"card_choices":[{"not_picked":["Hemokinesis","Thunderclap"],"picked":"Twin Strike","floor":0},{"not_picked":["Twin Strike","Sword Boomerang"],"picked":"Reckless Charge","floor":0},{"not_picked":["Metallicize","Shrug It Off"],"picked":"Flex","floor":0},{"not_picked":["Double Tap","Dual Wield"],"picked":"Feel No Pain","floor":0},{"not_picked":["Inflame","Clash"],"picked":"Warcry","floor":0},{"not_picked":["Combust","Thunderclap"],"picked":"Wild Strike","floor":1},{"not_picked":["Disarm","Shrug It Off"],"picked":"Reckless Charge","floor":5},{"not_picked":["Combust","Cleave"],"picked":"Sever Soul","floor":7},{"not_picked":["Shrug It Off","Thunderclap"],"picked":"Havoc","floor":8},{"not_picked":["Body Slam","Sword Boomerang","Clothesline"],"picked":"SKIP","floor":11},{"not_picked":["Pommel Strike","Clash"],"picked":"Flex","floor":12},{"not_picked":["Shockwave","Armaments"],"picked":"Feel No Pain","floor":14},{"not_picked":["Juggernaut","Double Tap"],"picked":"Immolate","floor":16},{"not_picked":["Sword Boomerang","Iron Wave","Anger"],"picked":"SKIP","floor":18},{"not_picked":["Anger","Cleave","Heavy Blade+1"],"picked":"SKIP","floor":22},{"not_picked":["Perfected Strike","Burning Pact"],"picked":"Shockwave","floor":23},{"not_picked":["Havoc","Dual Wield"],"picked":"Fiend Fire","floor":25},{"not_picked":["Pommel Strike","Body Slam+1"],"picked":"Whirlwind+1","floor":27},{"not_picked":["Cleave","Whirlwind"],"picked":"True Grit","floor":28},{"not_picked":["Flame Barrier","Iron Wave"],"picked":"Feel No Pain","floor":29},{"not_picked":["Wild Strike","Searing Blow","Clothesline"],"picked":"SKIP","floor":30}],"player_experience":913399,"relics_obtained":[{"floor":3,"key":"Mango"},{"floor":9,"key":"Smiling Mask"},{"floor":23,"key":"Bronze Scales"},{"floor":26,"key":"Gambling Chip"}],"event_choices":[{"cards_removed":["Defend_R"],"damage_healed":0,"gold_gain":0,"player_choice":"Forget","damage_taken":0,"max_hp_gain":0,"max_hp_loss":0,"event_name":"Living Wall","floor":2,"gold_loss":0},{"damage_healed":0,"gold_gain":0,"player_choice":"Rummage","damage_taken":0,"relics_obtained":["WarpedTongs"],"max_hp_gain":0,"max_hp_loss":0,"event_name":"Accursed Blacksmith","floor":13,"gold_loss":0,"cards_obtained":["Pain"]},{"cards_removed":["Strike_R"],"damage_healed":0,"gold_gain":0,"player_choice":"Purged","damage_taken":0,"max_hp_gain":0,"max_hp_loss":0,"event_name":"Purifier","floor":20,"gold_loss":0}],"is_beta":false,"boss_relics":[{"not_picked":["Mark of Pain","Velvet Choker"],"picked":"Runic Pyramid"}],"items_purged_floors":[4,19,21],"is_endless":false,"potions_floor_spawned":[1,7,11,23,25,27,29],"killed_by":"Sentry and Sphere","ascension_level":0}