{"gold_per_floor":[114,64,139,151,1,1,31,61,61,61,61,61,61,86,86,181,181,196,213,213,230,245,272,272,301,301,328,18,33,44,44,56,173,185,217,129,145,155,255,255,269,269,269,269,299,299,312,325,325,325],"floor_reached":51,"playtime":3104,"items_purged":["Strike_R","Strike_R+1","Defend_R+1"],"score":893,"play_id":"6d4dd681-5ddf-4d39-8001-91b8c734302b","local_time":"20190223173118","is_ascension_mode":false,"campfire_choices":[{"data":"Whirlwind","floor":6,"key":"SMITH"},{"data":"Body Slam","floor":12,"key":"SMITH"},{"data":"True Grit","floor":15,"key":"SMITH"},{"data":"Double Tap","floor":24,"key":"SMITH"},{"data":"Bash","floor":32,"key":"PURGE"},{"data":"Juggernaut","floor":40,"key":"SMITH"},{"data":"Ghostly Armor","floor":42,"key":"SMITH"},{"data":"True Grit+1","floor":46,"key":"PURGE"},{"data":"Battle Trance","floor":49,"key":"SMITH"}],"neow_cost":"TEN_PERCENT_HP_LOSS","seed_source_timestamp":13201302476201,"circlet_count":0,"master_deck":["Defend_R+1","Defend_R+1","Body Slam+1","Whirlwind+1","Double Tap+1","Battle Trance+1","Sentinel+1","Juggernaut+1","Ghostly Armor+1"],"relics":["Burning Blood","Mango","Strawberry","Kunai","FossilizedHelix","Vajra","Pen Nib","Sozu","Red Skull","Blood Vial","The Courier","Centennial Puzzle","Peace Pipe","MawBank","Velvet Choker","Meat on the Bone","Pear"],"potions_floor_usage":[],"damage_taken":[{"damage":0,"enemies":"2 Louse","floor":1,"turns":3},{"damage":6,"enemies":"Small Slimes","floor":4,"turns":6},{"damage":24,"enemies":"3 Sentries","floor":7,"turns":8},{"damage":18,"enemies":"Gremlin Nob","floor":14,"turns":5},{"damage":22,"enemies":"Slime Boss","floor":16,"turns":13},{"damage":0,"enemies":"Chosen","floor":18,"turns":3},{"damage":3,"enemies":"Shell Parasite","floor":19,"turns":5},{"damage":0,"enemies":"Chosen and Byrds","floor":21,"turns":4},{"damage":0,"enemies":"Centurion and Healer","floor":22,"turns":3},{"damage":0,"enemies":"Book of Stabbing","floor":23,"turns":6},{"damage":10,"enemies":"Gremlin Leader","floor":25,"turns":6},{"damage":5,"enemies":"Book of Stabbing","floor":27,"turns":5},{"damage":0,"enemies":"Shelled Parasite and Fungi","floor":29,"turns":3},{"damage":0,"enemies":"Chosen and Byrds","floor":30,"turns":3},{"damage":27,"enemies":"Collector","floor":33,"turns":6},{"damage":0,"enemies":"Orb Walker","floor":35,"turns":3},{"damage":7,"enemies":"3 Shapes","floor":37,"turns":2},{"damage":0,"enemies":"Maw","floor":38,"turns":8},{"damage":0,"enemies":"Transient","floor":41,"turns":5},{"damage":0,"enemies":"Reptomancer","floor":45,"turns":5},{"damage":0,"enemies":"Jaw Worm Horde","floor":47,"turns":1},{"damage":0,"enemies":"Maw","floor":48,"turns":6},{"damage":11,"enemies":"Donu and Deca","floor":50,"turns":8}],"seed_played":"-4021561318827032633","potions_obtained":[{"floor":4,"key":"LiquidBronze"}],"is_trial":false,"path_per_floor":["M","?","?","M","$","R","E","?","T","T","?","R","?","E","R","B",null,"M","M","?","M","M","E","R","E","T","E","$","M","M","?","R","B",null,"M","$","M","M","?","R","M","R","T","?","E","R","M","M","R","B",null],"character_chosen":"IRONCLAD","items_purchased":["Whirlwind","Peace Pipe"],"campfire_rested":0,"item_purchase_floors":[5,28],"current_hp_per_floor":[86,86,75,75,75,75,64,64,64,64,57,57,57,45,45,29,93,93,93,93,93,93,93,93,89,89,92,92,93,93,93,93,72,93,93,93,92,93,93,93,93,93,93,93,103,103,103,103,103,98],"gold":325,"neow_bonus":"ONE_RARE_RELIC","is_prod":false,"is_daily":false,"chose_seed":false,"campfire_upgraded":7,"win_rate":0,"timestamp":1550961078,"path_taken":["M","?","?","M","$","R","E","?","T","?","?","R","?","E","R","BOSS","M","M","?","M","M","E","R","E","T","E","$","M","M","?","R","BOSS","M","$","M","?","?","R","?","R","T","?","E","R","M","M","R","BOSS"],"build_version":"2019-01-23","purchased_purges":3,"victory":true,"max_hp_per_floor":[86,86,86,86,86,86,93,93,93,93,93,93,93,93,93,93,93,93,93,93,93,93,93,93,93,93,93,93,93,93,93,93,93,93,93,93,93,93,93,93,93,93,93,93,103,103,103,103,103,103],"card_choices":[{"not_picked":["Flex","Twin Strike"],"picked":"Body Slam","floor":1},{"not_picked":["Heavy Blade","Flex","Perfected Strike"],"picked":"SKIP","floor":4},{"not_picked":["Perfected Strike","Heavy Blade"],"picked":"True Grit","floor":7},{"not_picked":["True Grit","Wild Strike","Thunderclap"],"picked":"SKIP","floor":14},{"not_picked":["Feed","Immolate"],"picked":"Double Tap","floor":16},{"not_picked":["Perfected Strike","Cleave","Pummel"],"picked":"SKIP","floor":18},{"not_picked":["Pommel Strike","Headbutt","Feel No Pain"],"picked":"SKIP","floor":19},{"not_picked":["Thunderclap","Sword Boomerang","Uppercut"],"picked":"SKIP","floor":21},{"not_picked":["Cleave","True Grit","Clothesline"],"picked":"SKIP","floor":22},{"not_picked":["Fire Breathing","Burning Pact","Rage"],"picked":"SKIP","floor":23},{"not_picked":["Dark Embrace","Sword Boomerang","True Grit"],"picked":"SKIP","floor":25},{"not_picked":["Iron Wave","Armaments"],"picked":"Battle Trance","floor":27},{"not_picked":["Clash","Blood for Blood"],"picked":"Sentinel+1","floor":29},{"not_picked":["Battle Trance","Armaments","Warcry"],"picked":"SKIP","floor":30},{"not_picked":["Berserk","Limit Break"],"picked":"Juggernaut","floor":33},{"not_picked":["Warcry","Heavy Blade+1"],"picked":"Ghostly Armor","floor":35},{"not_picked":["Twin Strike","Thunderclap+1","Havoc"],"picked":"SKIP","floor":37},{"not_picked":["Rampage","Evolve+1","Dual Wield"],"picked":"SKIP","floor":38},{"not_picked":["Anger+1","Sentinel","Perfected Strike+1"],"picked":"SKIP","floor":41},{"not_picked":["Flex+1","Clothesline","Double Tap"],"picked":"SKIP","floor":45},{"not_picked":["Perfected Strike+1","Pommel Strike","Cleave"],"picked":"SKIP","floor":47},{"not_picked":["Cleave","Sword Boomerang+1","Battle Trance+1"],"picked":"SKIP","floor":48}],"player_experience":431303,"relics_obtained":[{"floor":7,"key":"Strawberry"},{"floor":9,"key":"FossilizedHelix"},{"floor":10,"key":"Vajra"},{"floor":14,"key":"Pen Nib"},{"floor":23,"key":"Red Skull"},{"floor":25,"key":"Blood Vial"},{"floor":26,"key":"The Courier"},{"floor":27,"key":"Centennial Puzzle"},{"floor":43,"key":"Meat on the Bone"},{"floor":45,"key":"Pear"}],"event_choices":[{"cards_removed":["Strike_R"],"damage_healed":0,"gold_gain":0,"player_choice":"Card Removal","damage_taken":0,"max_hp_gain":0,"max_hp_loss":0,"event_name":"The Cleric","floor":2,"gold_loss":50},{"damage_healed":0,"gold_gain":75,"player_choice":"Gather Gold","damage_taken":11,"max_hp_gain":0,"max_hp_loss":0,"event_name":"World of Goop","floor":3,"gold_loss":0},{"damage_healed":0,"gold_gain":30,"player_choice":"Searched \u00272\u0027 times","damage_taken":0,"relics_obtained":["Kunai"],"max_hp_gain":0,"max_hp_loss":0,"event_name":"Dead Adventurer","floor":8,"gold_loss":0},{"cards_removed":["Strike_R"],"damage_healed":0,"gold_gain":0,"player_choice":"Card Removal","damage_taken":7,"max_hp_gain":0,"max_hp_loss":0,"event_name":"Golden Wing","floor":11,"gold_loss":0},{"cards_removed":["Strike_R"],"damage_healed":0,"gold_gain":0,"player_choice":"Forget","damage_taken":0,"max_hp_gain":0,"max_hp_loss":0,"event_name":"Living Wall","floor":13,"gold_loss":0},{"damage_healed":0,"gold_gain":0,"player_choice":"Simplicity","damage_taken":0,"max_hp_gain":0,"max_hp_loss":0,"event_name":"Back to Basics","floor":20,"gold_loss":0,"cards_upgraded":["Strike_R","Defend_R","Defend_R","Defend_R","Defend_R"]},{"damage_healed":0,"gold_gain":0,"player_choice":"Gave Potion","damage_taken":0,"relics_obtained":["MawBank"],"max_hp_gain":0,"max_hp_loss":0,"event_name":"WeMeetAgain","floor":31,"gold_loss":0},{"damage_healed":0,"gold_gain":100,"player_choice":"Pray","damage_taken":0,"max_hp_gain":0,"max_hp_loss":0,"event_name":"Golden Shrine","floor":39,"gold_loss":0},{"cards_removed":["Defend_R"],"damage_healed":0,"gold_gain":0,"player_choice":"Removed Skill","damage_taken":0,"max_hp_gain":0,"max_hp_loss":0,"event_name":"Falling","floor":44,"gold_loss":0}],"is_beta":false,"boss_relics":[{"not_picked":["Tiny House","Busted Crown"],"picked":"Sozu"},{"not_picked":["Calling Bell","Black Blood"],"picked":"Velvet Choker"}],"items_purged_floors":[5,28,36],"is_endless":false,"potions_floor_spawned":[4,21,25,29,30,35,37,38,48],"ascension_level":0}