{"gold_per_floor":[119,134,147,222,238,238,238,238,263,263,294,231,242,73,73,73],"floor_reached":16,"playtime":484,"items_purged":["Strike_G"],"score":193,"play_id":"41f8626e-682f-4ec4-86bb-04ab83ab6fba","local_time":"20190201232412","is_ascension_mode":true,"campfire_choices":[{"floor":6,"key":"REST"},{"floor":8,"key":"REST"},{"floor":10,"key":"REST"},{"data":"Crippling Poison","floor":15,"key":"SMITH"}],"neow_cost":"NONE","seed_source_timestamp":708094444036500,"circlet_count":0,"master_deck":["AscendersBane","Defend_G","Defend_G","Defend_G","Defend_G","Defend_G","Strike_G","Strike_G","Strike_G","Strike_G","Survivor","Neutralize","Dagger Spray","PiercingWail","Crippling Poison+1","Deadly Poison","Prepared","Leg Sweep","Poisoned Stab"],"relics":["Ring of the Snake","Ancient Tea Set","Smiling Mask","Bird Faced Urn"],"potions_floor_usage":[5,7,13],"damage_taken":[{"damage":1,"enemies":"Jaw Worm","floor":1,"turns":5},{"damage":7,"enemies":"2 Louse","floor":2,"turns":4},{"damage":3,"enemies":"Cultist","floor":3,"turns":4},{"damage":20,"enemies":"Large Slime","floor":5,"turns":7},{"damage":39,"enemies":"Lagavulin","floor":7,"turns":6},{"damage":33,"enemies":"Gremlin Nob","floor":11,"turns":5},{"damage":0,"enemies":"3 Louse","floor":13,"turns":3},{"damage":25,"enemies":"Hexaghost","floor":16,"turns":11}],"seed_played":"1092131291366604270","potions_obtained":[{"floor":3,"key":"Swift Potion"},{"floor":5,"key":"SmokeBomb"},{"floor":11,"key":"Regen Potion"}],"is_trial":false,"path_per_floor":["M","M","M","?","M","R","E","R","T","R","E","?","M","$","R","B"],"character_chosen":"THE_SILENT","items_purchased":["Leg Sweep","Poisoned Stab"],"campfire_rested":3,"item_purchase_floors":[14,14],"current_hp_per_floor":[64,57,54,43,23,44,5,26,26,47,14,14,23,23,23,0],"gold":73,"neow_bonus":"TEN_PERCENT_HP_BONUS","is_prod":false,"is_daily":false,"chose_seed":false,"campfire_upgraded":1,"win_rate":0,"timestamp":1549034652,"path_taken":["M","M","M","?","M","R","E","R","T","R","E","?","?","$","R","BOSS"],"build_version":"2019-01-23","purchased_purges":1,"victory":false,"max_hp_per_floor":[72,72,72,72,72,72,72,72,72,72,72,72,72,72,72,72],"card_choices":[{"not_picked":["Dodge and Roll","Accuracy"],"picked":"Dagger Spray","floor":1},{"not_picked":["Backflip","Slice"],"picked":"PiercingWail","floor":2},{"not_picked":["Flying Knee","PiercingWail"],"picked":"Crippling Poison","floor":3},{"not_picked":["Dodge and Roll","Glass Knife"],"picked":"Deadly Poison","floor":5},{"not_picked":["Underhanded Strike","Eviscerate"],"picked":"Prepared","floor":11},{"not_picked":["Flying Knee","Tactician","Underhanded Strike"],"picked":"SKIP","floor":13}],"player_experience":682090,"relics_obtained":[{"floor":9,"key":"Ancient Tea Set"},{"floor":11,"key":"Smiling Mask"}],"event_choices":[{"damage_healed":0,"gold_gain":75,"player_choice":"Gather Gold","damage_taken":11,"max_hp_gain":0,"max_hp_loss":0,"event_name":"World of Goop","floor":4,"gold_loss":0},{"damage_healed":0,"gold_gain":0,"player_choice":"Paid Gold","damage_taken":0,"relics_obtained":["Bird Faced Urn"],"max_hp_gain":0,"max_hp_loss":0,"event_name":"WeMeetAgain","floor":12,"gold_loss":63}],"is_beta":false,"boss_relics":[],"items_purged_floors":[14],"is_endless":false,"potions_floor_spawned":[3,5,11],"killed_by":"Hexaghost","ascension_level":15}