{"gold_per_floor":[11,11,11,86,86,86,4,4,4,4,17,64,75,91,91,165,165,183,183,108,127,138,138],"floor_reached":23,"playtime":673,"items_purged":["Strike_B"],"score":349,"play_id":"856b6c1a-06cc-4098-8eee-24c77c0dc37d","local_time":"20181223172030","is_ascension_mode":true,"campfire_choices":[{"data":"1","floor":6.0,"key":"LIFT"},{"data":"2","floor":8.0,"key":"LIFT"},{"data":"3","floor":10.0,"key":"LIFT"},{"data":"Conserve Battery","floor":15.0,"key":"SMITH"}],"neow_cost":"NO_GOLD","seed_source_timestamp":24363208003935,"circlet_count":0,"master_deck":["AscendersBane","Strike_B","Strike_B","Defend_B","Defend_B","Defend_B","Defend_B","Zap","Dualcast","Compile Driver","Cold Snap","Steam","Conserve Battery+1","Cold Snap","Ball Lightning","Thunder Strike","Cold Snap","Chaos","BootSequence"],"special_seed":0,"relics":["Cracked Core","Girya","Cables","Happy Flower","Velvet Choker"],"potions_floor_usage":[16,21,21],"damage_taken":[{"damage":9.0,"enemies":"Jaw Worm","floor":1.0,"turns":4.0},{"damage":4.0,"enemies":"Small Slimes","floor":11.0,"turns":2.0},{"damage":2.0,"enemies":"2 Louse","floor":13.0,"turns":2.0},{"damage":0.0,"enemies":"Looter","floor":14.0,"turns":3.0},{"damage":29,"enemies":"Hexaghost","floor":16,"turns":10},{"damage":0,"enemies":"Spheric Guardian","floor":18,"turns":3},{"damage":0,"enemies":"2 Thieves","floor":21,"turns":3},{"damage":3,"enemies":"Sentry and Sphere","floor":22,"turns":4},{"damage":53,"enemies":"Book of Stabbing","floor":23,"turns":5}],"seed_played":"6937916302591317469","potions_obtained":[{"floor":1.0,"key":"Fire Potion"},{"floor":14.0,"key":"SteroidPotion"},{"floor":16,"key":"Fire Potion"},{"floor":18,"key":"Swift Potion"},{"floor":22,"key":"LiquidBronze"}],"is_trial":false,"path_per_floor":["M","$","?","?","?","R","$","R","T","R","M","T","M","M","R","B",null,"M","?","$","M","M","E"],"character_chosen":"DEFECT","items_purchased":["Cold Snap","Steam"],"campfire_rested":0,"item_purchase_floors":[7,7],"current_hp_per_floor":[55,55,55,44,44,44,44,44,44,44,40,40,38,38,38,9,56,56,56,56,56,53,0],"gold":138,"neow_bonus":"ONE_RARE_RELIC","is_prod":false,"is_daily":false,"chose_seed":false,"campfire_upgraded":1,"win_rate":0,"timestamp":1545582030,"path_taken":["M","$","?","?","?","R","?","R","T","R","M","?","M","M","R","BOSS","M","?","?","M","?","E"],"build_version":"2018-12-20","purchased_purges":1,"victory":false,"max_hp_per_floor":[71,71,71,71,71,71,71,71,71,71,71,71,71,71,71,71,71,71,71,71,71,71,71],"card_choices":[{"not_picked":["Hologram","Rebound"],"picked":"Compile Driver","floor":1.0},{"not_picked":["Gash","Chaos"],"picked":"Conserve Battery","floor":11.0},{"not_picked":["Hyperbeam","Redo"],"picked":"Cold Snap","floor":13.0},{"not_picked":["Sweeping Beam","Go for the Eyes"],"picked":"Ball Lightning","floor":14.0},{"not_picked":["Machine Learning","Multi-Cast"],"picked":"Thunder Strike","floor":16},{"not_picked":["Turbo","Stack"],"picked":"Cold Snap","floor":18},{"not_picked":["Double Energy","Blizzard"],"picked":"Chaos","floor":21},{"not_picked":["Turbo","Sunder"],"picked":"BootSequence","floor":22}],"player_experience":863621,"relics_obtained":[{"floor":9.0,"key":"Cables"},{"floor":12.0,"key":"Happy Flower"}],"event_choices":[{"damage_healed":0.0,"max_hp_gain":0.0,"max_hp_loss":0.0,"gold_gain":0.0,"event_name":"Golden Wing","player_choice":"Ignored","floor":3.0,"gold_loss":0.0,"damage_taken":0.0},{"damage_healed":0.0,"max_hp_gain":0.0,"max_hp_loss":0.0,"gold_gain":75.0,"event_name":"World of Goop","player_choice":"Gather Gold","floor":4.0,"gold_loss":0.0,"damage_taken":11.0},{"damage_healed":0.0,"max_hp_gain":0.0,"max_hp_loss":0.0,"gold_gain":0.0,"event_name":"Shining Light","player_choice":"Ignored","floor":5.0,"gold_loss":0.0,"damage_taken":0.0},{"cards_removed":["Strike_B"],"damage_healed":0,"gold_gain":0,"player_choice":"Offered Basic","damage_taken":0,"max_hp_gain":0,"max_hp_loss":0,"event_name":"Bonfire Elementals","floor":19,"gold_loss":0}],"is_beta":true,"boss_relics":[{"not_picked":["Inserter","FrozenCore"],"picked":"Velvet Choker"}],"items_purged_floors":[20],"is_endless":false,"potions_floor_spawned":[1,14,16,18,22],"killed_by":"Book of Stabbing","ascension_level":19}