{"path_per_floor":["M","?","M","?","M","R","M","R","T","E","R","E","?","M","R","B",null,"M","M","?","?","?","R","?","$","T","R","M","E","R"],"character_chosen":"DEFECT","items_purchased":["Runic Capacitor"],"gold_per_floor":[109,109,120,120,143,143,166,166,190,221,221,254,254,279,279,398,398,421,439,439,439,439,439,439,246,246,246,260,291,291,291],"floor_reached":31,"campfire_rested":2,"playtime":1031,"current_hp_per_floor":[69,69,69,51,51,51,40,40,40,32,54,48,48,48,48,28,75,75,44,69,69,69,69,69,69,69,69,45,19,41,0],"items_purged":[],"gold":291,"score":261,"play_id":"cf2be7bd-5e2e-4ddf-9bf6-1641ede6f8be","local_time":"20180515162031","is_prod":false,"is_daily":false,"chose_seed":false,"is_ascension_mode":false,"campfire_upgraded":5,"timestamp":1526372431,"path_taken":["M","?","M","?","M","R","?","R","T","E","R","E","?","M","R","BOSS","M","M","?","?","?","R","?","$","T","R","M","E","R","E"],"build_version":"2018-05-14v2","seed_source_timestamp":225044678825403,"purchased_purges":1,"victory":false,"master_deck":["Strike_B","Strike_B","Strike_B","Strike_B","Defend_B","Defend_B","Defend_B","Defend_B","Zap+1","Dualcast","Reinforced Body","Hologram+1","Multi-Cast","Ball Lightning","Defragment+1","Storm+1","Reboot","Redo+1","Streamline+1","Scrape"],"max_hp_per_floor":[75,75,75,75,75,75,75,75,75,75,75,75,75,75,75,75,75,75,75,75,75,75,75,75,75,75,75,75,75,75,75],"relics":["Cracked Core","Ice Cream","Bloody Idol","Vajra","Lantern","Dodecahedron","Sozu","Runic Capacitor","Anchor","Oddly Smooth Stone"],"card_choices":[{"not_picked":["Sweeping Beam","Beam Cell"],"picked":"Reinforced Body","floor":1.0},{"not_picked":["Beam Cell","Chaos"],"picked":"Hologram","floor":3},{"not_picked":["Ball Lightning","Skim"],"picked":"Multi-Cast","floor":5},{"not_picked":["Scrape","Leap"],"picked":"Ball Lightning","floor":7},{"not_picked":["Leap","Reprogram"],"picked":"Defragment","floor":10},{"not_picked":["Beam Cell","Turbo"],"picked":"Storm","floor":12},{"not_picked":["Axe Kick","BootSequence","Turbo"],"picked":"SKIP","floor":14},{"not_picked":["Hyperbeam","Multi-Cast"],"picked":"Reboot","floor":16},{"not_picked":["Hologram","Stack"],"picked":"Redo","floor":18},{"not_picked":["Force Field","Steam+1","Skim+1"],"picked":"SKIP","floor":19},{"not_picked":["Lockon","Go for the Eyes+1"],"picked":"Streamline+1","floor":28},{"not_picked":["Skim","Ball Lightning+1"],"picked":"Scrape","floor":29}],"player_experience":34548,"potions_floor_usage":[16,18],"damage_taken":[{"damage":6.0,"enemies":"Jaw Worm","floor":1.0,"turns":4.0},{"damage":0,"enemies":"Small Slimes","floor":3,"turns":2},{"damage":0,"enemies":"Cultist","floor":5,"turns":4},{"damage":11,"enemies":"3 Louse","floor":7,"turns":3},{"damage":8,"enemies":"Lagavulin","floor":10,"turns":5},{"damage":6,"enemies":"3 Sentries","floor":12,"turns":6},{"damage":0,"enemies":"Exordium Wildlife","floor":14,"turns":2},{"damage":20,"enemies":"Slime Boss","floor":16,"turns":8},{"damage":0,"enemies":"3 Byrds","floor":18,"turns":2},{"damage":31,"enemies":"2 Thieves","floor":19,"turns":4},{"damage":29,"enemies":"Cultist and Chosen","floor":28,"turns":4},{"damage":31,"enemies":"Slavers","floor":29,"turns":4},{"damage":42,"enemies":"Book of Stabbing","floor":31,"turns":5}],"relics_obtained":[{"floor":9,"key":"Vajra"},{"floor":10,"key":"Lantern"},{"floor":12,"key":"Dodecahedron"},{"floor":26,"key":"Anchor"},{"floor":29,"key":"Oddly Smooth Stone"}],"event_choices":[{"event_name":"Living Wall","player_choice":"Forget","floor":2.0,"damage_taken":0.0},{"event_name":"Golden Idol","player_choice":"Take Damage","floor":4,"damage_taken":0},{"event_name":"Liars Game","player_choice":"disagreed","floor":13,"damage_taken":0},{"event_name":"The Library","player_choice":"Heal","floor":20,"damage_taken":0},{"event_name":"Drug Dealer","player_choice":"Ignored","floor":21,"damage_taken":0},{"event_name":"N\u0027loth","player_choice":"Ignored","floor":22,"damage_taken":0},{"event_name":"Forgotten Altar","player_choice":"Gave Idol","floor":24,"damage_taken":0}],"boss_relics":[{"not_picked":["Lizard Tail","Nuclear Battery"],"picked":"Sozu"}],"potions_floor_spawned":[3,7,14,18,19,29],"seed_played":"-6858410404532008080","killed_by":"Book of Stabbing","ascension_level":0,"potions_obtained":[{"floor":3,"key":"LiquidBronze"},{"floor":7,"key":"SteroidPotion"},{"floor":14,"key":"LiquidBronze"}],"is_trial":false}