{"gold_per_floor":[111,36,36,36,36,69,69,69,69,69,81,81,114,134,134,208,208,223,237,237,0,16,16,75,75,75,75,109,122,154,169,169,169],"floor_reached":33,"playtime":1391,"items_purged":[],"score":655,"play_id":"315d2188-f77f-4e19-a278-5e81f2f43915","local_time":"20181223211647","is_ascension_mode":true,"campfire_choices":[{"floor":7.0,"key":"DIG"},{"floor":10.0,"key":"DIG"},{"floor":12.0,"key":"DIG"},{"floor":15.0,"key":"REST"},{"floor":23.0,"key":"REST"},{"floor":27.0,"key":"DIG"},{"floor":32.0,"key":"DIG"}],"neow_cost":"NONE","seed_source_timestamp":37419695752839,"circlet_count":0,"master_deck":["AscendersBane","Strike_B+1","Strike_B+1","Strike_B+1","Defend_B+1","Defend_B+1","Defend_B+1","Defend_B+1","Zap","Dualcast+1","Tempest","Coolheaded","Auto Shields","White Noise","Electrodynamics","Glacier","FTL","Go for the Eyes+1","Coolheaded","Loop+1"],"special_seed":0,"relics":["Cracked Core","NeowsBlessing","Shovel","Bird Faced Urn","Regal Pillow","Mummified Hand","Emotion Chip","Dodecahedron","PreservedInsect","Nuclear Battery","Tiny Chest","Potion Belt","Pear","Ornamental Fan","Molten Egg 2","Calipers"],"potions_floor_usage":[33],"damage_taken":[{"damage":0.0,"enemies":"2 Louse","floor":1.0,"turns":1.0},{"damage":0.0,"enemies":"Lagavulin","floor":6.0,"turns":1.0},{"damage":0.0,"enemies":"Jaw Worm","floor":11.0,"turns":1.0},{"damage":23.0,"enemies":"3 Sentries","floor":13.0,"turns":7.0},{"damage":9.0,"enemies":"Small Slimes","floor":14.0,"turns":5.0},{"damage":40.0,"enemies":"The Guardian","floor":16.0,"turns":16.0},{"damage":8.0,"enemies":"2 Thieves","floor":18.0,"turns":3.0},{"damage":9.0,"enemies":"Shell Parasite","floor":19.0,"turns":17.0},{"damage":4.0,"enemies":"Snake Plant","floor":22.0,"turns":5.0},{"damage":7.0,"enemies":"Slavers","floor":24.0,"turns":2.0},{"damage":24.0,"enemies":"Book of Stabbing","floor":28.0,"turns":5.0},{"damage":0.0,"enemies":"Chosen and Byrds","floor":29.0,"turns":5.0},{"damage":15.0,"enemies":"Slavers","floor":30.0,"turns":3.0},{"damage":0.0,"enemies":"3 Cultists","floor":31.0,"turns":3.0},{"damage":0,"enemies":"Champ","floor":33,"turns":7}],"seed_played":"3918510591581893637","potions_obtained":[{"floor":6.0,"key":"Ancient Potion"},{"floor":11.0,"key":"PowerPotion"},{"floor":24.0,"key":"Ancient Potion"},{"floor":30.0,"key":"FearPotion"},{"floor":31.0,"key":"PowerPotion"}],"is_trial":false,"path_per_floor":["M","?","?","?","$","E","R","$","T","R","M","R","E","M","R","B",null,"M","M","?","?","M","R","E","?","T","R","E","M","E","M","R","B"],"character_chosen":"DEFECT","items_purchased":[],"campfire_rested":2,"item_purchase_floors":[],"current_hp_per_floor":[64,64,59,38,38,38,38,38,38,38,38,38,17,8,44,6,55,51,46,46,46,46,71,68,68,68,78,56,66,55,57,57,63],"gold":169,"neow_bonus":"THREE_ENEMY_KILL","is_prod":false,"is_daily":false,"chose_seed":false,"campfire_upgraded":0,"win_rate":0,"timestamp":1545596207,"path_taken":["M","?","?","?","$","E","R","?","T","R","M","R","E","?","R","BOSS","M","M","?","?","M","R","E","?","T","R","E","M","E","M","R","BOSS"],"build_version":"2018-12-20","purchased_purges":0,"victory":false,"max_hp_per_floor":[71,71,71,71,71,71,71,71,71,71,71,71,71,71,71,71,71,71,71,71,71,71,71,71,71,71,81,81,81,81,81,81,81],"card_choices":[{"not_picked":["Redo","Storm"],"picked":"Tempest","floor":1.0},{"not_picked":["Barrage","Compile Driver"],"picked":"Coolheaded","floor":6.0},{"not_picked":["Sunder","Recycle","Steam"],"picked":"SKIP","floor":11.0},{"not_picked":["Static Discharge","Tempest"],"picked":"Auto Shields","floor":13.0},{"not_picked":["Ball Lightning","Stack"],"picked":"White Noise","floor":14.0},{"not_picked":["Machine Learning","Seek"],"picked":"Electrodynamics","floor":16.0},{"not_picked":["Steam Power","Compile Driver"],"picked":"Glacier","floor":18.0},{"not_picked":["Cold Snap","Coolheaded"],"picked":"FTL","floor":19.0},{"not_picked":["Sunder","Beam Cell+1","Genetic Algorithm"],"picked":"SKIP","floor":22.0},{"not_picked":["Compile Driver","Leap"],"picked":"Go for the Eyes+1","floor":24.0},{"not_picked":["Stack","Melter+1"],"picked":"Coolheaded","floor":28.0},{"not_picked":["Steam","Barrage","Cold Snap"],"picked":"SKIP","floor":29.0},{"not_picked":["Steam","Barrage","Cold Snap"],"picked":"SKIP","floor":29.0},{"not_picked":["Reinforced Body","Steam","Storm"],"picked":"SKIP","floor":30.0},{"not_picked":["Sunder+1","Cold Snap+1"],"picked":"Loop+1","floor":31.0}],"player_experience":864802,"relics_obtained":[{"floor":6.0,"key":"Bird Faced Urn"},{"floor":7.0,"key":"Regal Pillow"},{"floor":9.0,"key":"Mummified Hand"},{"floor":10.0,"key":"Emotion Chip"},{"floor":12.0,"key":"Dodecahedron"},{"floor":13.0,"key":"PreservedInsect"},{"floor":24.0,"key":"Tiny Chest"},{"floor":26.0,"key":"Potion Belt"},{"floor":27.0,"key":"Pear"},{"floor":28.0,"key":"Ornamental Fan"},{"floor":30.0,"key":"Molten Egg 2"},{"floor":32.0,"key":"Calipers"}],"event_choices":[{"cards_removed":["Strike_B"],"damage_healed":0.0,"max_hp_gain":0.0,"max_hp_loss":0.0,"gold_gain":0.0,"event_name":"The Cleric","player_choice":"Card Removal","floor":2.0,"gold_loss":75.0,"damage_taken":0.0},{"damage_healed":0.0,"max_hp_gain":0.0,"max_hp_loss":0.0,"gold_gain":0.0,"event_name":"Scrap Ooze","player_choice":"Success","floor":3.0,"gold_loss":0.0,"damage_taken":5.0,"relics_obtained":["Shovel"]},{"damage_healed":0.0,"max_hp_gain":0.0,"max_hp_loss":0.0,"gold_gain":0.0,"event_name":"Shining Light","player_choice":"Entered Light","floor":4.0,"gold_loss":0.0,"damage_taken":21.0,"cards_upgraded":["Dualcast","Strike_B"]},{"damage_healed":0.0,"max_hp_gain":0.0,"max_hp_loss":0.0,"gold_gain":0.0,"event_name":"Back to Basics","player_choice":"Simplicity","floor":20.0,"gold_loss":0.0,"damage_taken":0.0,"cards_upgraded":["Strike_B","Strike_B","Defend_B","Defend_B","Defend_B","Defend_B"]},{"damage_healed":0.0,"max_hp_gain":0.0,"max_hp_loss":0.0,"gold_gain":0.0,"event_name":"Masked Bandits","player_choice":"Paid Fearfully","floor":21.0,"gold_loss":237.0,"damage_taken":0.0},{"damage_healed":0.0,"max_hp_gain":0.0,"max_hp_loss":0.0,"gold_gain":0.0,"event_name":"Ghosts","player_choice":"Ignored","floor":25.0,"gold_loss":0.0,"damage_taken":0.0}],"is_beta":true,"boss_relics":[{"not_picked":["Pandora\u0027s Box","Velvet Choker"],"picked":"Nuclear Battery"}],"items_purged_floors":[],"is_endless":false,"potions_floor_spawned":[6,11,24,30,31],"killed_by":"Champ","ascension_level":19}