{"path_per_floor":["M","M","$","$","T","R","E","$","T","R","M","?","E","M","R","B",null,"M","?","?","M","?","E","R","M","T","R","M"],"character_chosen":"DEFECT","items_purchased":["Conserve Battery","Hologram","Coolheaded","War Paint"],"gold_per_floor":[115,130,57,33,33,33,361,157,228,228,247,212,246,257,257,355,355,365,365,288,306,306,333,333,350,425,425,440,440],"floor_reached":29,"campfire_rested":2,"playtime":2276,"current_hp_per_floor":[75,69,69,69,69,69,40,40,40,40,35,53,40,40,40,1,75,49,74,74,56,56,23,45,14,14,36,17,0],"items_purged":[],"gold":440,"score":251,"play_id":"3813a5b9-6fc6-454e-8ea6-10eb4119b039","local_time":"20180428000456","is_prod":false,"is_daily":false,"chose_seed":false,"is_ascension_mode":false,"campfire_upgraded":3,"timestamp":1524845096,"path_taken":["M","M","?","$","?","R","E","?","T","R","M","?","E","M","R","BOSS","M","?","?","M","?","E","R","M","T","R","M","M"],"build_version":"2018-04-26v2","seed_source_timestamp":221329253567049,"purchased_purges":0,"victory":false,"master_deck":["Strike_B+1","Strike_B","Strike_B","Strike_B+1","Defend_B+1","Defend_B","Defend_B","Defend_B","Zap","Dualcast+1","Streamline","Sweeping Beam","Conserve Battery","Hologram+1","Chaos+1","Coolheaded","Streamline","Machine Learning","Capacitor+1","Rainbow","J.A.X.","Barrage+1","Beam Cell","Glacier"],"max_hp_per_floor":[75,75,75,75,75,75,75,75,75,75,75,75,75,75,75,75,75,75,75,75,75,75,75,75,75,75,75,75,75],"relics":["Cracked Core","Question Card","Old Coin","War Paint","Mummified Hand","Whetstone","White Beast Statue","Bag of Preparation","Darkstone Periapt","Toolbox"],"card_choices":[{"not_picked":["Force Field","Ball Lightning"],"picked":"Streamline","floor":1},{"not_picked":["Skim","Static Discharge"],"picked":"Sweeping Beam","floor":2},{"not_picked":["Sweeping Beam","Blizzard","Leap"],"picked":"Chaos","floor":7},{"not_picked":["Coolheaded","Aggregate","Stack"],"picked":"Streamline","floor":11},{"not_picked":["Streamline","Force Field","Stack"],"picked":"Machine Learning","floor":13},{"not_picked":["Hologram","Coolheaded","Aggregate"],"picked":"Capacitor","floor":14},{"not_picked":["Redo","Fission","Creative AI"],"picked":"Rainbow","floor":16},{"not_picked":["Melter","Heatsinks","Leap"],"picked":"Barrage","floor":21},{"not_picked":["Stack","Force Field","Impulse"],"picked":"Beam Cell","floor":23},{"not_picked":["FTL","Genetic Algorithm","Tempest"],"picked":"Glacier","floor":25}],"player_experience":3729,"potions_floor_usage":[21,23,28,29,29],"damage_taken":[{"damage":0,"enemies":"Cultist","floor":1,"turns":4},{"damage":6,"enemies":"Jaw Worm","floor":2,"turns":3},{"damage":29,"enemies":"3 Sentries","floor":7,"turns":7},{"damage":5,"enemies":"2 Louse","floor":11,"turns":3},{"damage":13,"enemies":"Lagavulin","floor":13,"turns":6},{"damage":0,"enemies":"2 Fungi Beasts","floor":14,"turns":3},{"damage":39,"enemies":"Slime Boss","floor":16,"turns":8},{"damage":26,"enemies":"Shell Parasite","floor":18,"turns":8},{"damage":18,"enemies":"Spheric Guardian","floor":21,"turns":5},{"damage":33,"enemies":"Gremlin Leader","floor":23,"turns":7},{"damage":31,"enemies":"Chosen and Byrds","floor":25,"turns":5},{"damage":19,"enemies":"Centurion and Healer","floor":28,"turns":5},{"damage":17,"enemies":"Snake Plant","floor":29,"turns":3}],"event_choices":[{"event_name":"The Cleric","player_choice":"Healed","floor":12,"damage_taken":0},{"event_name":"The Library","player_choice":"Heal","floor":19,"damage_taken":0},{"event_name":"Drug Dealer","player_choice":"Got JAXXED","floor":20,"damage_taken":0},{"event_name":"The Mausoleum","player_choice":"Yes","floor":22,"damage_taken":0}],"boss_relics":[{"not_picked":["Runic Dome","Eternal Feather"],"picked":"White Beast Statue"}],"potions_floor_spawned":[2,11,14,16,18,21,23,25,28],"seed_played":"-6734371802592084352","killed_by":"Snake Plant","ascension_level":0,"is_trial":false}