{"gold_per_floor":[113,130,142,155,155,155,187,205,278,13,13,13,32,45,45,173,173,198,113,22,36,36],"floor_reached":22,"playtime":1814,"items_purged":[],"score":197,"play_id":"c9f0ea73-f134-4c15-ad7d-ebba76be3e40","local_time":"20190130003644","is_ascension_mode":true,"campfire_choices":[{"data":"Dual Wield","floor":6.0,"key":"SMITH"},{"data":"The Bomb","floor":15,"key":"SMITH"}],"neow_cost":"NONE","seed_source_timestamp":0,"circlet_count":0,"master_deck":["Bash","Dual Wield+1","Spot Weakness","Immolate","Dark Embrace","Headbutt","The Bomb+1","Searing Blow","Double Tap","Pommel Strike","Feed","Perfected Strike","Sword Boomerang","Iron Wave","Entrench","Body Slam","Dropkick","Thunderclap+1","Enlightenment","Warcry"],"special_seed":0,"relics":["Burning Blood","Pen Nib","Art of War","Bottled Flame","Golden Idol","Pandora\u0027s Box","Unceasing Top"],"potions_floor_usage":[],"damage_taken":[{"damage":2.0,"enemies":"2 Louse","floor":1.0,"turns":4.0},{"damage":5.0,"enemies":"Cultist","floor":2.0,"turns":4.0},{"damage":12.0,"enemies":"Small Slimes","floor":3.0,"turns":3.0},{"damage":22.0,"enemies":"Exordium Thugs","floor":4.0,"turns":5.0},{"damage":13.0,"enemies":"3 Sentries","floor":7.0,"turns":4.0},{"damage":6.0,"enemies":"Exordium Wildlife","floor":8.0,"turns":3.0},{"damage":0.0,"enemies":"3 Louse","floor":13.0,"turns":1.0},{"damage":0,"enemies":"Large Slime","floor":14,"turns":4},{"damage":35,"enemies":"Slime Boss","floor":16,"turns":5},{"damage":34,"enemies":"Shell Parasite","floor":18,"turns":4},{"damage":0,"enemies":"Spheric Guardian","floor":21,"turns":1},{"damage":20,"enemies":"Shelled Parasite and Fungi","floor":22,"turns":3}],"seed_played":"1439657425677640184","potions_obtained":[{"floor":1.0,"key":"Weak Potion"},{"floor":7.0,"key":"GamblersBrew"},{"floor":8.0,"key":"Swift Potion"}],"is_trial":false,"path_per_floor":["M","M","M","M","?","R","E","M","T","$","?","$","M","M","R","B",null,"M","?","$","M","M"],"character_chosen":"IRONCLAD","items_purchased":["The Bomb","Searing Blow","Enlightenment"],"campfire_rested":0,"item_purchase_floors":[10,10,20],"current_hp_per_floor":[80,80,74,58,58,58,51,51,51,51,31,31,37,43,43,14,80,52,52,52,58,38],"gold":36,"neow_bonus":"RANDOM_COMMON_RELIC","is_prod":false,"is_daily":false,"chose_seed":false,"campfire_upgraded":2,"win_rate":0,"timestamp":1548805004,"path_taken":["M","M","M","M","?","R","E","M","T","$","?","$","M","M","R","BOSS","M","?","?","?","M"],"build_version":"2019-01-23","purchased_purges":0,"victory":false,"max_hp_per_floor":[80,80,80,80,80,80,80,80,80,80,80,80,80,80,80,80,80,80,80,80,80,80],"card_choices":[{"not_picked":["Flex","Anger"],"picked":"Dual Wield","floor":1.0},{"not_picked":["Fire Breathing","Clash"],"picked":"Spot Weakness","floor":2.0},{"not_picked":["Flex","Body Slam"],"picked":"Immolate","floor":3.0},{"not_picked":["Clash","Shockwave","Flame Barrier"],"picked":"SKIP","floor":4.0},{"not_picked":["Blood for Blood","Clash"],"picked":"Headbutt","floor":7.0},{"not_picked":["Body Slam","Entrench","Sever Soul"],"picked":"SKIP","floor":8.0},{"not_picked":["Cleave","Twin Strike","True Grit"],"picked":"SKIP","floor":13.0},{"not_picked":["Disarm","Twin Strike","Blood for Blood"],"picked":"SKIP","floor":14},{"not_picked":["Brutality","Exhume"],"picked":"Double Tap","floor":16},{"not_picked":["Combust","Hemokinesis"],"picked":"Thunderclap+1","floor":18},{"not_picked":["Inflame","Thunderclap"],"picked":"Warcry","floor":21}],"player_experience":109913,"relics_obtained":[{"floor":7.0,"key":"Art of War"},{"floor":9.0,"key":"Bottled Flame"}],"event_choices":[{"damage_healed":0.0,"max_hp_gain":0.0,"max_hp_loss":0.0,"gold_gain":0.0,"cards_transformed":["Strike_R"],"event_name":"Transmorgrifier","player_choice":"Transformed","floor":5.0,"gold_loss":0.0,"damage_taken":0.0,"cards_obtained":["Dark Embrace"]},{"damage_healed":0.0,"max_hp_gain":0.0,"max_hp_loss":0.0,"gold_gain":0.0,"event_name":"Golden Idol","player_choice":"Take Damage","floor":11.0,"gold_loss":0.0,"damage_taken":20.0,"relics_obtained":["Golden Idol"]},{"damage_healed":0,"gold_gain":0,"player_choice":"Obtained Relic","damage_taken":0,"relics_obtained":["Unceasing Top"],"max_hp_gain":0,"max_hp_loss":0,"event_name":"Addict","floor":19,"gold_loss":85}],"is_beta":false,"boss_relics":[{"not_picked":["Black Star","Lizard Tail"],"picked":"Pandora\u0027s Box"}],"items_purged_floors":[],"is_endless":false,"potions_floor_spawned":[1,7,8,16],"killed_by":"Shelled Parasite and Fungi","ascension_level":1}