{"gold_per_floor":[117,42,42,53,53,53,88,88,88,103,178,178,192,204,204,302,352,262,162,162],"floor_reached":20,"playtime":48766,"items_purged":["Bash","Strike_R"],"score":187,"play_id":"9e1f770c-c098-49d2-a68b-70b29410b3cb","local_time":"20181118012110","is_ascension_mode":true,"campfire_choices":[{"data":"Inflame","floor":6,"key":"SMITH"},{"floor":8,"key":"REST"},{"floor":12,"key":"REST"},{"floor":15,"key":"REST"}],"neow_cost":"NONE","seed_source_timestamp":240595675258278,"circlet_count":0,"master_deck":["Strike_R","Strike_R+1","Strike_R","Strike_R","Defend_R","Defend_R","Defend_R","Defend_R","Whirlwind","Inflame+1","Barricade","Disarm","Shrug It Off"],"relics":["Philosopher\u0027s Stone","Champion Belt","Ornamental Fan","Orichalcum","Tiny House"],"potions_floor_usage":[16],"damage_taken":[{"damage":12,"enemies":"Small Slimes","floor":1,"turns":2},{"damage":0,"enemies":"Cultist","floor":4,"turns":4},{"damage":33,"enemies":"3 Sentries","floor":7,"turns":8},{"damage":0,"enemies":"2 Louse","floor":10,"turns":2},{"damage":14,"enemies":"Red Slaver","floor":13,"turns":5},{"damage":18,"enemies":"3 Louse","floor":14,"turns":3},{"damage":46,"enemies":"The Guardian","floor":16,"turns":17},{"damage":49,"enemies":"2 Thieves","floor":18,"turns":5},{"damage":38,"enemies":"3 Byrds","floor":20,"turns":3}],"seed_played":"-2904896843382005161","potions_obtained":[{"floor":1,"key":"Block Potion"},{"floor":13,"key":"GamblersBrew"},{"floor":17,"key":"Ancient Potion"}],"is_trial":false,"path_per_floor":["M","$","?","M","$","R","E","R","T","M","?","R","M","M","R","B",null,"M","$","M"],"character_chosen":"IRONCLAD","items_purchased":[],"campfire_rested":3,"item_purchase_floors":[],"current_hp_per_floor":[68,68,68,68,68,68,35,59,59,59,48,72,58,40,64,18,85,36,36,0],"gold":162,"neow_bonus":"BOSS_RELIC","is_prod":false,"is_daily":false,"chose_seed":false,"campfire_upgraded":1,"win_rate":0,"timestamp":1542525670,"path_taken":["M","$","?","M","?","R","E","R","T","?","?","R","M","M","R","BOSS","M","$","M"],"build_version":"2018-11-15","purchased_purges":2,"victory":false,"max_hp_per_floor":[80,80,80,80,80,80,80,80,80,80,80,80,80,80,80,80,85,85,85,85],"card_choices":[{"not_picked":["Battle Trance","True Grit"],"picked":"Whirlwind","floor":1},{"not_picked":["Headbutt","Twin Strike"],"picked":"Inflame","floor":4},{"not_picked":["Infernal Blade","Second Wind"],"picked":"Barricade","floor":7},{"not_picked":["Pummel","Sever Soul","Rage"],"picked":"SKIP","floor":10},{"not_picked":["Headbutt","Shrug It Off"],"picked":"Disarm","floor":13},{"not_picked":["Feel No Pain","Intimidate","Twin Strike"],"picked":"SKIP","floor":14},{"not_picked":["Searing Blow","Anger"],"picked":"Shrug It Off","floor":17},{"not_picked":["Cleave+1","Rage","Clothesline"],"picked":"SKIP","floor":18}],"player_experience":275613,"relics_obtained":[{"floor":7,"key":"Ornamental Fan"},{"floor":9,"key":"Orichalcum"}],"event_choices":[{"damage_healed":0,"gold_gain":0,"player_choice":"Gave Potion","damage_taken":0,"relics_obtained":["Champion Belt"],"max_hp_gain":0,"max_hp_loss":0,"event_name":"WeMeetAgain","floor":3,"gold_loss":0},{"damage_healed":0,"gold_gain":75,"player_choice":"Gather Gold","damage_taken":11,"max_hp_gain":0,"max_hp_loss":0,"event_name":"World of Goop","floor":11,"gold_loss":0}],"is_beta":false,"boss_relics":[{"not_picked":["Mark of Pain","Fusion Hammer"],"picked":"Tiny House"}],"items_purged_floors":[2,19],"is_endless":false,"potions_floor_spawned":[1,13],"killed_by":"3 Byrds","ascension_level":2}