{"gold_per_floor":[114,132,143,143,16,41,41,55,55,55,67,83,111,11,11,109,109,128,128,141,141,158,158,177,195,220,234,245,245,265,285,285,388,388,405,422,422,432,451,451,465,83,132,132,142,157,29,42,42,42],"floor_reached":51,"playtime":3205,"items_purged":["Strike_B","Strike_B","Parasite"],"score":696,"play_id":"1017326d-3c30-4fd2-bd24-83637c062fb5","local_time":"20190227024409","is_ascension_mode":false,"campfire_choices":[{"data":"Zap","floor":7,"key":"SMITH"},{"data":"Beam Cell","floor":10,"key":"SMITH"},{"data":"Coolheaded","floor":15,"key":"SMITH"},{"data":"Barrage","floor":23,"key":"SMITH"},{"floor":32,"key":"REST"},{"data":"Seek","floor":40,"key":"SMITH"},{"floor":49,"key":"REST"}],"neow_cost":"NONE","seed_source_timestamp":24157768513061,"circlet_count":0,"master_deck":["Defend_B+1","Defend_B+1","Defend_B+1","Defend_B+1","Zap+1","Dualcast","Compile Driver","Cold Snap","Beam Cell+1","Glacier","Barrage+1","Core Surge","Gash","Coolheaded+1","Stack+1","Machine Learning","Glacier","Cold Snap","Melter","Blizzard","Chill+1","Conserve Battery","Reprogram+1","Seek+1","Barrage","Capacitor","Hologram","Buffer","Loop","Loop+1"],"relics":["Cracked Core","Shuriken","Nunchaku","Ice Cream","White Beast Statue","Potion Belt","Nuclear Battery","Symbiotic Virus","War Paint","Kunai"],"potions_floor_usage":[1,8,12,22,22,25,27,31,33,38,45,45,48,50,50,50,50,50],"damage_taken":[{"damage":5,"enemies":"Small Slimes","floor":1,"turns":4},{"damage":1,"enemies":"Jaw Worm","floor":2,"turns":3},{"damage":0,"enemies":"Cultist","floor":3,"turns":2},{"damage":8,"enemies":"Lagavulin","floor":6,"turns":8},{"damage":5,"enemies":"Exordium Wildlife","floor":8,"turns":3},{"damage":0,"enemies":"Blue Slaver","floor":11,"turns":3},{"damage":3,"enemies":"Gremlin Gang","floor":12,"turns":3},{"damage":12,"enemies":"3 Sentries","floor":13,"turns":6},{"damage":12,"enemies":"Hexaghost","floor":16,"turns":9},{"damage":8,"enemies":"Chosen","floor":18,"turns":5},{"damage":16,"enemies":"3 Byrds","floor":20,"turns":6},{"damage":3,"enemies":"Snake Plant","floor":22,"turns":6},{"damage":2,"enemies":"Snecko","floor":24,"turns":6},{"damage":8,"enemies":"Centurion and Healer","floor":25,"turns":6},{"damage":1,"enemies":"Snake Plant","floor":27,"turns":5},{"damage":0,"enemies":"Sentry and Sphere","floor":28,"turns":4},{"damage":0,"enemies":"Cultist and Chosen","floor":30,"turns":6},{"damage":0,"enemies":"Snake Plant","floor":31,"turns":6},{"damage":47,"enemies":"Automaton","floor":33,"turns":14},{"damage":0,"enemies":"3 Shapes","floor":35,"turns":7},{"damage":4,"enemies":"3 Darklings","floor":36,"turns":6},{"damage":0,"enemies":"Writhing Mass","floor":38,"turns":7},{"damage":1,"enemies":"Spire Growth","floor":39,"turns":5},{"damage":2,"enemies":"3 Darklings","floor":41,"turns":5},{"damage":1,"enemies":"Writhing Mass","floor":45,"turns":7},{"damage":2,"enemies":"Sphere and 2 Shapes","floor":46,"turns":3},{"damage":22,"enemies":"Transient","floor":48,"turns":5},{"damage":0,"enemies":"Time Eater","floor":50,"turns":9}],"seed_played":"-5646938220170139813","potions_obtained":[{"floor":1,"key":"Fruit Juice"},{"floor":6,"key":"GamblersBrew"},{"floor":8,"key":"SteroidPotion"},{"floor":18,"key":"Weak Potion"},{"floor":20,"key":"EntropicBrew"},{"floor":22,"key":"Swift Potion"},{"floor":25,"key":"Block Potion"},{"floor":27,"key":"FocusPotion"},{"floor":28,"key":"Weak Potion"},{"floor":30,"key":"Energy Potion"},{"floor":31,"key":"LiquidBronze"},{"floor":33,"key":"Weak Potion"},{"floor":35,"key":"Block Potion"},{"floor":38,"key":"Explosive Potion"},{"floor":45,"key":"Ancient Potion"},{"floor":46,"key":"PowerPotion"},{"floor":48,"key":"AttackPotion"}],"is_trial":false,"path_per_floor":["M","M","M","?","$","E","R","M","T","R","M","M","E","$","R","B",null,"M","?","M","?","M","R","M","M","T","M","M","?","M","M","R","B",null,"M","M","?","M","M","R","M","$","T","?","M","M","?","M","R","B",null],"character_chosen":"DEFECT","items_purchased":["Barrage","Symbiotic Virus"],"campfire_rested":2,"item_purchase_floors":[5,42],"current_hp_per_floor":[75,74,74,79,79,71,71,66,66,66,66,63,51,51,51,39,85,77,77,61,61,58,58,56,48,48,47,47,47,47,47,72,25,85,85,81,81,81,80,80,78,78,78,78,77,75,75,53,77,77],"gold":42,"neow_bonus":"THREE_CARDS","is_prod":false,"is_daily":false,"chose_seed":false,"campfire_upgraded":5,"win_rate":0,"timestamp":1551203049,"path_taken":["M","M","M","?","$","E","R","M","T","R","M","M","E","$","R","BOSS","M","?","?","?","M","R","M","M","T","M","M","?","M","?","R","BOSS","M","M","?","M","M","R","M","$","T","?","M","?","?","?","R","BOSS"],"build_version":"2019-01-23","purchased_purges":3,"victory":true,"max_hp_per_floor":[80,80,80,85,85,85,85,85,85,85,85,85,85,85,85,85,85,85,85,85,85,85,85,85,85,85,85,85,85,85,85,85,85,85,85,85,85,85,85,85,85,82,82,82,82,82,82,82,82,82],"card_choices":[{"not_picked":["Hello World","Turbo"],"picked":"Compile Driver","floor":0},{"not_picked":["Reinforced Body","Reprogram"],"picked":"Cold Snap","floor":1},{"not_picked":["Turbo","Darkness"],"picked":"Beam Cell","floor":2},{"not_picked":["Hologram","Barrage"],"picked":"Glacier","floor":3},{"not_picked":["Leap","Steam"],"picked":"Core Surge","floor":6},{"not_picked":["Steam","Turbo"],"picked":"Gash","floor":8},{"not_picked":["Heatsinks","Compile Driver","Turbo"],"picked":"SKIP","floor":11},{"not_picked":["FTL","Meteor Strike"],"picked":"Coolheaded","floor":12},{"not_picked":["Sweeping Beam","Turbo"],"picked":"Stack","floor":13},{"not_picked":["Core Surge","Buffer"],"picked":"Machine Learning","floor":16},{"not_picked":["Gash","Turbo+1","Hello World"],"picked":"SKIP","floor":18},{"not_picked":["Sunder","Streamline"],"picked":"Cold Snap","floor":20},{"not_picked":["Beam Cell+1","Meteor Strike"],"picked":"Melter","floor":22},{"not_picked":["Streamline+1","FTL"],"picked":"Blizzard","floor":24},{"not_picked":["Redo","Sweeping Beam"],"picked":"Chill","floor":25},{"not_picked":["Steam","Undo","Beam Cell"],"picked":"SKIP","floor":27},{"not_picked":["Melter","Double Energy","Static Discharge"],"picked":"SKIP","floor":28},{"not_picked":["BootSequence","Cold Snap"],"picked":"Conserve Battery","floor":30},{"not_picked":["Double Energy","Stack"],"picked":"Reprogram+1","floor":31},{"not_picked":["Amplify","Creative AI"],"picked":"Seek","floor":33},{"not_picked":["Darkness+1","Leap+1"],"picked":"Barrage","floor":35},{"not_picked":["Stack+1","Steam","Hello World+1"],"picked":"SKIP","floor":36},{"not_picked":["Auto Shields+1","Recycle+1"],"picked":"Capacitor","floor":38},{"not_picked":["Skim+1","Scrape"],"picked":"Hologram","floor":39},{"not_picked":["Ball Lightning+1","Rebound","Coolheaded"],"picked":"SKIP","floor":41},{"not_picked":["Static Discharge+1","Steam+1"],"picked":"Loop","floor":45},{"not_picked":["Redo","Skim","Compile Driver"],"picked":"SKIP","floor":46},{"not_picked":["Melter+1","Barrage+1"],"picked":"Loop+1","floor":48}],"player_experience":522579,"relics_obtained":[{"floor":6,"key":"Shuriken"},{"floor":9,"key":"Nunchaku"},{"floor":13,"key":"Ice Cream"},{"floor":26,"key":"Potion Belt"},{"floor":43,"key":"War Paint"}],"event_choices":[{"damage_healed":0,"gold_gain":0,"player_choice":"Donut","damage_taken":0,"max_hp_gain":5,"max_hp_loss":0,"event_name":"Big Fish","floor":4,"gold_loss":0},{"damage_healed":0,"gold_gain":0,"player_choice":"Copied","damage_taken":0,"max_hp_gain":0,"max_hp_loss":0,"event_name":"Duplicator","floor":19,"gold_loss":0,"cards_obtained":["Glacier"]},{"damage_healed":0,"gold_gain":0,"player_choice":"Simplicity","damage_taken":0,"max_hp_gain":0,"max_hp_loss":0,"event_name":"Back to Basics","floor":21,"gold_loss":0,"cards_upgraded":["Strike_B","Strike_B","Defend_B","Defend_B","Defend_B","Defend_B"]},{"cards_removed":["Strike_B"],"damage_healed":0,"gold_gain":0,"player_choice":"Offered Basic","damage_taken":0,"max_hp_gain":0,"max_hp_loss":0,"event_name":"Bonfire Elementals","floor":29,"gold_loss":0},{"damage_healed":0,"gold_gain":0,"player_choice":"Ignored","damage_taken":0,"max_hp_gain":0,"max_hp_loss":0,"event_name":"Tomb of Lord Red Mask","floor":37,"gold_loss":0},{"damage_healed":0,"gold_gain":0,"cards_transformed":["Strike_B"],"player_choice":"Transformed","damage_taken":0,"max_hp_gain":0,"max_hp_loss":0,"event_name":"Transmorgrifier","floor":44,"gold_loss":0,"cards_obtained":["Buffer"]},{"damage_healed":0,"gold_gain":0,"player_choice":"Paid Gold","damage_taken":0,"relics_obtained":["Kunai"],"max_hp_gain":0,"max_hp_loss":0,"event_name":"WeMeetAgain","floor":47,"gold_loss":128}],"is_beta":false,"boss_relics":[{"not_picked":["Runic Dome","Runic Pyramid"],"picked":"White Beast Statue"},{"not_picked":["Eternal Feather","Astrolabe"],"picked":"Nuclear Battery"}],"items_purged_floors":[5,14,42],"is_endless":false,"potions_floor_spawned":[1,6,8,18,20,22,24,25,27,28,30,31,33,35,36,38,39,41,45,46,48],"ascension_level":0}