{"gold_per_floor":[366,381,381,381,31,31,31,31,31,42,75,75,93,121,121,196,196,208,298,20,30,44,44,78,89,89,89,121,133,172,203,215,304,316,339,367,426,456,203,203,234,234,234,248,248,260,260,273,273,273,273,273,83,109,109],"floor_reached":56,"playtime":3081,"items_purged":["Gash"],"score":2470,"play_id":"e6a1cd49-4092-4302-b449-c72b907bf01d","local_time":"20181224145447","is_ascension_mode":true,"campfire_choices":[{"data":"Defragment","floor":6.0,"key":"SMITH"},{"floor":8.0,"key":"REST"},{"data":"Defragment","floor":12.0,"key":"SMITH"},{"floor":15.0,"key":"REST"},{"data":"Loop","floor":23.0,"key":"SMITH"},{"data":"Loop","floor":27.0,"key":"SMITH"},{"floor":29.0,"key":"REST"},{"data":"Capacitor","floor":32.0,"key":"SMITH"},{"floor":40.0,"key":"REST"},{"floor":47,"key":"RECALL"},{"floor":49,"key":"REST"},{"data":"Electrodynamics","floor":52,"key":"SMITH"}],"neow_cost":"CURSE","seed_source_timestamp":18226705338591,"circlet_count":0,"master_deck":["AscendersBane","Strike_B","Strike_B","Strike_B","Defend_B","Defend_B","Defend_B","Defend_B","Zap","Dualcast","Defragment+1","Defragment+1","Self Repair","FTL","Loop+1","Chill+1","Multi-Cast+1","Capacitor+1","Cold Snap","Loop+1","Bandage Up+1","Genetic Algorithm+1","Compile Driver","Reinforced Body+1","Ball Lightning","Electrodynamics+1","Stack+1","Redo+1","Electrodynamics","Coolheaded+1","Barrage+1","Coolheaded+1","Deep Breath+1","Chill+1","Darkness+1","Skim+1","Amplify+1","Loop","Go for the Eyes+1"],"special_seed":0,"relics":["Cracked Core","Pantograph","Symbiotic Virus","FossilizedHelix","DataDisk","Toxic Egg 2","Sozu","Bottled Tornado","Molten Egg 2","MawBank","Lantern","Inserter","Emotion Chip","Cables","Peace Pipe","Shuriken"],"potions_floor_usage":[55],"damage_taken":[{"damage":2.0,"enemies":"Jaw Worm","floor":1.0,"turns":3.0},{"damage":7.0,"enemies":"Small Slimes","floor":2.0,"turns":3.0},{"damage":0.0,"enemies":"Cultist","floor":10.0,"turns":3.0},{"damage":3.0,"enemies":"Lagavulin","floor":11.0,"turns":7.0},{"damage":0.0,"enemies":"Looter","floor":13.0,"turns":2.0},{"damage":40.0,"enemies":"3 Sentries","floor":14.0,"turns":6.0},{"damage":0.0,"enemies":"The Guardian","floor":16.0,"turns":8.0},{"damage":11.0,"enemies":"Spheric Guardian","floor":18.0,"turns":4.0},{"damage":0.0,"enemies":"3 Byrds","floor":21.0,"turns":5.0},{"damage":16.0,"enemies":"Cultist and Chosen","floor":22.0,"turns":12.0},{"damage":30.0,"enemies":"Book of Stabbing","floor":24.0,"turns":4.0},{"damage":4.0,"enemies":"Centurion and Healer","floor":25.0,"turns":7.0},{"damage":35.0,"enemies":"Slavers","floor":28.0,"turns":8.0},{"damage":0.0,"enemies":"Book of Stabbing","floor":30.0,"turns":3.0},{"damage":0.0,"enemies":"Snake Plant","floor":31.0,"turns":2.0},{"damage":0.0,"enemies":"Champ","floor":33.0,"turns":5.0},{"damage":0.0,"enemies":"3 Shapes","floor":35.0,"turns":3.0},{"damage":0.0,"enemies":"3 Darklings","floor":36.0,"turns":5.0},{"damage":45.0,"enemies":"2 Orb Walkers","floor":37.0,"turns":6.0},{"damage":10.0,"enemies":"Writhing Mass","floor":38.0,"turns":5.0},{"damage":33.0,"enemies":"Nemesis","floor":41.0,"turns":5.0},{"damage":29.0,"enemies":"Transient","floor":44.0,"turns":6.0},{"damage":0,"enemies":"4 Shapes","floor":46,"turns":6},{"damage":0,"enemies":"Jaw Worm Horde","floor":48,"turns":3},{"damage":33,"enemies":"Awakened One","floor":50,"turns":9},{"damage":20,"enemies":"Shield and Spear","floor":54,"turns":7},{"damage":51,"enemies":"The Heart","floor":55,"turns":11}],"seed_played":"5109804786675719619","potions_obtained":[{"floor":2.0,"key":"Block Potion"},{"floor":11.0,"key":"SneckoOil"},{"floor":14.0,"key":"LiquidBronze"}],"is_trial":false,"path_per_floor":["M","M","?","?","$","R","$","R","T","M","E","R","M","E","R","B",null,"M","?","$","M","M","R","E","M","T","R","E","R","E","M","R","B",null,"M","M","?","M","$","R","E","?","T","M","?","M","R","M","R","B",null,"R","$","E","B",null],"character_chosen":"DEFECT","items_purchased":["Defragment","Symbiotic Virus","Cold Snap","Loop","Bandage Up+1","Cables","Amplify+1","Loop"],"campfire_rested":5,"item_purchase_floors":[5,5,20,20,20,39,53,53],"current_hp_per_floor":[62,55,37,30,30,30,30,51,51,51,55,55,55,22,43,71,71,67,53,53,66,62,62,38,47,47,47,25,46,46,46,46,71,71,71,71,32,35,35,56,36,36,36,20,20,33,33,33,54,44,64,64,64,50,33],"gold":109,"neow_bonus":"TWO_FIFTY_GOLD","is_prod":false,"is_daily":false,"chose_seed":false,"campfire_upgraded":6,"win_rate":0,"timestamp":1545659687,"path_taken":["M","M","?","?","$","R","$","R","T","M","E","R","M","E","R","BOSS","M","?","$","M","M","R","E","M","T","R","E","R","E","M","R","BOSS","M","?","?","M","?","R","E","?","T","M","?","M","R","M","R","BOSS","R","$","E","BOSS"],"build_version":"2018-12-20","purchased_purges":1,"victory":true,"max_hp_per_floor":[71,71,71,71,71,71,71,71,71,71,71,71,71,71,71,71,71,71,71,71,71,71,71,71,71,71,71,71,71,71,71,71,71,71,71,71,71,71,71,71,71,71,71,71,71,71,71,71,71,71,71,71,71,71,71],"card_choices":[{"not_picked":["Compile Driver","Beam Cell"],"picked":"Defragment","floor":1.0},{"not_picked":["Heatsinks","Streamline"],"picked":"Gash","floor":2.0},{"not_picked":["Force Field","Chaos"],"picked":"Self Repair","floor":10.0},{"not_picked":["Streamline","Meteor Strike"],"picked":"FTL","floor":11.0},{"not_picked":["Compile Driver","Rip and Tear"],"picked":"Loop","floor":13.0},{"not_picked":["Rip and Tear","Sunder"],"picked":"Chill","floor":14.0},{"not_picked":["Meteor Strike","Core Surge"],"picked":"Multi-Cast+1","floor":16.0},{"not_picked":["Coolheaded+1","Doom and Gloom"],"picked":"Capacitor","floor":18.0},{"not_picked":["Streamline","Cold Snap"],"picked":"Genetic Algorithm+1","floor":21.0},{"not_picked":["Reinforced Body+1","Conserve Battery+1"],"picked":"Compile Driver","floor":22.0},{"not_picked":["Streamline","Compile Driver"],"picked":"Reinforced Body+1","floor":24.0},{"not_picked":["Sweeping Beam","Scrape"],"picked":"Ball Lightning","floor":25.0},{"not_picked":["BootSequence+1","Redo+1"],"picked":"Electrodynamics","floor":28.0},{"not_picked":["Gash+1","Storm"],"picked":"Stack+1","floor":30.0},{"not_picked":["Capacitor","Leap+1"],"picked":"Redo+1","floor":31.0},{"not_picked":["Thunder Strike+1","Meteor Strike+1"],"picked":"Electrodynamics","floor":33.0},{"not_picked":["Turbo+1","Steam+1","Sweeping Beam+1"],"picked":"SKIP","floor":35.0},{"not_picked":["Leap+1","Conserve Battery+1"],"picked":"Coolheaded+1","floor":36.0},{"not_picked":["Compile Driver+1","Melter+1"],"picked":"Barrage+1","floor":38.0},{"not_picked":["Sweeping Beam+1","Redo+1"],"picked":"Coolheaded+1","floor":41.0},{"not_picked":["Violence+1","Forethought+1"],"picked":"Deep Breath+1","floor":42.0},{"not_picked":["Storm","Hello World","Streamline+1"],"picked":"SKIP","floor":44.0},{"not_picked":["Turbo+1","Auto Shields+1"],"picked":"Darkness+1","floor":46},{"not_picked":["Recycle+1","Steam+1"],"picked":"Skim+1","floor":48},{"not_picked":["Turbo+1","Hologram+1"],"picked":"Go for the Eyes+1","floor":54}],"player_experience":869160,"relics_obtained":[{"floor":9.0,"key":"FossilizedHelix"},{"floor":11.0,"key":"DataDisk"},{"floor":14.0,"key":"Toxic Egg 2"},{"floor":24.0,"key":"Bottled Tornado"},{"floor":26.0,"key":"Molten Egg 2"},{"floor":28.0,"key":"MawBank"},{"floor":30.0,"key":"Lantern"},{"floor":37.0,"key":"Emotion Chip"},{"floor":41.0,"key":"Peace Pipe"},{"floor":54,"key":"Shuriken"}],"event_choices":[{"damage_healed":0.0,"max_hp_gain":0.0,"max_hp_loss":0.0,"gold_gain":0.0,"event_name":"Scrap Ooze","player_choice":"Success","floor":3.0,"gold_loss":0.0,"damage_taken":18.0,"relics_obtained":["Pantograph"]},{"cards_removed":["Writhe"],"damage_healed":0.0,"max_hp_gain":0.0,"max_hp_loss":0.0,"gold_gain":0.0,"event_name":"Golden Wing","player_choice":"Card Removal","floor":4.0,"gold_loss":0.0,"damage_taken":7.0},{"damage_healed":0.0,"max_hp_gain":0.0,"max_hp_loss":0.0,"gold_gain":90.0,"event_name":"Knowing Skull","player_choice":"GOLD ","floor":19.0,"potions_obtained":[],"gold_loss":0.0,"damage_taken":14.0,"cards_obtained":[]},{"damage_healed":0.0,"max_hp_gain":0.0,"max_hp_loss":0.0,"gold_gain":0.0,"event_name":"Mysterious Sphere","player_choice":"Fight","floor":37.0,"gold_loss":0.0,"damage_taken":0.0},{"damage_healed":0.0,"max_hp_gain":0.0,"max_hp_loss":0.0,"gold_gain":0.0,"event_name":"SensoryStone","player_choice":"Memory 1","floor":42.0,"gold_loss":0.0,"damage_taken":0.0},{"damage_healed":0,"gold_gain":0,"cards_transformed":["Strike_B"],"player_choice":"Transformed","damage_taken":0,"max_hp_gain":0,"max_hp_loss":0,"event_name":"Transmorgrifier","floor":45,"gold_loss":0,"cards_obtained":["Chill"]}],"is_beta":true,"boss_relics":[{"not_picked":["Ectoplasm","Astrolabe"],"picked":"Sozu"},{"not_picked":["Tiny House","Runic Dome"],"picked":"Inserter"}],"items_purged_floors":[20],"is_endless":false,"potions_floor_spawned":[2,11,14,24,30,31,33,36,37,46,48,54],"ascension_level":19}