{"path_per_floor":["M","M","M","M","M","E","?","M","T","?","?","T","T","M","R"],"character_chosen":"IRONCLAD","items_purchased":[],"gold_per_floor":[110,123,134,153,171,197,272,290,290,290,255,279,279,294,294],"floor_reached":16,"campfire_rested":0,"playtime":1049,"current_hp_per_floor":[80,80,80,74,57,23,12,10,10,10,30,30,30,35,35],"items_purged":[],"gold":294,"play_id":"4f5488a8-8874-4a33-a09d-8b12fd84c61e","is_prod":false,"is_daily":false,"is_ascension_mode":false,"campfire_upgraded":1,"path_taken":["M","M","M","M","M","E","?","M","T","?","?","?","?","M","R","BOSS"],"build_version":"2018-01-25-PROD3","purchased_purges":0,"victory":false,"master_deck":["Strike_R","Strike_R","Strike_R","Strike_R","Strike_R","Defend_R","Defend_R","Defend_R","Bash","Double Tap","Perfected Strike","Cleave","True Grit+1","Burning Pact","Ghostly Armor","Burning Pact","Clothesline","Armaments+1"],"max_hp_per_floor":[80,80,80,80,80,80,80,80,80,80,80,80,80,80,80],"relics":["Burning Blood","Bag of Preparation","Pantograph","Toxic Egg","Shuriken"],"card_choices":[{"not_picked":["Havoc","Pummel"],"picked":"Perfected Strike"},{"not_picked":["Intimidate","Clash"],"picked":"Cleave"},{"not_picked":["Warcry","Sword Boomerang"],"picked":"True Grit"},{"not_picked":["Rupture","Berserk"],"picked":"Burning Pact"},{"not_picked":["Iron Wave","Clash"],"picked":"Ghostly Armor"},{"not_picked":["Wild Strike","Entrench"],"picked":"Burning Pact"},{"not_picked":["Flame Barrier","Power Through"],"picked":"Clothesline"},{"not_picked":["True Grit","Thunderclap"],"picked":"Armaments"}],"player_experience":171441,"potions_floor_usage":[6,14,16,16],"damage_taken":[{"damage":5,"enemies":"Jaw Worm","floor":1,"turns":5},{"damage":5,"enemies":"Cultist","floor":2,"turns":4},{"damage":3,"enemies":"2 Louse","floor":3,"turns":2},{"damage":12,"enemies":"Exordium Wildlife","floor":4,"turns":6},{"damage":23,"enemies":"Lots of Slimes","floor":5,"turns":4},{"damage":40,"enemies":"Lagavulin","floor":6,"turns":10},{"damage":8,"enemies":"Large Slime","floor":8,"turns":9},{"damage":1,"enemies":"3 Louse","floor":14,"turns":3},{"damage":62,"enemies":"Hexaghost","floor":16,"turns":9}],"event_choices":[{"event_name":"World of Goop","player_choice":"Gather Gold","floor":7,"damage_taken":0},{"event_name":"Wheel of Change","player_choice":"Card Removal","floor":10,"damage_taken":0},{"event_name":"The Cleric","player_choice":"Healed","floor":11,"damage_taken":0}],"boss_relics":[],"potions_floor_spawned":[2,5,6,8],"seed_played":"-3628593044187215358","killed_by":"Hexaghost","ascension_level":0,"is_trial":false}