{"gold_per_floor":[14,25,44,62,82,109,109,124,124,142,175,29,29,44,44,143,143,160,160,174,273,273,273,292,304,304,322,322,322],"floor_reached":29,"playtime":1387,"items_purged":["Strike_R"],"score":443,"play_id":"60e8fa09-ffd3-4429-8e7f-2abcb5c250bc","local_time":"20190221065408","is_ascension_mode":true,"campfire_choices":[{"data":"Armaments","floor":7,"key":"SMITH"},{"data":"Shockwave","floor":15,"key":"SMITH"},{"floor":23,"key":"REST"}],"neow_cost":"NO_GOLD","seed_source_timestamp":0,"circlet_count":0,"master_deck":["Strike_R","Strike_R","Strike_R","Strike_R","Defend_R","Defend_R+1","Defend_R","Defend_R","Bash","Heavy Blade","Armaments+1","Thunderclap","Spot Weakness","Reaper+1","Cleave","Shockwave+1","Warcry","Seeing Red","Pommel Strike","Demon Form","Cleave+1","Whirlwind","Decay","Shrug It Off"],"special_seed":0,"relics":["Burning Blood","Ginger","Blood Vial","Question Card","Letter Opener","Lizard Tail","Ornamental Fan"],"potions_floor_usage":[5,6,6,6,10,16,18,18,19,27,27,27],"damage_taken":[{"damage":1,"enemies":"Cultist","floor":1,"turns":3},{"damage":7,"enemies":"Jaw Worm","floor":2,"turns":3},{"damage":4,"enemies":"2 Louse","floor":3,"turns":4},{"damage":6,"enemies":"Blue Slaver","floor":4,"turns":4},{"damage":6,"enemies":"Looter","floor":5,"turns":2},{"damage":15,"enemies":"Gremlin Nob","floor":6,"turns":5},{"damage":10,"enemies":"Red Slaver","floor":8,"turns":5},{"damage":9,"enemies":"Blue Slaver","floor":10,"turns":3},{"damage":22,"enemies":"Lagavulin","floor":11,"turns":5},{"damage":6,"enemies":"Looter","floor":14,"turns":2},{"damage":43,"enemies":"Hexaghost","floor":16,"turns":10},{"damage":43,"enemies":"Spheric Guardian","floor":18,"turns":6},{"damage":21,"enemies":"Colosseum Slavers","floor":19,"turns":3},{"damage":16,"enemies":"Shell Parasite","floor":20,"turns":6},{"damage":12,"enemies":"Centurion and Healer","floor":24,"turns":7},{"damage":37,"enemies":"Chosen and Byrds","floor":25,"turns":6},{"damage":40,"enemies":"Snake Plant","floor":27,"turns":5},{"damage":96,"enemies":"Book of Stabbing","floor":29,"turns":7}],"seed_played":"8093377167660295494","potions_obtained":[{"floor":1,"key":"Weak Potion"},{"floor":2,"key":"Energy Potion"},{"floor":4,"key":"EntropicBrew"},{"floor":5,"key":"Block Potion"},{"floor":14,"key":"Weak Potion"},{"floor":16,"key":"Swift Potion"},{"floor":18,"key":"SteroidPotion"},{"floor":24,"key":"SpeedPotion"},{"floor":25,"key":"Energy Potion"}],"is_trial":false,"path_per_floor":["M","M","M","M","M","E","R","M","T","M","E","$","?","M","R","B",null,"M","?","M","?","?","R","M","M","T","M","?","E"],"character_chosen":"IRONCLAD","items_purchased":["Seeing Red"],"campfire_rested":1,"item_purchase_floors":[12],"current_hp_per_floor":[77,76,78,78,78,69,69,67,67,66,52,52,36,38,38,15,64,33,20,24,24,24,48,73,46,46,14,40,0],"gold":322,"neow_bonus":"ONE_RARE_RELIC","is_prod":false,"is_daily":false,"chose_seed":false,"campfire_upgraded":2,"win_rate":0,"timestamp":1550699648,"path_taken":["M","?","M","M","M","E","R","M","T","M","E","?","?","M","R","BOSS","M","?","M","?","?","R","M","?","T","M","?","E"],"build_version":"2019-01-23","purchased_purges":1,"victory":false,"max_hp_per_floor":[80,80,80,80,80,80,80,80,80,80,80,80,80,80,80,80,80,80,80,80,80,80,80,80,80,80,80,80,80],"card_choices":[{"not_picked":["Corruption","Sever Soul"],"picked":"Heavy Blade","floor":1},{"not_picked":["Sword Boomerang","Dropkick"],"picked":"Armaments","floor":2},{"not_picked":["Shrug It Off","Clothesline"],"picked":"Thunderclap","floor":3},{"not_picked":["True Grit","Anger"],"picked":"Spot Weakness","floor":4},{"not_picked":["Iron Wave","Intimidate"],"picked":"Reaper","floor":5},{"not_picked":["Combust","Perfected Strike"],"picked":"Cleave","floor":6},{"not_picked":["Havoc","Dropkick","Anger"],"picked":"SKIP","floor":8},{"not_picked":["Armaments","Shrug It Off","Ghostly Armor"],"picked":"Shockwave","floor":10},{"not_picked":["Blood for Blood","Cleave","Anger"],"picked":"Warcry","floor":11},{"not_picked":["Dropkick","Cleave","Uppercut"],"picked":"Pommel Strike","floor":14},{"not_picked":["Brutality","Impervious","Reaper"],"picked":"Demon Form","floor":16},{"not_picked":["Havoc","Combust","Carnage"],"picked":"Cleave+1","floor":18},{"not_picked":["Iron Wave+1","Havoc","Corruption"],"picked":"Whirlwind","floor":20},{"not_picked":["Twin Strike","Clothesline","Anger"],"picked":"Shrug It Off","floor":24},{"not_picked":["Body Slam","Thunderclap","Rage+1","Sever Soul"],"picked":"SKIP","floor":25},{"not_picked":["Wild Strike","Perfected Strike","Barricade","Sword Boomerang+1"],"picked":"SKIP","floor":27}],"player_experience":28375,"relics_obtained":[{"floor":6,"key":"Blood Vial"},{"floor":9,"key":"Question Card"},{"floor":11,"key":"Letter Opener"},{"floor":26,"key":"Ornamental Fan"}],"event_choices":[{"damage_healed":0,"gold_gain":0,"player_choice":"Entered Light","damage_taken":16,"max_hp_gain":0,"max_hp_loss":0,"event_name":"Shining Light","floor":13,"gold_loss":0,"cards_upgraded":["Defend_R","Reaper"]},{"damage_healed":0,"gold_gain":0,"player_choice":"Fight","damage_taken":0,"max_hp_gain":0,"max_hp_loss":0,"event_name":"Colosseum","floor":19,"gold_loss":0},{"damage_healed":0,"gold_gain":0,"player_choice":"Fled From Nobs","damage_taken":0,"max_hp_gain":0,"max_hp_loss":0,"event_name":"Colosseum","floor":19,"gold_loss":0},{"damage_healed":0,"gold_gain":99,"player_choice":"Stole From Cult","damage_taken":0,"max_hp_gain":0,"max_hp_loss":0,"event_name":"Nest","floor":21,"gold_loss":0},{"damage_healed":0,"gold_gain":0,"player_choice":"Cursed","damage_taken":0,"max_hp_gain":0,"max_hp_loss":0,"event_name":"Wheel of Change","floor":22,"gold_loss":0,"cards_obtained":["Decay"]},{"damage_healed":26,"gold_gain":0,"player_choice":"Heal","damage_taken":0,"max_hp_gain":0,"max_hp_loss":0,"event_name":"The Library","floor":28,"gold_loss":0}],"is_beta":false,"boss_relics":[{"not_picked":["Philosopher\u0027s Stone","Snecko Eye"],"picked":"Lizard Tail"}],"items_purged_floors":[12],"is_endless":false,"potions_floor_spawned":[1,2,4,5,14,16,18,19,24,25],"killed_by":"Book of Stabbing","ascension_level":6}