{"gold_per_floor":[117,117,131,56,66,66,78,112,112,12,12,39,51,51,51,51],"floor_reached":16,"playtime":1885,"items_purged":["Defend_G","Strike_G"],"score":110,"play_id":"d9ecc201-6078-49fb-9e8b-af496b2333c0","local_time":"20181111202558","is_ascension_mode":false,"campfire_choices":[{"data":"Leg Sweep","floor":6,"key":"SMITH"},{"floor":15,"key":"REST"}],"neow_cost":"NONE","seed_source_timestamp":2839227556529220,"circlet_count":0,"master_deck":["Defend_G","Defend_G","Defend_G","Defend_G","Strike_G","Strike_G","Strike_G","Strike_G","Survivor","Neutralize","Leg Sweep+1","Blur"],"relics":["White Beast Statue","Bronze Scales","Strawberry","Darkstone Periapt","Ninja Scroll"],"potions_floor_usage":[8,16,16,16],"damage_taken":[{"damage":0,"enemies":"Jaw Worm","floor":1,"turns":6},{"damage":3,"enemies":"Cultist","floor":3,"turns":5},{"damage":0,"enemies":"2 Louse","floor":5,"turns":3},{"damage":0,"enemies":"Blue Slaver","floor":7,"turns":6},{"damage":39,"enemies":"Gremlin Nob","floor":8,"turns":5},{"damage":18,"enemies":"3 Sentries","floor":12,"turns":13},{"damage":11,"enemies":"Gremlin Gang","floor":13,"turns":7},{"damage":26,"enemies":"Hexaghost","floor":16,"turns":23}],"seed_played":"-3456575594174455469","potions_obtained":[{"floor":1,"key":"SpeedPotion"},{"floor":3,"key":"FearPotion"},{"floor":5,"key":"GamblersBrew"},{"floor":7,"key":"Ancient Potion"},{"floor":8,"key":"GhostInAJar"}],"is_trial":false,"path_per_floor":["M","?","M","$","M","R","M","E","T","$","?","E","M","?","R","B"],"character_chosen":"THE_SILENT","items_purchased":[],"campfire_rested":1,"item_purchase_floors":[],"current_hp_per_floor":[70,70,67,67,67,67,67,28,35,35,32,14,3,3,26,0],"gold":51,"neow_bonus":"BOSS_RELIC","is_prod":false,"is_daily":false,"chose_seed":false,"campfire_upgraded":1,"win_rate":0.0,"timestamp":1541989558,"path_taken":["M","?","?","$","M","R","M","E","T","$","?","E","M","?","R","BOSS"],"build_version":"2018-11-08","purchased_purges":2,"victory":false,"max_hp_per_floor":[70,70,70,70,70,70,70,70,77,77,77,77,77,77,77,77],"card_choices":[{"not_picked":["Blade Dance","Slice","Flechettes"],"picked":"SKIP","floor":1},{"not_picked":["Dagger Throw","Flying Knee","Tactician"],"picked":"SKIP","floor":3},{"not_picked":["Flying Knee","Dodge and Roll"],"picked":"Leg Sweep","floor":5},{"not_picked":["Masterful Stab","Dagger Spray"],"picked":"Blur","floor":7},{"not_picked":["Dodge and Roll","Sucker Punch","Flying Knee"],"picked":"SKIP","floor":8},{"not_picked":["Endless Agony","Predator","Acrobatics"],"picked":"SKIP","floor":12},{"not_picked":["Deflect","Sucker Punch","Dagger Throw"],"picked":"SKIP","floor":13}],"player_experience":149617,"relics_obtained":[{"floor":8,"key":"Bronze Scales"},{"floor":9,"key":"Strawberry"},{"floor":12,"key":"Ninja Scroll"}],"event_choices":[{"damage_healed":0,"gold_gain":0,"player_choice":"Full Heal","damage_taken":0,"max_hp_gain":0,"max_hp_loss":0,"event_name":"Wheel of Change","floor":2,"gold_loss":0},{"damage_healed":0,"gold_gain":0,"player_choice":"Success","damage_taken":3,"relics_obtained":["Darkstone Periapt"],"max_hp_gain":0,"max_hp_loss":0,"event_name":"Scrap Ooze","floor":11,"gold_loss":0},{"damage_healed":0,"gold_gain":0,"player_choice":"Bought 0 Potions","damage_taken":0,"max_hp_gain":0,"max_hp_loss":0,"event_name":"The Woman in Blue","floor":14,"gold_loss":0}],"is_beta":false,"boss_relics":[],"items_purged_floors":[4,10],"is_endless":false,"potions_floor_spawned":[1,3,5,7,8,12,13],"killed_by":"Hexaghost","ascension_level":0}