{"gold_per_floor":[365,376,36,36,111,11,11,44,44,44,70,81,91,124,124,196,196,209,180,230,230,145,171,96,96,122,38,98,98,98,98,98,98],"floor_reached":33,"playtime":1221,"items_purged":["Defend_G","Strike_G"],"score":560,"play_id":"0789181c-621c-4233-97a0-acab6fce8628","local_time":"20181226222011","is_ascension_mode":true,"campfire_choices":[{"floor":7.0,"key":"REST"},{"floor":15.0,"key":"REST"},{"floor":25.0,"key":"REST"},{"data":"Footwork","floor":32,"key":"SMITH"}],"neow_cost":"PERCENT_DAMAGE","seed_source_timestamp":0,"circlet_count":0,"master_deck":["AscendersBane","Defend_G","Defend_G","Defend_G+1","Defend_G","Strike_G","Strike_G","Strike_G","Survivor","Neutralize","Backstab","Distraction+1","Deflect","Flechettes","Sucker Punch","Crippling Poison","Quick Slash","Footwork+1","Glass Knife","Deadly Poison+1","Endless Agony+1","Shame"],"special_seed":0,"relics":["Ring of the Snake","Bronze Scales","Blood Vial","Strawberry","Anchor","Juzu Bracelet","Cursed Key","MutagenicStrength","Happy Flower","Vajra","Snake Skull","Tiny Chest","Oddly Smooth Stone"],"potions_floor_usage":[33],"damage_taken":[{"damage":0.0,"enemies":"Cultist","floor":1.0,"turns":4.0},{"damage":4.0,"enemies":"Small Slimes","floor":2.0,"turns":4.0},{"damage":14.0,"enemies":"3 Sentries","floor":8.0,"turns":12.0},{"damage":0.0,"enemies":"Jaw Worm","floor":12.0,"turns":3.0},{"damage":0.0,"enemies":"Exordium Wildlife","floor":13.0,"turns":5.0},{"damage":10.0,"enemies":"Lagavulin","floor":14.0,"turns":5.0},{"damage":35.0,"enemies":"The Guardian","floor":16.0,"turns":10.0},{"damage":12.0,"enemies":"Chosen","floor":18.0,"turns":5.0},{"damage":8.0,"enemies":"2 Thieves","floor":19.0,"turns":4.0},{"damage":18.0,"enemies":"Book of Stabbing","floor":23.0,"turns":4.0},{"damage":10.0,"enemies":"Gremlin Leader","floor":28.0,"turns":6.0},{"damage":105,"enemies":"Automaton","floor":33,"turns":12}],"seed_played":"-3001933530069699545","potions_obtained":[{"floor":1.0,"key":"Weak Potion"},{"floor":16.0,"key":"FearPotion"},{"floor":18.0,"key":"Regen Potion"}],"is_trial":false,"path_per_floor":["M","M","$","?","?","$","R","E","T","T","M","M","E","R","B",null,"M","?","?","?","?","R","T","$","E","?","?","R","B"],"character_chosen":"THE_SILENT","items_purchased":["Bronze Scales","Deflect","Flechettes","Regen Potion"],"campfire_rested":3,"item_purchase_floors":[3,3,3,27],"current_hp_per_floor":[44,40,40,20,9,9,28,14,21,21,21,23,25,17,38,5,56,46,54,54,54,54,38,38,59,59,59,51,66,66,66,66,0],"gold":98,"neow_bonus":"TWO_FIFTY_GOLD","is_prod":false,"is_daily":false,"chose_seed":false,"campfire_upgraded":1,"win_rate":0,"timestamp":1545859211,"path_taken":["M","M","?","?","?","$","R","E","T","$","?","?","M","E","R","BOSS","M","M","?","?","?","E","?","R","T","$","E","?","?","?","R","BOSS"],"build_version":"2018-12-25","purchased_purges":2,"victory":false,"max_hp_per_floor":[66,66,66,66,66,66,66,66,73,73,73,73,73,73,73,73,73,73,73,73,73,73,73,73,73,73,73,73,73,73,73,73,73],"card_choices":[{"not_picked":["Setup","Dodge and Roll"],"picked":"Backstab","floor":1.0},{"not_picked":["Dodge and Roll","All Out Attack"],"picked":"Distraction","floor":2.0},{"not_picked":["Predator","Choke"],"picked":"Sucker Punch","floor":8.0},{"not_picked":["Deadly Poison","PiercingWail"],"picked":"Crippling Poison","floor":12.0},{"not_picked":["Bane","Acrobatics"],"picked":"Quick Slash","floor":13.0},{"not_picked":["Concentrate","Dagger Spray"],"picked":"Footwork","floor":14.0},{"not_picked":["Unload","A Thousand Cuts"],"picked":"Glass Knife","floor":16.0},{"not_picked":["Concentrate","Choke"],"picked":"Deadly Poison+1","floor":18.0},{"not_picked":["Dodge and Roll","Dash"],"picked":"Endless Agony+1","floor":19.0},{"not_picked":["A Thousand Cuts","All Out Attack","Tools of the Trade"],"picked":"SKIP","floor":23.0},{"not_picked":["A Thousand Cuts","All Out Attack","Tools of the Trade"],"picked":"SKIP","floor":23.0},{"not_picked":["Sucker Punch","Dagger Spray","Bane"],"picked":"SKIP","floor":28.0}],"player_experience":872787,"relics_obtained":[{"floor":8.0,"key":"Blood Vial"},{"floor":9.0,"key":"Strawberry"},{"floor":11.0,"key":"Anchor"},{"floor":14.0,"key":"Juzu Bracelet"},{"floor":23.0,"key":"Vajra"},{"floor":26.0,"key":"Snake Skull"},{"floor":28.0,"key":"Tiny Chest"}],"event_choices":[{"damage_healed":0.0,"max_hp_gain":0.0,"max_hp_loss":0.0,"gold_gain":0.0,"event_name":"Shining Light","player_choice":"Entered Light","floor":4.0,"gold_loss":0.0,"damage_taken":20.0,"cards_upgraded":["Distraction","Defend_G"]},{"damage_healed":0.0,"max_hp_gain":0.0,"max_hp_loss":0.0,"gold_gain":75.0,"event_name":"World of Goop","player_choice":"Gather Gold","floor":5.0,"gold_loss":0.0,"damage_taken":11.0},{"damage_healed":0.0,"max_hp_gain":0.0,"max_hp_loss":0.0,"gold_gain":50.0,"event_name":"Nest","player_choice":"Stole From Cult","floor":20.0,"gold_loss":0.0,"damage_taken":0.0},{"damage_healed":0.0,"max_hp_gain":0.0,"max_hp_loss":0.0,"gold_gain":0.0,"event_name":"Drug Dealer","player_choice":"Inject Mutagens","floor":21.0,"gold_loss":0.0,"damage_taken":0.0,"relics_obtained":["MutagenicStrength"]},{"damage_healed":0.0,"max_hp_gain":0.0,"max_hp_loss":0.0,"gold_gain":0.0,"event_name":"Addict","player_choice":"Obtained Relic","floor":22.0,"gold_loss":85.0,"damage_taken":0.0,"relics_obtained":["Happy Flower"]},{"cards_removed":["Strike_G"],"damage_healed":0.0,"max_hp_gain":0.0,"max_hp_loss":0.0,"gold_gain":0.0,"event_name":"Beggar","player_choice":"Gave Gold","floor":24.0,"gold_loss":75.0,"damage_taken":0.0},{"damage_healed":15,"gold_gain":0,"player_choice":"Heal","damage_taken":0,"max_hp_gain":0,"max_hp_loss":0,"event_name":"The Library","floor":29,"gold_loss":0},{"damage_healed":0,"gold_gain":0,"player_choice":"Opened","damage_taken":0,"relics_obtained":["Oddly Smooth Stone"],"max_hp_gain":0,"max_hp_loss":0,"event_name":"The Mausoleum","floor":30,"gold_loss":0,"cards_obtained":["Writhe"]},{"cards_removed":["Writhe"],"damage_healed":0,"gold_gain":0,"player_choice":"Elegance","damage_taken":0,"max_hp_gain":0,"max_hp_loss":0,"event_name":"Back to Basics","floor":31,"gold_loss":0}],"is_beta":true,"boss_relics":[{"not_picked":["Runic Dome","Astrolabe"],"picked":"Cursed Key"}],"items_purged_floors":[3,6],"is_endless":false,"potions_floor_spawned":[1,16,18],"killed_by":"Automaton","ascension_level":19}