{"path_per_floor":["M","M","?","$","M","R","M","?","T","M","?","E","M","M","R","B",null,"M","M","M","?","M"],"character_chosen":"DEFECT","items_purchased":["Cold Snap"],"gold_per_floor":[13,28,28,3,19,19,35,35,35,50,0,27,47,65,65,170,170,190,209,227,377,396,396],"floor_reached":23,"campfire_rested":1,"playtime":1370,"item_purchase_floors":[4],"current_hp_per_floor":[74,74,74,74,62,62,45,45,45,42,42,16,15,13,35,13,75,74,74,60,60,36,0],"items_purged":[],"gold":396,"score":236,"play_id":"12df02b3-1a99-41c2-b2e4-20a0d223f8b6","local_time":"20180612200118","is_prod":false,"is_daily":false,"chose_seed":false,"is_ascension_mode":true,"campfire_upgraded":1,"win_rate":0,"timestamp":1528804878,"campfire_choices":[{"data":"Rainbow","floor":6,"key":"SMITH"},{"floor":15,"key":"REST"}],"path_taken":["M","M","?","?","M","R","?","?","T","?","?","E","M","M","R","BOSS","M","?","M","?","M","E"],"build_version":"2018-06-07v3","seed_source_timestamp":353460051299023,"purchased_purges":0,"victory":false,"master_deck":["Strike_B","Strike_B","Defend_B","Defend_B","Defend_B","Defend_B","Zap","Dualcast","Gash","Streamline","Rainbow+1","Cold Snap","Conserve Battery","Coolheaded","Redo","Recycle","Gash","Redo","Hologram","Machine Learning","Gash+1","FTL","Redo+1","Electrodynamics","Fusion+1"],"max_hp_per_floor":[75,75,75,75,75,75,75,75,75,75,75,75,75,75,75,75,75,80,80,80,80,80,80],"relics":["Cracked Core","Turnip","Prayer Wheel","Du-Vu Doll","Shuriken","Sozu"],"card_choices":[{"not_picked":["Force Field","Ball Lightning"],"picked":"Gash","floor":1},{"not_picked":["Chaos","Go for the Eyes"],"picked":"Streamline","floor":2},{"not_picked":["Static Discharge","Chill"],"picked":"Conserve Battery","floor":5},{"not_picked":["Ball Lightning","Hello World"],"picked":"Coolheaded","floor":7},{"not_picked":["Recycle","Reprogram"],"picked":"Redo","floor":10},{"not_picked":["Beam Cell","Sweeping Beam"],"picked":"Recycle","floor":10},{"not_picked":["Leap","Steam","Ball Lightning"],"picked":"SKIP","floor":12},{"not_picked":["Compile Driver","FTL"],"picked":"Gash","floor":13},{"not_picked":["Redo","Steam","Creative AI"],"picked":"SKIP","floor":13},{"not_picked":["Rebound","Streamline"],"picked":"Redo","floor":14},{"not_picked":["Turbo","Barrage"],"picked":"Hologram","floor":14},{"not_picked":["Core Surge","Thunder Strike"],"picked":"Machine Learning","floor":16},{"not_picked":["Lockon","Darkness"],"picked":"Gash+1","floor":18},{"not_picked":["Leap","Ball Lightning"],"picked":"FTL","floor":18},{"not_picked":["Undo","Go for the Eyes"],"picked":"Redo+1","floor":19},{"not_picked":["Redo","Glacier"],"picked":"Electrodynamics","floor":19},{"not_picked":["Go for the Eyes+1","Melter+1"],"picked":"Fusion+1","floor":20},{"not_picked":["Steam","Rebound","Streamline"],"picked":"SKIP","floor":20},{"not_picked":["Doom and Gloom+1","Storm","Rip and Tear"],"picked":"SKIP","floor":22},{"not_picked":["Steam","Streamline+1","Storm"],"picked":"SKIP","floor":22}],"player_experience":449710,"potions_floor_usage":[18,23],"damage_taken":[{"damage":1,"enemies":"2 Louse","floor":1,"turns":2},{"damage":0,"enemies":"Cultist","floor":2,"turns":3},{"damage":12,"enemies":"Jaw Worm","floor":5,"turns":2},{"damage":17,"enemies":"Lots of Slimes","floor":7,"turns":3},{"damage":3,"enemies":"3 Louse","floor":10,"turns":4},{"damage":26,"enemies":"Lagavulin","floor":12,"turns":6},{"damage":1,"enemies":"Exordium Wildlife","floor":13,"turns":2},{"damage":2,"enemies":"Looter","floor":14,"turns":3},{"damage":22,"enemies":"Slime Boss","floor":16,"turns":9},{"damage":6,"enemies":"Shell Parasite","floor":18,"turns":6},{"damage":0,"enemies":"Spheric Guardian","floor":19,"turns":3},{"damage":14,"enemies":"Snake Plant","floor":20,"turns":3},{"damage":24,"enemies":"Centurion and Healer","floor":22,"turns":5},{"damage":46,"enemies":"Gremlin Leader","floor":23,"turns":5}],"relics_obtained":[{"floor":9,"key":"Du-Vu Doll"},{"floor":12,"key":"Shuriken"}],"event_choices":[{"event_name":"Transmorgrifier","player_choice":"Transform","floor":3,"damage_taken":0},{"event_name":"Dead Adventurer","player_choice":"Searched \u00271\u0027 times","floor":8,"damage_taken":0},{"event_name":"The Cleric","player_choice":"Card Removal","floor":11,"damage_taken":0},{"event_name":"Nest","player_choice":"Stole From Cult","floor":21,"damage_taken":0}],"boss_relics":[{"not_picked":["White Beast Statue","Snecko Eye"],"picked":"Sozu"}],"items_purged_floors":[],"potions_floor_spawned":[1,12,13,14,16,19,20],"seed_played":"-4029497755002592802","killed_by":"Gremlin Leader","ascension_level":4,"potions_obtained":[{"floor":1,"key":"PowerPotion"},{"floor":12,"key":"SteroidPotion"},{"floor":13,"key":"SneckoOil"},{"floor":14,"key":"EssenceOfSteel"},{"floor":16,"key":"Fruit Juice"}],"is_trial":false}