{"gold_per_floor":[114,114,134,134,150,184,109,109,188,200,228,288,288,317,317,417,417,434,344,355,355,255,267,284,303,303,303,303,322,322,197,197,295,295,310,310,310,329,342,373,383,462,540,540,555,565,565,579,579,579],"floor_reached":51,"playtime":4099,"items_purged":["Bash","Strike_R","Strike_R"],"score":674,"play_id":"306c8c3e-244e-4646-8e58-a1d740d7caa8","local_time":"20181104204919","is_ascension_mode":false,"campfire_choices":[{"floor":8,"key":"REST"},{"floor":15,"key":"REST"},{"data":"Rage","floor":27,"key":"SMITH"},{"data":"Inflame","floor":30,"key":"SMITH"},{"data":"Metallicize","floor":32,"key":"SMITH"},{"data":"Juggernaut","floor":44,"key":"SMITH"},{"data":"Panache","floor":49,"key":"SMITH"}],"neow_cost":"NONE","seed_source_timestamp":2233563877580640,"circlet_count":0,"master_deck":["Defend_R","Defend_R+1","Defend_R","Defend_R","Intimidate+1","Twin Strike+1","Shrug It Off+1","Rage+1","Double Tap+1","Inflame+1","Metallicize+1","Juggernaut+1","Pommel Strike","Anger","Impatience","Iron Wave","Body Slam+1","Pommel Strike","Anger","Twin Strike","Madness","Madness","Panache+1","Anger+1","Armaments+1","Rampage+1"],"relics":["Black Blood","NeowsBlessing","Centennial Puzzle","Shuriken","Lantern","Mummified Hand","War Paint","Ice Cream","Empty Cage","Letter Opener","MutagenicStrength","Regal Pillow","Mercury Hourglass","Ornamental Fan","Bottled Flame"],"potions_floor_usage":[16,16,16,33,50,50,50],"damage_taken":[{"damage":0,"enemies":"Jaw Worm","floor":1,"turns":1},{"damage":0,"enemies":"Cultist","floor":3,"turns":1},{"damage":0,"enemies":"Small Slimes","floor":5,"turns":1},{"damage":45,"enemies":"Lagavulin","floor":6,"turns":11},{"damage":1,"enemies":"Red Slaver","floor":10,"turns":4},{"damage":19,"enemies":"Gremlin Nob","floor":11,"turns":5},{"damage":12,"enemies":"Gremlin Nob","floor":12,"turns":4},{"damage":4,"enemies":"3 Sentries","floor":14,"turns":6},{"damage":43,"enemies":"The Guardian","floor":16,"turns":9},{"damage":4,"enemies":"Spheric Guardian","floor":18,"turns":4},{"damage":0,"enemies":"Chosen","floor":20,"turns":4},{"damage":6,"enemies":"Centurion and Healer","floor":23,"turns":5},{"damage":0,"enemies":"Cultist and Chosen","floor":24,"turns":4},{"damage":0,"enemies":"Chosen and Byrds","floor":25,"turns":4},{"damage":3,"enemies":"Snecko","floor":29,"turns":4},{"damage":65,"enemies":"Collector","floor":33,"turns":6},{"damage":5,"enemies":"3 Shapes","floor":35,"turns":3},{"damage":6,"enemies":"Orb Walker","floor":38,"turns":2},{"damage":6,"enemies":"Maw","floor":39,"turns":5},{"damage":4,"enemies":"Giant Head","floor":40,"turns":6},{"damage":17,"enemies":"3 Darklings","floor":41,"turns":3},{"damage":0,"enemies":"Jaw Worm Horde","floor":45,"turns":4},{"damage":12,"enemies":"4 Shapes","floor":46,"turns":4},{"damage":8,"enemies":"Maw","floor":48,"turns":5},{"damage":40,"enemies":"Awakened One","floor":50,"turns":8}],"seed_played":"-2689491540525855440","potions_obtained":[{"floor":1,"key":"EssenceOfSteel"},{"floor":3,"key":"Ancient Potion"},{"floor":10,"key":"Regen Potion"},{"floor":16,"key":"GamblersBrew"},{"floor":20,"key":"Explosive Potion"},{"floor":23,"key":"Swift Potion"},{"floor":38,"key":"SkillPotion"},{"floor":40,"key":"Poison Potion"},{"floor":41,"key":"Explosive Potion"}],"is_trial":false,"path_per_floor":["M","?","M","?","M","E","$","R","T","M","E","?","?","E","R","B",null,"M","?","M","?","$","M","M","M","T","R","?","M","R","$","R","B",null,"M","?","?","M","M","E","M","T","T","R","M","M","T","M","R","B",null],"character_chosen":"IRONCLAD","items_purchased":[],"campfire_rested":2,"item_purchase_floors":[],"current_hp_per_floor":[80,80,80,80,80,41,41,65,65,70,57,51,39,41,65,42,80,80,80,80,64,64,64,70,76,76,76,76,79,79,79,79,20,80,80,70,70,74,78,80,73,73,73,73,80,78,78,80,80,50],"gold":579,"neow_bonus":"THREE_ENEMY_KILL","is_prod":false,"is_daily":false,"chose_seed":false,"campfire_upgraded":5,"win_rate":0.0,"timestamp":1541386159,"path_taken":["M","?","?","?","?","E","?","R","T","M","E","?","?","E","R","BOSS","M","?","?","?","$","M","?","M","T","R","?","M","R","?","R","BOSS","M","?","?","M","M","E","M","?","T","R","M","?","?","M","R","BOSS"],"build_version":"2018-11-01","purchased_purges":3,"victory":true,"max_hp_per_floor":[80,80,80,80,80,80,80,80,80,80,80,80,80,80,80,80,80,80,80,80,80,80,80,80,80,80,80,80,80,80,80,80,80,80,80,80,80,80,80,80,80,80,80,80,80,80,80,80,80,80],"card_choices":[{"not_picked":["Sword Boomerang","Flex"],"picked":"Intimidate","floor":1},{"not_picked":["Thunderclap","Warcry"],"picked":"Twin Strike","floor":3},{"not_picked":["Flex","Warcry"],"picked":"Shrug It Off","floor":5},{"not_picked":["Shrug It Off","Second Wind"],"picked":"Rage","floor":6},{"not_picked":["Reckless Charge","Warcry","True Grit"],"picked":"SKIP","floor":10},{"not_picked":["Second Wind","Headbutt"],"picked":"Double Tap","floor":11},{"not_picked":["Dropkick","True Grit"],"picked":"Inflame","floor":12},{"not_picked":["Flame Barrier","Thunderclap"],"picked":"Metallicize","floor":14},{"not_picked":["Demon Form","Barricade"],"picked":"Juggernaut","floor":16},{"not_picked":["Blood for Blood","Disarm"],"picked":"Pommel Strike","floor":18},{"not_picked":["Thunderclap","Seeing Red+1"],"picked":"Anger","floor":20},{"not_picked":["Clash+1","Headbutt"],"picked":"Iron Wave","floor":23},{"not_picked":["Clash+1","Thunderclap"],"picked":"Body Slam+1","floor":24},{"not_picked":["Flame Barrier","Spot Weakness"],"picked":"Pommel Strike","floor":25},{"not_picked":["Clash","Iron Wave+1"],"picked":"Anger","floor":29},{"not_picked":["Carnage","Flex"],"picked":"Twin Strike","floor":35},{"not_picked":["Magnetism","Mayhem"],"picked":"Panache","floor":37},{"not_picked":["Dual Wield+1","Shockwave"],"picked":"Anger+1","floor":38},{"not_picked":["Heavy Blade","Twin Strike","Clash+1"],"picked":"SKIP","floor":39},{"not_picked":["Brutality","Thunderclap+1"],"picked":"Armaments+1","floor":40},{"not_picked":["Carnage+1","True Grit+1","Hemokinesis"],"picked":"SKIP","floor":41},{"not_picked":["Headbutt","Clash","Perfected Strike"],"picked":"SKIP","floor":45},{"not_picked":["Pommel Strike","Carnage+1","Blood for Blood"],"picked":"SKIP","floor":46},{"not_picked":["Cleave","Twin Strike+1"],"picked":"Rampage+1","floor":48}],"player_experience":11877,"relics_obtained":[{"floor":6,"key":"Centennial Puzzle"},{"floor":9,"key":"Shuriken"},{"floor":11,"key":"Lantern"},{"floor":14,"key":"Ice Cream"},{"floor":26,"key":"Letter Opener"},{"floor":40,"key":"Regal Pillow"},{"floor":42,"key":"Mercury Hourglass"},{"floor":43,"key":"Ornamental Fan"},{"floor":47,"key":"Bottled Flame"}],"event_choices":[{"damage_healed":0,"gold_gain":0,"player_choice":"Upgraded","damage_taken":0,"max_hp_gain":0,"max_hp_loss":0,"event_name":"Upgrade Shrine","floor":2,"gold_loss":0,"cards_upgraded":["Intimidate"]},{"damage_healed":0,"gold_gain":0,"player_choice":"Forge","damage_taken":0,"max_hp_gain":0,"max_hp_loss":0,"event_name":"Accursed Blacksmith","floor":4,"gold_loss":0,"cards_upgraded":["Twin Strike"]},{"damage_healed":0,"gold_gain":0,"player_choice":"Searched \u00272\u0027 times","damage_taken":0,"relics_obtained":["Mummified Hand"],"max_hp_gain":0,"max_hp_loss":0,"event_name":"Dead Adventurer","floor":12,"gold_loss":0},{"damage_healed":0,"gold_gain":0,"player_choice":"Success","damage_taken":12,"relics_obtained":["War Paint"],"max_hp_gain":0,"max_hp_loss":0,"event_name":"Scrap Ooze","floor":13,"gold_loss":0},{"cards_removed":["Strike_R"],"damage_healed":0,"gold_gain":0,"player_choice":"Upgrade and Remove","damage_taken":0,"max_hp_gain":0,"max_hp_loss":0,"event_name":"Designer","floor":19,"gold_loss":90,"cards_upgraded":["Double Tap"]},{"damage_healed":0,"gold_gain":0,"player_choice":"CARD ","damage_taken":16,"max_hp_gain":0,"max_hp_loss":0,"event_name":"Knowing Skull","floor":21,"potions_obtained":[],"gold_loss":0,"cards_obtained":["Impatience"]},{"damage_healed":0,"gold_gain":0,"player_choice":"Inject Mutagens","damage_taken":0,"relics_obtained":["MutagenicStrength"],"max_hp_gain":0,"max_hp_loss":0,"event_name":"Drug Dealer","floor":28,"gold_loss":0},{"damage_healed":0,"gold_gain":0,"player_choice":"Embrace Madness","damage_taken":10,"max_hp_gain":0,"max_hp_loss":0,"event_name":"Winding Halls","floor":36,"gold_loss":0,"cards_obtained":["Madness","Madness"]},{"damage_healed":0,"gold_gain":0,"player_choice":"Memory 1","damage_taken":0,"max_hp_gain":0,"max_hp_loss":0,"event_name":"SensoryStone","floor":37,"gold_loss":0}],"is_beta":false,"boss_relics":[{"not_picked":["Coffee Dripper","Runic Dome"],"picked":"Empty Cage"},{"not_picked":["Calling Bell","Cursed Key"],"picked":"Black Blood"}],"items_purged_floors":[7,22,31],"is_endless":false,"potions_floor_spawned":[1,3,10,16,20,23,24,38,40,41,45],"ascension_level":0}