{"gold_per_floor":[113,129,129,54,129,161,161,173,198,216,230,247,263,263,263,263],"floor_reached":16,"playtime":679,"items_purged":["Bash"],"score":148,"play_id":"fe9f8cb3-df45-4ff7-b03b-4879e6be73c0","local_time":"20181121101703","is_ascension_mode":true,"campfire_choices":[{"floor":7,"key":"RECALL"},{"floor":15,"key":"REST"}],"neow_cost":"NONE","seed_source_timestamp":580645914585924,"circlet_count":0,"master_deck":["Strike_R","Strike_R","Strike_R","Strike_R","Defend_R","Defend_R","Defend_R","Defend_R","Uppercut","Battle Trance","Whirlwind"],"relics":["Burning Blood","NeowsBlessing","Omamori","Mercury Hourglass"],"potions_floor_usage":[16,16,16],"damage_taken":[{"damage":0,"enemies":"Small Slimes","floor":1,"turns":1},{"damage":0,"enemies":"Jaw Worm","floor":2,"turns":1},{"damage":0,"enemies":"3 Sentries","floor":6,"turns":2},{"damage":0,"enemies":"Cultist","floor":8,"turns":3},{"damage":4,"enemies":"2 Fungi Beasts","floor":10,"turns":3},{"damage":16,"enemies":"Large Slime","floor":11,"turns":6},{"damage":6,"enemies":"Looter","floor":12,"turns":5},{"damage":36,"enemies":"Exordium Thugs","floor":13,"turns":4},{"damage":61,"enemies":"The Guardian","floor":16,"turns":11}],"seed_played":"1517618771677237003","potions_obtained":[{"floor":2,"key":"Poison Potion"},{"floor":8,"key":"SpeedPotion"},{"floor":10,"key":"Swift Potion"}],"is_trial":false,"path_per_floor":["M","M","?","$","?","E","R","M","T","M","M","M","M","?","R","B"],"character_chosen":"IRONCLAD","items_purchased":[],"campfire_rested":1,"item_purchase_floors":[],"current_hp_per_floor":[80,80,77,77,69,75,75,80,80,80,70,70,40,33,57,0],"gold":263,"neow_bonus":"THREE_ENEMY_KILL","is_prod":false,"is_daily":false,"chose_seed":false,"campfire_upgraded":0,"win_rate":0,"timestamp":1542817023,"path_taken":["M","M","?","$","?","E","R","M","T","M","?","M","M","?","R","BOSS"],"build_version":"2018-11-15","purchased_purges":1,"victory":false,"max_hp_per_floor":[80,80,80,80,80,80,80,80,80,80,80,80,80,80,80,80],"card_choices":[{"not_picked":["Sword Boomerang","Wild Strike","Power Through"],"picked":"SKIP","floor":1},{"not_picked":["Armaments","Havoc","Berserk"],"picked":"SKIP","floor":2},{"not_picked":["Thunderclap","Flex"],"picked":"Uppercut","floor":6},{"not_picked":["Perfected Strike","Sword Boomerang","Bludgeon"],"picked":"SKIP","floor":8},{"not_picked":["Body Slam","Headbutt","True Grit"],"picked":"SKIP","floor":10},{"not_picked":["Body Slam","Second Wind"],"picked":"Battle Trance","floor":11},{"not_picked":["Cleave","True Grit"],"picked":"Whirlwind","floor":12},{"not_picked":["Dropkick","Clash","Blood for Blood"],"picked":"SKIP","floor":13}],"player_experience":466716,"relics_obtained":[{"floor":6,"key":"Mercury Hourglass"}],"event_choices":[{"damage_healed":0,"gold_gain":0,"player_choice":"Success","damage_taken":3,"relics_obtained":["Omamori"],"max_hp_gain":0,"max_hp_loss":0,"event_name":"Scrap Ooze","floor":3,"gold_loss":0},{"damage_healed":0,"gold_gain":75,"player_choice":"Touch","damage_taken":8,"max_hp_gain":0,"max_hp_loss":0,"event_name":"FaceTrader","floor":5,"gold_loss":0},{"cards_removed":["Strike_R"],"damage_healed":0,"gold_gain":0,"player_choice":"Card Removal","damage_taken":7,"max_hp_gain":0,"max_hp_loss":0,"event_name":"Golden Wing","floor":14,"gold_loss":0}],"is_beta":false,"boss_relics":[],"items_purged_floors":[4],"is_endless":false,"potions_floor_spawned":[2,8,10],"killed_by":"The Guardian","ascension_level":3}