{"gold_per_floor":[219,219,231,7,7,34,34,34,34,34,109,109,109,143,143,248,248,248,248,248,248,248,248,248,248,248,248,248,248,75,75,75,75,75,75,75,4,4,4,4,4,4,4,4,4,4,4,4,4,4],"floor_reached":51,"playtime":3430,"items_purged":["Strike_R","Strike_R"],"score":754,"play_id":"1077b10a-279b-41e3-b3b6-3e95dcfc1c6b","local_time":"20190228000322","is_ascension_mode":false,"campfire_choices":[{"data":"Feed","floor":8.0,"key":"SMITH"},{"data":"Body Slam","floor":10.0,"key":"SMITH"},{"data":"Clothesline","floor":12.0,"key":"SMITH"},{"data":"Bash","floor":15.0,"key":"SMITH"},{"data":"Demon Form","floor":23,"key":"SMITH"},{"data":"Strike_R","floor":29,"key":"PURGE"},{"data":"Defend_R","floor":32,"key":"PURGE"},{"data":"Double Tap","floor":40,"key":"SMITH"},{"data":"Whirlwind","floor":42,"key":"SMITH"},{"data":"Strike_R+1","floor":49,"key":"PURGE"}],"neow_cost":"NONE","seed_source_timestamp":0,"circlet_count":0,"master_deck":["Defend_R+1","Defend_R+1","Defend_R+1","Bash+1","Clothesline+1","Pommel Strike+1","Battle Trance+1","Body Slam+1","Feed+1","Demon Form+1","Whirlwind+1","Ghostly+1","Ghostly+1","Ghostly+1","Ghostly+1","Ghostly+1","Shockwave+1","Metallicize+1","Disarm+1","Reaper+1","Offering+1","Double Tap+1","Reaper+1","Madness+1","Madness+1"],"special_seed":0,"relics":["Burning Blood","Sundial","FossilizedHelix","Mercury Hourglass","Ice Cream","Unceasing Top","Ectoplasm","Peace Pipe","Nunchaku","Busted Crown","Meat on the Bone","Molten Egg 2","Vajra","Mark of the Bloom"],"potions_floor_usage":[50,50],"damage_taken":[{"damage":1.0,"enemies":"Cultist","floor":1.0,"turns":3.0},{"damage":0.0,"enemies":"Small Slimes","floor":3.0,"turns":3.0},{"damage":16.0,"enemies":"Gremlin Nob","floor":6.0,"turns":4.0},{"damage":4.0,"enemies":"3 Sentries","floor":14.0,"turns":5.0},{"damage":31.0,"enemies":"Hexaghost","floor":16.0,"turns":9.0},{"damage":0,"enemies":"Spheric Guardian","floor":18,"turns":3},{"damage":9,"enemies":"Shell Parasite","floor":19,"turns":6},{"damage":12,"enemies":"Snecko","floor":21,"turns":6},{"damage":6,"enemies":"Centurion and Healer","floor":27,"turns":6},{"damage":0,"enemies":"Shelled Parasite and Fungi","floor":28,"turns":6},{"damage":9,"enemies":"Slavers","floor":31,"turns":8},{"damage":14,"enemies":"Champ","floor":33,"turns":10},{"damage":1,"enemies":"Orb Walker","floor":35,"turns":6},{"damage":4,"enemies":"3 Darklings","floor":36,"turns":5},{"damage":0,"enemies":"4 Shapes","floor":39,"turns":5},{"damage":0,"enemies":"Reptomancer","floor":44,"turns":4},{"damage":6,"enemies":"Writhing Mass","floor":45,"turns":7},{"damage":13,"enemies":"Nemesis","floor":46,"turns":7},{"damage":0,"enemies":"Maw","floor":48,"turns":7},{"damage":6,"enemies":"Awakened One","floor":50,"turns":11}],"seed_played":"847337755973554666","potions_obtained":[{"floor":14.0,"key":"GamblersBrew"},{"floor":16.0,"key":"EssenceOfSteel"}],"is_trial":false,"path_per_floor":["M","?","M","$","?","E","?","R","T","R","?","R","T","E","R","B",null,"M","M","?","M","?","R","?","?","T","M","M","R","$","E","R","B",null,"M","M","$","?","M","R","?","R","T","E","M","E","?","M","R","B",null],"character_chosen":"IRONCLAD","items_purchased":["Battle Trance","Body Slam","Dexterity Potion","Reaper","Reaper"],"campfire_rested":0,"item_purchase_floors":[4,4,4,30,37],"current_hp_per_floor":[80,68,74,74,58,48,41,41,41,41,30,30,30,36,36,15,88,88,89,46,40,40,40,40,40,40,40,50,50,50,54,54,50,58,62,62,62,54,62,62,62,62,62,62,66,62,62,62,62,56],"gold":4,"neow_bonus":"HUNDRED_GOLD","is_prod":false,"is_daily":false,"chose_seed":false,"campfire_upgraded":7,"win_rate":0,"timestamp":1551330202,"path_taken":["M","?","M","$","?","E","?","R","T","R","?","R","?","E","R","BOSS","M","M","?","M","?","R","?","?","T","M","M","R","$","E","R","BOSS","M","M","$","?","M","R","?","R","T","E","?","E","?","M","R","BOSS"],"build_version":"2019-01-23","purchased_purges":2,"victory":true,"max_hp_per_floor":[80,80,80,80,80,80,80,80,80,80,80,80,80,84,84,88,88,88,92,46,46,46,46,46,46,46,46,50,50,50,54,54,58,58,62,62,62,62,62,62,62,62,62,62,66,66,66,70,70,74],"card_choices":[{"not_picked":["Thunderclap","Twin Strike"],"picked":"Clothesline","floor":1.0},{"not_picked":["Thunderclap","Wild Strike"],"picked":"Pommel Strike","floor":3.0},{"not_picked":["Thunderclap","Body Slam"],"picked":"Feed","floor":6.0},{"not_picked":["Havoc","Rage","Pummel"],"picked":"SKIP","floor":14.0},{"not_picked":["Impervious","Berserk"],"picked":"Demon Form","floor":16.0},{"not_picked":["Anger","Evolve"],"picked":"Whirlwind","floor":18},{"not_picked":["Thunderclap","Iron Wave","Cleave"],"picked":"SKIP","floor":19},{"not_picked":["True Grit+1","Wild Strike"],"picked":"Shockwave","floor":21},{"not_picked":["Rampage","Armaments"],"picked":"Disarm","floor":27},{"not_picked":["Sword Boomerang","Clash","Cleave"],"picked":"SKIP","floor":28},{"not_picked":["Rampage","Pommel Strike"],"picked":"Offering","floor":31},{"not_picked":["Fiend Fire","Barricade"],"picked":"Double Tap","floor":33},{"not_picked":["True Grit+1"],"picked":"SKIP","floor":35},{"not_picked":["Cleave"],"picked":"SKIP","floor":36},{"not_picked":["Uppercut+1"],"picked":"SKIP","floor":39},{"not_picked":["Havoc+1"],"picked":"SKIP","floor":44},{"not_picked":["Whirlwind+1"],"picked":"SKIP","floor":45},{"not_picked":["Uppercut+1"],"picked":"SKIP","floor":46},{"not_picked":["Shockwave+1"],"picked":"SKIP","floor":48}],"player_experience":492447,"relics_obtained":[{"floor":6.0,"key":"FossilizedHelix"},{"floor":9.0,"key":"Mercury Hourglass"},{"floor":13.0,"key":"Ice Cream"},{"floor":14.0,"key":"Unceasing Top"},{"floor":26,"key":"Peace Pipe"},{"floor":31,"key":"Nunchaku"},{"floor":43,"key":"Meat on the Bone"},{"floor":44,"key":"Molten Egg 2"},{"floor":46,"key":"Vajra"}],"event_choices":[{"damage_healed":0.0,"max_hp_gain":0.0,"max_hp_loss":0.0,"gold_gain":0.0,"event_name":"Scrap Ooze","player_choice":"Success","floor":2.0,"gold_loss":0.0,"damage_taken":12.0,"relics_obtained":["Sundial"]},{"damage_healed":0.0,"max_hp_gain":0.0,"max_hp_loss":0.0,"gold_gain":0.0,"event_name":"Shining Light","player_choice":"Entered Light","floor":5.0,"gold_loss":0.0,"damage_taken":16.0,"cards_upgraded":["Battle Trance","Strike_R"]},{"cards_removed":["Strike_R"],"damage_healed":0.0,"max_hp_gain":0.0,"max_hp_loss":0.0,"gold_gain":0.0,"event_name":"Golden Wing","player_choice":"Card Removal","floor":7.0,"gold_loss":0.0,"damage_taken":7.0},{"damage_healed":0.0,"max_hp_gain":0.0,"max_hp_loss":0.0,"gold_gain":75.0,"event_name":"World of Goop","player_choice":"Gather Gold","floor":11.0,"gold_loss":0.0,"damage_taken":11.0},{"damage_healed":0,"gold_gain":0,"player_choice":"Became a Ghost","damage_taken":0,"max_hp_gain":0,"max_hp_loss":46,"event_name":"Ghosts","floor":20,"gold_loss":0,"cards_obtained":["Ghostly","Ghostly","Ghostly","Ghostly","Ghostly"]},{"damage_healed":0,"gold_gain":0,"player_choice":"Ignored","damage_taken":0,"max_hp_gain":0,"max_hp_loss":0,"event_name":"Vampires","floor":22,"gold_loss":0},{"damage_healed":0,"gold_gain":0,"player_choice":"Read","damage_taken":0,"max_hp_gain":0,"max_hp_loss":0,"event_name":"The Library","floor":24,"gold_loss":0,"cards_obtained":["Metallicize"]},{"damage_healed":0,"gold_gain":0,"player_choice":"Ignored","damage_taken":0,"max_hp_gain":0,"max_hp_loss":0,"event_name":"The Mausoleum","floor":25,"gold_loss":0},{"damage_healed":0,"gold_gain":0,"player_choice":"Embrace Madness","damage_taken":8,"max_hp_gain":0,"max_hp_loss":0,"event_name":"Winding Halls","floor":38,"gold_loss":0,"cards_obtained":["Madness","Madness"]},{"damage_healed":0,"gold_gain":100,"player_choice":"Pray","damage_taken":0,"max_hp_gain":0,"max_hp_loss":0,"event_name":"Golden Shrine","floor":41,"gold_loss":0},{"damage_healed":0,"gold_gain":0,"player_choice":"Upgrade","damage_taken":0,"relics_obtained":["Mark of the Bloom"],"max_hp_gain":0,"max_hp_loss":0,"event_name":"MindBloom","floor":47,"gold_loss":0,"cards_upgraded":["Defend_R","Defend_R","Defend_R","Pommel Strike","Ghostly","Ghostly","Ghostly","Ghostly","Ghostly","Shockwave","Metallicize","Disarm","Reaper","Offering","Reaper","Madness","Madness"]}],"is_beta":false,"boss_relics":[{"not_picked":["Pandora\u0027s Box","Black Star"],"picked":"Ectoplasm"},{"not_picked":["Runic Cube","Empty Cage"],"picked":"Busted Crown"}],"items_purged_floors":[4,30],"is_endless":false,"potions_floor_spawned":[14,16,27,33,35,36,45],"ascension_level":0}