{"gold_per_floor":[131,163,191,158,120,132,162,174,260,272,302,324,336,273,273,402,402,396,296,211,211,256,331,366,241,321,171,171,171,191,208,208,310,310,320,340,165,265,65,65,65,65,65,65,83,99,99,99,99,99],"floor_reached":51,"playtime":3273,"items_purged":["Strike_G","Defend_G","Strike_G","Defend_G","Strike_G","Defend_G"],"score":781,"play_id":"beb30757-7640-4bfc-be44-3ee078566a60","local_time":"20181115194329","is_ascension_mode":true,"campfire_choices":[{"data":"Cloak And Dagger","floor":6,"key":"SMITH"},{"data":"Burst","floor":8,"key":"SMITH"},{"data":"Neutralize","floor":10,"key":"SMITH"},{"floor":15,"key":"REST"},{"data":"Adrenaline","floor":29,"key":"SMITH"},{"data":"Survivor","floor":32,"key":"SMITH"},{"data":"Strike_G","floor":40,"key":"SMITH"},{"data":"Strike_G","floor":41,"key":"SMITH"},{"data":"Defend_G","floor":47,"key":"SMITH"},{"floor":49,"key":"REST"}],"neow_cost":"NONE","seed_source_timestamp":93613549068487,"circlet_count":0,"master_deck":["Defend_G+1","Strike_G+1","Strike_G+1","Neutralize+1","Cloak And Dagger+1","Burst+1","Adrenaline+1","Infinite Blades+1","After Image+1"],"relics":["Ring of the Snake","MawBank","Paper Crane","Bloody Idol","Sozu","Bronze Scales","Happy Flower","Frozen Egg 2","Ornamental Fan","Matryoshka","Busted Crown","WingedGreaves","Dream Catcher","Darkstone Periapt"],"potions_floor_usage":[16,16,16,33],"damage_taken":[{"damage":0,"enemies":"Cultist","floor":1,"turns":4},{"damage":0,"enemies":"Small Slimes","floor":2,"turns":4},{"damage":0,"enemies":"Jaw Worm","floor":3,"turns":6},{"damage":0,"enemies":"Looter","floor":4,"turns":5},{"damage":2,"enemies":"Blue Slaver","floor":7,"turns":5},{"damage":15,"enemies":"Large Slime","floor":11,"turns":7},{"damage":0,"enemies":"2 Fungi Beasts","floor":12,"turns":4},{"damage":39,"enemies":"Hexaghost","floor":16,"turns":15},{"damage":0,"enemies":"2 Thieves","floor":18,"turns":4},{"damage":9,"enemies":"Book of Stabbing","floor":24,"turns":7},{"damage":5,"enemies":"Chosen","floor":30,"turns":6},{"damage":0,"enemies":"Centurion and Healer","floor":31,"turns":12},{"damage":14,"enemies":"Automaton","floor":33,"turns":17},{"damage":0,"enemies":"3 Shapes","floor":35,"turns":6},{"damage":0,"enemies":"3 Darklings","floor":36,"turns":8},{"damage":0,"enemies":"Mind Bloom Boss Battle","floor":38,"turns":12},{"damage":0,"enemies":"Transient","floor":45,"turns":5},{"damage":0,"enemies":"Spire Growth","floor":46,"turns":5},{"damage":19,"enemies":"Awakened One","floor":50,"turns":25}],"seed_played":"-2839164058032067262","potions_obtained":[{"floor":3,"key":"LiquidBronze"},{"floor":7,"key":"EssenceOfSteel"},{"floor":12,"key":"Fire Potion"},{"floor":16,"key":"GhostInAJar"}],"is_trial":false,"path_per_floor":["M","M","M","M","?","R","M","R","T","R","M","M","?","$","R","B",null,"M","$","?","?","T","T","E","$","T","$","?","R","M","M","R","B",null,"M","M","$","?","$","R","R","?","T","?","M","M","R","$","R","B",null],"character_chosen":"THE_SILENT","items_purchased":[],"campfire_rested":2,"item_purchase_floors":[],"current_hp_per_floor":[70,70,70,70,70,70,68,68,68,68,53,53,36,36,57,18,70,70,70,70,70,70,70,66,66,70,70,70,70,70,70,70,61,70,70,70,70,70,70,70,70,70,70,70,70,70,70,70,70,51],"gold":99,"neow_bonus":"RANDOM_COMMON_RELIC","is_prod":false,"is_daily":false,"chose_seed":false,"campfire_upgraded":8,"win_rate":0,"timestamp":1542332609,"path_taken":["M","?","?","M","?","R","M","R","T","R","M","M","?","$","R","BOSS","M","$","?","?","?","?","E","$","T","$","?","R","M","M","R","BOSS","M","M","$","?","$","R","R","?","T","?","?","M","R","$","R","BOSS"],"build_version":"2018-11-08","purchased_purges":6,"victory":true,"max_hp_per_floor":[70,70,70,70,70,70,70,70,70,70,70,70,70,70,70,70,70,70,70,70,70,70,70,70,70,70,70,70,70,70,70,70,70,70,70,70,70,70,70,70,70,70,70,70,70,70,70,70,70,70],"card_choices":[{"not_picked":["Backflip","Setup","Dodge and Roll"],"picked":"SKIP","floor":1},{"not_picked":["Reflex","Endless Agony","Sucker Punch"],"picked":"SKIP","floor":2},{"not_picked":["Flying Knee","Dagger Spray"],"picked":"Cloak And Dagger","floor":3},{"not_picked":["Setup","Outmaneuver","Eviscerate"],"picked":"SKIP","floor":4},{"not_picked":["Acrobatics","PiercingWail"],"picked":"Burst","floor":7},{"not_picked":["Acrobatics","Outmaneuver","Quick Slash"],"picked":"SKIP","floor":11},{"not_picked":["Blade Dance","Heel Hook","Deflect"],"picked":"SKIP","floor":12},{"not_picked":["Unload","Night Terror"],"picked":"Adrenaline","floor":16},{"not_picked":["Distraction","Blade Dance+1","Escape Plan"],"picked":"SKIP","floor":18},{"not_picked":["Acrobatics","Deflect","Setup"],"picked":"SKIP","floor":24},{"not_picked":["Grand Finale","Deflect"],"picked":"Infinite Blades+1","floor":30},{"not_picked":["Backflip","Flying Knee+1","Deadly Poison"],"picked":"SKIP","floor":31},{"not_picked":["Envenom+1","Venomology"],"picked":"After Image+1","floor":33},{"not_picked":["Riddle With Holes+1"],"picked":"SKIP","floor":35},{"not_picked":["Predator+1"],"picked":"SKIP","floor":36},{"not_picked":["Deflect"],"picked":"SKIP","floor":45},{"not_picked":["Backflip+1"],"picked":"SKIP","floor":46}],"player_experience":236692,"relics_obtained":[{"floor":9,"key":"Paper Crane"},{"floor":22,"key":"Happy Flower"},{"floor":23,"key":"Frozen Egg 2"},{"floor":24,"key":"Ornamental Fan"},{"floor":26,"key":"Matryoshka"},{"floor":38,"key":"WingedGreaves"},{"floor":43,"key":"Dream Catcher"},{"floor":43,"key":"Darkstone Periapt"}],"event_choices":[{"cards_removed":["Defend_G"],"damage_healed":0,"gold_gain":0,"player_choice":"Card Removal","damage_taken":0,"max_hp_gain":0,"max_hp_loss":0,"event_name":"The Cleric","floor":5,"gold_loss":50},{"damage_healed":0,"gold_gain":0,"player_choice":"Take Damage","damage_taken":17,"relics_obtained":["Golden Idol"],"max_hp_gain":0,"max_hp_loss":0,"event_name":"Golden Idol","floor":13,"gold_loss":0},{"damage_healed":0,"gold_gain":0,"player_choice":"Obtained Relic","damage_taken":0,"relics_obtained":["Bronze Scales"],"max_hp_gain":0,"max_hp_loss":0,"event_name":"Addict","floor":20,"gold_loss":85},{"damage_healed":0,"gold_gain":0,"player_choice":"Gave Idol","damage_taken":0,"relics_obtained":["Bloody Idol"],"max_hp_gain":0,"max_hp_loss":0,"event_name":"Forgotten Altar","floor":21,"relics_lost":["Golden Idol"],"gold_loss":0},{"damage_healed":0,"gold_gain":0,"player_choice":"Ignored","damage_taken":0,"max_hp_gain":0,"max_hp_loss":0,"event_name":"The Mausoleum","floor":28,"gold_loss":0},{"damage_healed":0,"gold_gain":0,"player_choice":"Fight","damage_taken":0,"max_hp_gain":0,"max_hp_loss":0,"event_name":"MindBloom","floor":38,"gold_loss":0},{"cards_removed":["Survivor"],"damage_healed":0,"gold_gain":0,"player_choice":"Removed Skill","damage_taken":0,"max_hp_gain":0,"max_hp_loss":0,"event_name":"Falling","floor":42,"gold_loss":0},{"damage_healed":0,"gold_gain":0,"player_choice":"Ignored","damage_taken":0,"max_hp_gain":0,"max_hp_loss":0,"event_name":"SecretPortal","floor":44,"gold_loss":0}],"is_beta":false,"boss_relics":[{"not_picked":["Lizard Tail","HoveringKite"],"picked":"Sozu"},{"not_picked":["Tiny House","Calling Bell"],"picked":"Busted Crown"}],"items_purged_floors":[14,19,25,27,37,39],"is_endless":false,"potions_floor_spawned":[3,7,12,16,18,33,36],"ascension_level":1}