{"gold_per_floor":[368,368,44,57,68,98,98,198,224,254,271,285,285,285,285,386,386,405,418,438,353,364,364,364],"floor_reached":24,"playtime":2579,"items_purged":[],"score":218,"play_id":"07b594e5-a99c-4826-82ee-b2a167125341","local_time":"20190209012330","is_ascension_mode":true,"campfire_choices":[{"data":"Armaments","floor":7.0,"key":"SMITH"},{"floor":13.0,"key":"REST"},{"data":"Entrench","floor":15.0,"key":"SMITH"},{"data":"Heavy Blade","floor":23.0,"key":"SMITH"}],"neow_cost":"CURSE","seed_source_timestamp":0,"circlet_count":0,"master_deck":["Strike_R","Strike_R","Strike_R","Strike_R","Defend_R","Defend_R+1","Defend_R","Defend_R+1","Bash","Pain","Entrench+1","Wild Strike","Inflame+1","Flex","Cleave","Armaments+1","Inflame+1","Anger","Juggernaut+1","Twin Strike","Intimidate","Cleave+1","Heavy Blade+1"],"special_seed":0,"relics":["Burning Blood","Frozen Egg 2","Bag of Marbles","Dream Catcher","War Paint","Black Star","Mummified Hand"],"potions_floor_usage":[],"damage_taken":[{"damage":7.0,"enemies":"Small Slimes","floor":1.0,"turns":4.0},{"damage":3.0,"enemies":"Cultist","floor":4.0,"turns":3.0},{"damage":3.0,"enemies":"2 Louse","floor":5.0,"turns":2.0},{"damage":47.0,"enemies":"Gremlin Nob","floor":6.0,"turns":5.0},{"damage":35.0,"enemies":"Lagavulin","floor":10.0,"turns":6.0},{"damage":2.0,"enemies":"Gremlin Gang","floor":11.0,"turns":4.0},{"damage":2.0,"enemies":"Looter","floor":12.0,"turns":2.0},{"damage":53.0,"enemies":"Hexaghost","floor":16.0,"turns":9.0},{"damage":5.0,"enemies":"Shell Parasite","floor":18.0,"turns":3.0},{"damage":13.0,"enemies":"Chosen","floor":19.0,"turns":3.0},{"damage":24.0,"enemies":"Snecko","floor":20.0,"turns":6.0},{"damage":28.0,"enemies":"Sentry and Sphere","floor":22.0,"turns":5.0},{"damage":37,"enemies":"Centurion and Healer","floor":24,"turns":4}],"seed_played":"-5186338614163281610","potions_obtained":[{"floor":10.0,"key":"SkillPotion"},{"floor":11.0,"key":"GamblersBrew"},{"floor":16.0,"key":"AttackPotion"},{"floor":19.0,"key":"GamblersBrew"}],"is_trial":false,"path_per_floor":["M","?","$","M","M","E","R","?","T","E","M","M","R","?","R","B",null,"M","M","M","?","M","R","M"],"character_chosen":"IRONCLAD","items_purchased":["Frozen Egg 2","Inflame+1"],"campfire_rested":1,"item_purchase_floors":[3,3],"current_hp_per_floor":[79,79,79,80,80,39,39,39,39,10,14,18,42,68,68,21,80,80,73,55,55,33,33,0],"gold":364,"neow_bonus":"TWO_FIFTY_GOLD","is_prod":false,"is_daily":false,"chose_seed":false,"campfire_upgraded":3,"win_rate":0,"timestamp":1549671810,"path_taken":["M","?","$","?","M","E","R","?","T","E","?","M","R","?","R","BOSS","M","M","M","?","M","R","M"],"build_version":"2019-01-23","purchased_purges":0,"victory":false,"max_hp_per_floor":[80,80,80,80,80,80,80,80,80,80,80,80,80,80,80,80,80,80,80,80,80,80,80,80],"card_choices":[{"not_picked":["Power Through","Pummel"],"picked":"Entrench","floor":1.0},{"not_picked":["Headbutt","Warcry"],"picked":"Flex","floor":4.0},{"not_picked":["Corruption+1","Feel No Pain+1"],"picked":"Cleave","floor":5.0},{"not_picked":["Metallicize+1","Body Slam"],"picked":"Armaments","floor":6.0},{"not_picked":["True Grit","Power Through"],"picked":"Inflame+1","floor":10.0},{"not_picked":["Hemokinesis","Wild Strike","Body Slam"],"picked":"SKIP","floor":11.0},{"not_picked":["Reckless Charge","Fire Breathing+1","Iron Wave"],"picked":"SKIP","floor":12.0},{"not_picked":["Sentinel","Wild Strike"],"picked":"Anger","floor":13.0},{"not_picked":["Exhume","Fiend Fire"],"picked":"Juggernaut+1","floor":16.0},{"not_picked":["Clothesline","Sentinel"],"picked":"Twin Strike","floor":18.0},{"not_picked":["Evolve+1","Warcry"],"picked":"Intimidate","floor":19.0},{"not_picked":["Iron Wave","Carnage"],"picked":"Cleave+1","floor":20.0},{"not_picked":["Twin Strike","Dual Wield"],"picked":"Heavy Blade","floor":22.0}],"player_experience":145896,"relics_obtained":[{"floor":6.0,"key":"Bag of Marbles"},{"floor":9.0,"key":"Dream Catcher"},{"floor":10.0,"key":"War Paint"}],"event_choices":[{"damage_healed":0.0,"max_hp_gain":0.0,"max_hp_loss":0.0,"gold_gain":0.0,"cards_transformed":["Strike_R"],"event_name":"Transmorgrifier","player_choice":"Transformed","floor":2.0,"gold_loss":0.0,"damage_taken":0.0,"cards_obtained":["Wild Strike"]},{"damage_healed":0.0,"max_hp_gain":0.0,"max_hp_loss":0.0,"gold_gain":100.0,"event_name":"Golden Shrine","player_choice":"Pray","floor":8.0,"gold_loss":0.0,"damage_taken":0.0},{"damage_healed":26.0,"max_hp_gain":0.0,"max_hp_loss":0.0,"gold_gain":0.0,"event_name":"Big Fish","player_choice":"Banana","floor":14.0,"gold_loss":0.0,"damage_taken":0.0},{"damage_healed":0.0,"max_hp_gain":0.0,"max_hp_loss":0.0,"gold_gain":0.0,"event_name":"Addict","player_choice":"Obtained Relic","floor":21.0,"gold_loss":85.0,"damage_taken":0.0,"relics_obtained":["Mummified Hand"]}],"is_beta":false,"boss_relics":[{"not_picked":["Calling Bell","Mark of Pain"],"picked":"Black Star"}],"items_purged_floors":[],"is_endless":false,"potions_floor_spawned":[10,11,16,19],"killed_by":"Centurion and Healer","ascension_level":1}