{"gold_per_floor":[369,387,387,312,324,324,143,143,143,160,260,111,111,122,122,220,220,236,236,11,11,23,23,34,34,87,99,99,111,111,122,122,224,224,236,61,61,76,95,95,95,95],"floor_reached":42,"playtime":4654,"items_purged":["Defend_B","Strike_B","Strike_B","Defend_B","Strike_B"],"score":408,"play_id":"68431a12-b711-4f3c-b99c-20d0e6ac0bc6","local_time":"20181019160404","is_ascension_mode":false,"campfire_choices":[{"floor":6,"key":"REST"},{"data":"Loop","floor":13,"key":"SMITH"},{"data":"Coolheaded","floor":15,"key":"SMITH"},{"floor":25,"key":"REST"},{"floor":30,"key":"REST"},{"floor":32,"key":"REST"},{"data":"Multi-Cast","floor":40,"key":"SMITH"}],"neow_cost":"PERCENT_DAMAGE","seed_source_timestamp":818146425175201,"circlet_count":0,"master_deck":["Defend_B","Zap","Dualcast","Cold Snap","Redo+1","Loop+1","Coolheaded+1","Multi-Cast+1","Genetic Algorithm+1","Darkness","Beam Cell","Conserve Battery+1"],"relics":["Cracked Core","Lantern","Runic Pyramid","Nilry\u0027s Codex","Ancient Tea Set","Nuclear Battery","Thread and Needle"],"potions_floor_usage":[18,23,27,42,42,42],"damage_taken":[{"damage":0,"enemies":"Small Slimes","floor":1,"turns":2},{"damage":7,"enemies":"2 Louse","floor":2,"turns":3},{"damage":1,"enemies":"Cultist","floor":5,"turns":3},{"damage":13,"enemies":"Large Slime","floor":10,"turns":3},{"damage":0,"enemies":"2 Fungi Beasts","floor":14,"turns":2},{"damage":21,"enemies":"Slime Boss","floor":16,"turns":10},{"damage":2,"enemies":"3 Byrds","floor":18,"turns":5},{"damage":20,"enemies":"2 Thieves","floor":22,"turns":4},{"damage":0,"enemies":"Gremlin Leader","floor":23,"turns":1},{"damage":20,"enemies":"Shelled Parasite and Fungi","floor":24,"turns":4},{"damage":14,"enemies":"3 Cultists","floor":27,"turns":6},{"damage":0,"enemies":"Snake Plant","floor":29,"turns":3},{"damage":3,"enemies":"Centurion and Healer","floor":31,"turns":6},{"damage":11,"enemies":"Champ","floor":33,"turns":7},{"damage":21,"enemies":"Orb Walker","floor":35,"turns":5},{"damage":4,"enemies":"Mind Bloom Boss Battle","floor":37,"turns":5},{"damage":7,"enemies":"3 Shapes","floor":38,"turns":6},{"damage":7,"enemies":"Spire Growth","floor":39,"turns":4},{"damage":36,"enemies":"2 Orb Walkers","floor":42,"turns":4}],"seed_played":"-5634711262976741080","potions_obtained":[{"floor":2,"key":"SmokeBomb"},{"floor":5,"key":"SteroidPotion"},{"floor":10,"key":"FocusPotion"},{"floor":18,"key":"Block Potion"},{"floor":31,"key":"Weak Potion"},{"floor":33,"key":"Ancient Potion"},{"floor":39,"key":"Swift Potion"}],"is_trial":false,"path_per_floor":["M","M","?","$","M","R","$","?","T","M","?","$","R","M","R","B",null,"M","?","$","?","M","E","M","R","T","M","?","M","R","M","R","B",null,"M","$","?","M","M","R","?"],"character_chosen":"DEFECT","items_purchased":["Loop","Coolheaded","Darkness"],"campfire_rested":4,"item_purchase_floors":[7,12,20],"current_hp_per_floor":[54,47,47,47,46,68,68,68,68,55,55,55,55,55,55,34,75,73,73,73,57,37,37,17,39,39,25,25,25,47,44,66,55,75,54,54,50,43,36,36,36,0],"gold":95,"neow_bonus":"TWO_FIFTY_GOLD","is_prod":false,"is_daily":false,"chose_seed":false,"campfire_upgraded":3,"win_rate":0.0,"timestamp":1539990244,"path_taken":["M","M","?","$","M","R","$","?","T","M","?","$","R","M","R","BOSS","M","?","?","?","M","E","M","R","T","M","?","M","R","M","R","BOSS","M","$","?","M","M","R","?","?"],"build_version":"2018-10-18","purchased_purges":5,"victory":false,"max_hp_per_floor":[75,75,75,75,75,75,75,75,75,75,75,75,75,75,75,75,75,75,75,75,75,75,75,75,75,75,75,75,75,75,75,75,75,75,75,75,75,75,75,75,75,75],"card_choices":[{"not_picked":["Leap","Go for the Eyes"],"picked":"Cold Snap","floor":1},{"not_picked":["Reinforced Body","Conserve Battery"],"picked":"Redo","floor":2},{"not_picked":["Leap","Skim","Gash"],"picked":"SKIP","floor":5},{"not_picked":["Reinforced Body","Auto Shields","Heatsinks"],"picked":"SKIP","floor":10},{"not_picked":["Sweeping Beam","Hologram","Beam Cell"],"picked":"SKIP","floor":14},{"not_picked":["Amplify","Reboot"],"picked":"Multi-Cast","floor":16},{"not_picked":["FTL","Skim"],"picked":"Genetic Algorithm+1","floor":18},{"not_picked":["Leap","Double Energy"],"picked":"Beam Cell","floor":22},{"not_picked":["Defragment+1","Hologram","Ball Lightning"],"picked":"SKIP","floor":24},{"not_picked":["Streamline+1","Compile Driver"],"picked":"Conserve Battery+1","floor":27},{"not_picked":["Steam","Tempest","Hologram"],"picked":"SKIP","floor":29},{"not_picked":["Steam","Ball Lightning","Hologram"],"picked":"SKIP","floor":31},{"not_picked":["White Noise+1","Tempest","Go for the Eyes+1"],"picked":"SKIP","floor":35},{"not_picked":["Barrage+1","Streamline","Lockon+1"],"picked":"SKIP","floor":38},{"not_picked":["Heatsinks","Barrage+1","Sweeping Beam"],"picked":"SKIP","floor":39}],"player_experience":50589,"relics_obtained":[{"floor":9,"key":"Lantern"},{"floor":21,"key":"Nilry\u0027s Codex"},{"floor":26,"key":"Ancient Tea Set"},{"floor":37,"key":"Thread and Needle"}],"event_choices":[{"damage_healed":0,"gold_gain":0,"player_choice":"Grow","damage_taken":0,"max_hp_gain":0,"max_hp_loss":0,"event_name":"Living Wall","floor":3,"gold_loss":0,"cards_upgraded":["Redo"]},{"damage_healed":0,"gold_gain":0,"player_choice":"Ignored","damage_taken":0,"max_hp_gain":0,"max_hp_loss":0,"event_name":"Liars Game","floor":8,"gold_loss":0},{"damage_healed":0,"gold_gain":100,"player_choice":"Pray","damage_taken":0,"max_hp_gain":0,"max_hp_loss":0,"event_name":"Golden Shrine","floor":11,"gold_loss":0},{"cards_removed":["Defend_B"],"damage_healed":0,"gold_gain":0,"player_choice":"Elegance","damage_taken":0,"max_hp_gain":0,"max_hp_loss":0,"event_name":"Back to Basics","floor":19,"gold_loss":0},{"damage_healed":0,"gold_gain":0,"player_choice":"Obtained Book","damage_taken":16,"max_hp_gain":0,"max_hp_loss":0,"event_name":"Cursed Tome","floor":21,"gold_loss":0},{"damage_healed":0,"gold_gain":0,"player_choice":"Ignored","damage_taken":0,"max_hp_gain":0,"max_hp_loss":0,"event_name":"Ghosts","floor":28,"gold_loss":0},{"damage_healed":0,"gold_gain":0,"player_choice":"Fight","damage_taken":0,"max_hp_gain":0,"max_hp_loss":0,"event_name":"MindBloom","floor":37,"gold_loss":0},{"cards_removed":["Strike_B"],"damage_healed":0,"gold_gain":0,"player_choice":"Removed Attack","damage_taken":0,"max_hp_gain":0,"max_hp_loss":0,"event_name":"Falling","floor":41,"gold_loss":0},{"damage_healed":0,"gold_gain":0,"player_choice":"Fight","damage_taken":0,"max_hp_gain":0,"max_hp_loss":0,"event_name":"Mysterious Sphere","floor":42,"gold_loss":0}],"is_beta":false,"boss_relics":[{"not_picked":["Velvet Choker","FrozenCore"],"picked":"Runic Pyramid"},{"not_picked":["Inserter","Lizard Tail"],"picked":"Nuclear Battery"}],"items_purged_floors":[4,7,12,20,36],"is_endless":false,"potions_floor_spawned":[2,5,10,18,23,31,33,35,38,39],"killed_by":"2 Orb Walkers","ascension_level":0}