{"gold_per_floor":[113,38,38,50,63,94,94,129,182,182,197,215,225,235,235,332,332,332,78,28,28,28,28,5,5,5,5],"floor_reached":27,"playtime":2498,"items_purged":["Strike_G","Strike_G"],"score":398,"play_id":"598cfdf4-ab10-4551-a1f7-9ba285e1daa0","local_time":"20190225174405","is_ascension_mode":true,"campfire_choices":[{"data":"Terror","floor":7,"key":"SMITH"},{"floor":15,"key":"REST"},{"data":"Catalyst","floor":23,"key":"SMITH"}],"neow_cost":"NONE","seed_source_timestamp":11609985863870,"circlet_count":0,"master_deck":["Defend_G","Defend_G","Defend_G","Defend_G","Strike_G","Strike_G","Strike_G","Survivor+1","Neutralize","Bouncing Flask+1","Backflip","Terror+1","PiercingWail","Poisoned Stab","Backstab","Acrobatics","PiercingWail","Glass Knife","Expertise+1","Escape Plan","Catalyst+1","Deflect","Tools of the Trade"],"relics":["Ring of the Snake","Blood Vial","Mercury Hourglass","Dream Catcher","Oddly Smooth Stone","Ectoplasm","Art of War","MawBank","Strawberry"],"potions_floor_usage":[6,6,8,25,25,27,27],"damage_taken":[{"damage":2,"enemies":"Jaw Worm","floor":1,"turns":8},{"damage":0,"enemies":"Cultist","floor":4,"turns":4},{"damage":1,"enemies":"2 Louse","floor":5,"turns":3},{"damage":3,"enemies":"Lagavulin","floor":6,"turns":5},{"damage":8,"enemies":"Gremlin Nob","floor":8,"turns":3},{"damage":2,"enemies":"Lots of Slimes","floor":11,"turns":3},{"damage":2,"enemies":"3 Louse","floor":12,"turns":4},{"damage":0,"enemies":"2 Fungi Beasts","floor":13,"turns":3},{"damage":0,"enemies":"Exordium Thugs","floor":14,"turns":5},{"damage":0,"enemies":"Hexaghost","floor":16,"turns":9},{"damage":0,"enemies":"3 Byrds","floor":18,"turns":4},{"damage":0,"enemies":"Shell Parasite","floor":21,"turns":4},{"damage":2,"enemies":"Centurion and Healer","floor":22,"turns":7},{"damage":41,"enemies":"Slavers","floor":25,"turns":8},{"damage":40,"enemies":"Gremlin Leader","floor":27,"turns":4}],"seed_played":"-5858080407879573456","potions_obtained":[{"floor":1,"key":"Block Potion"},{"floor":5,"key":"Energy Potion"},{"floor":6,"key":"Weak Potion"},{"floor":14,"key":"EssenceOfSteel"},{"floor":16,"key":"Strength Potion"},{"floor":21,"key":"LiquidBronze"},{"floor":25,"key":"LiquidBronze"}],"is_trial":false,"path_per_floor":["M","$","?","M","M","E","R","E","T","?","M","M","M","M","R","B",null,"M","$","?","M","M","R","$","E","T","E"],"character_chosen":"THE_SILENT","items_purchased":["Art of War","Deflect"],"campfire_rested":1,"item_purchase_floors":[19,24],"current_hp_per_floor":[63,63,63,65,66,65,65,59,59,45,45,45,47,49,70,70,70,70,70,70,70,68,68,68,29,36,0],"gold":5,"neow_bonus":"RANDOM_COMMON_RELIC","is_prod":false,"is_daily":false,"chose_seed":false,"campfire_upgraded":2,"win_rate":0,"timestamp":1551091445,"path_taken":["M","$","?","?","M","E","R","E","T","?","M","M","M","M","R","BOSS","M","$","?","M","M","R","?","E","T","E"],"build_version":"2019-01-23","purchased_purges":2,"victory":false,"max_hp_per_floor":[70,70,70,70,70,70,70,70,70,70,70,70,70,70,70,70,70,70,70,70,70,70,70,70,70,77,77],"card_choices":[{"not_picked":["Caltrops","Slice"],"picked":"Bouncing Flask","floor":1},{"not_picked":["Heel Hook","Prepared"],"picked":"Backflip","floor":4},{"not_picked":["Sucker Punch","Quick Slash","Underhanded Strike"],"picked":"SKIP","floor":5},{"not_picked":["Poisoned Stab","Flying Knee"],"picked":"Terror","floor":6},{"not_picked":["Deadly Poison","Prepared"],"picked":"PiercingWail","floor":8},{"not_picked":["Sucker Punch","Underhanded Strike"],"picked":"Poisoned Stab","floor":11},{"not_picked":["Grand Finale","Distraction","Outmaneuver"],"picked":"SKIP","floor":12},{"not_picked":["Slice","Underhanded Strike"],"picked":"Backstab","floor":13},{"not_picked":["Outmaneuver","Slice"],"picked":"Acrobatics","floor":14},{"not_picked":["Slice","Deflect"],"picked":"PiercingWail","floor":15},{"not_picked":["Storm of Steel","Grand Finale"],"picked":"Glass Knife","floor":16},{"not_picked":["Backflip","Bane"],"picked":"Expertise+1","floor":18},{"not_picked":["Deflect+1","Dagger Spray"],"picked":"Escape Plan","floor":21},{"not_picked":["Flying Knee","All Out Attack"],"picked":"Catalyst","floor":22},{"not_picked":["Poisoned Stab","Bane"],"picked":"Tools of the Trade","floor":25}],"player_experience":261105,"relics_obtained":[{"floor":6,"key":"Mercury Hourglass"},{"floor":8,"key":"Dream Catcher"},{"floor":9,"key":"Oddly Smooth Stone"},{"floor":25,"key":"MawBank"},{"floor":26,"key":"Strawberry"}],"event_choices":[{"cards_removed":["Defend_G"],"damage_healed":0,"gold_gain":0,"player_choice":"Purged","damage_taken":0,"max_hp_gain":0,"max_hp_loss":0,"event_name":"Purifier","floor":3,"gold_loss":0},{"damage_healed":0,"gold_gain":0,"player_choice":"Entered Light","damage_taken":14,"max_hp_gain":0,"max_hp_loss":0,"event_name":"Shining Light","floor":10,"gold_loss":0,"cards_upgraded":["Survivor","Bouncing Flask"]},{"damage_healed":0,"gold_gain":0,"player_choice":"Bet on Murderer","damage_taken":0,"max_hp_gain":0,"max_hp_loss":0,"event_name":"The Joust","floor":20,"gold_loss":50}],"is_beta":false,"boss_relics":[{"not_picked":["Eternal Feather","Calling Bell"],"picked":"Ectoplasm"}],"items_purged_floors":[2,19],"is_endless":false,"potions_floor_spawned":[1,5,6,14,16,21,25],"killed_by":"Gremlin Leader","ascension_level":7}