{"gold_per_floor":[109,123,133,147,165,165,194,194,194,206,206,206,206,226,226,302,302,317,317,165,165,215,215,215],"floor_reached":24,"playtime":9625,"items_purged":["Strike_G"],"score":323,"play_id":"aaedcba3-0687-453c-866a-ca67378d5e26","local_time":"20190301121600","is_ascension_mode":true,"campfire_choices":[{"data":"Neutralize","floor":6,"key":"SMITH"},{"data":"Skewer","floor":8,"key":"SMITH"},{"data":"Dagger Spray","floor":12,"key":"SMITH"},{"floor":15,"key":"REST"},{"floor":23,"key":"REST"}],"neow_cost":"NONE","seed_source_timestamp":1225876588687681,"circlet_count":0,"master_deck":["AscendersBane","Defend_G","Defend_G","Defend_G","Defend_G","Strike_G","Strike_G","Strike_G","Survivor","Neutralize+1","Well Laid Plans","Infinite Blades","Skewer+1","Backflip","Backstab","Dagger Spray+1","PiercingWail","Corpse Explosion","Noxious Fumes"],"relics":["Empty Cage","Boot","Mummified Hand","Kunai","WristBlade"],"potions_floor_usage":[7,7,16,24],"damage_taken":[{"damage":7,"enemies":"Small Slimes","floor":1,"turns":6},{"damage":0,"enemies":"2 Louse","floor":2,"turns":5},{"damage":0,"enemies":"Jaw Worm","floor":3,"turns":5},{"damage":5,"enemies":"Large Slime","floor":4,"turns":6},{"damage":2,"enemies":"Exordium Thugs","floor":5,"turns":5},{"damage":20,"enemies":"Gremlin Nob","floor":7,"turns":5},{"damage":8,"enemies":"Gremlin Gang","floor":10,"turns":6},{"damage":0,"enemies":"Blue Slaver","floor":14,"turns":2},{"damage":25,"enemies":"The Guardian","floor":16,"turns":13},{"damage":2,"enemies":"3 Byrds","floor":18,"turns":3},{"damage":22,"enemies":"Colosseum Slavers","floor":21,"turns":2},{"damage":48,"enemies":"Book of Stabbing","floor":24,"turns":6}],"seed_played":"-8738361381805611062","potions_obtained":[{"floor":2,"key":"Dexterity Potion"},{"floor":3,"key":"Weak Potion"},{"floor":14,"key":"Ancient Potion"},{"floor":18,"key":"SteroidPotion"}],"is_trial":false,"path_per_floor":["M","M","M","M","M","R","E","R","T","M","?","R","?","M","R","B",null,"M","?","$","?","?","R","E"],"character_chosen":"THE_SILENT","items_purchased":["Noxious Fumes"],"campfire_rested":2,"item_purchase_floors":[20],"current_hp_per_floor":[56,56,56,51,49,49,29,29,29,21,44,44,32,32,53,28,60,58,45,45,23,23,45,0],"gold":215,"neow_bonus":"BOSS_RELIC","is_prod":false,"is_daily":false,"chose_seed":false,"campfire_upgraded":3,"win_rate":0,"timestamp":1551438960,"path_taken":["M","M","M","M","M","R","E","R","T","M","?","R","?","M","R","BOSS","M","?","$","?","?","R","E"],"build_version":"2019-01-23","purchased_purges":1,"victory":false,"max_hp_per_floor":[70,70,70,70,70,70,70,70,70,70,70,70,70,70,70,70,70,70,75,75,75,75,75,75],"card_choices":[{"not_picked":["Outmaneuver","Expertise"],"picked":"Well Laid Plans","floor":1},{"not_picked":["Blade Dance","Caltrops"],"picked":"Infinite Blades","floor":2},{"not_picked":["Poisoned Stab","Prepared"],"picked":"Skewer","floor":3},{"not_picked":["Sucker Punch","Dagger Throw"],"picked":"Backflip","floor":4},{"not_picked":["Acrobatics","Expertise","Deflect"],"picked":"SKIP","floor":5},{"not_picked":["Underhanded Strike","Outmaneuver"],"picked":"Backstab","floor":7},{"not_picked":["Backflip","Cloak And Dagger"],"picked":"Dagger Spray","floor":10},{"not_picked":["Unload","Escape Plan"],"picked":"PiercingWail","floor":14},{"not_picked":["Phantasmal Killer","Venomology"],"picked":"Corpse Explosion","floor":16},{"not_picked":["Concentrate","Flying Knee","Underhanded Strike+1"],"picked":"SKIP","floor":18}],"player_experience":658823,"relics_obtained":[{"floor":7,"key":"Boot"},{"floor":9,"key":"Mummified Hand"}],"event_choices":[{"damage_healed":23,"gold_gain":0,"player_choice":"Banana","damage_taken":0,"max_hp_gain":0,"max_hp_loss":0,"event_name":"Big Fish","floor":11,"gold_loss":0},{"damage_healed":0,"gold_gain":0,"player_choice":"Success","damage_taken":12,"relics_obtained":["Kunai"],"max_hp_gain":0,"max_hp_loss":0,"event_name":"Scrap Ooze","floor":13,"gold_loss":0},{"damage_healed":0,"gold_gain":0,"player_choice":"Shed Blood","damage_taken":18,"max_hp_gain":5,"max_hp_loss":0,"event_name":"Forgotten Altar","floor":19,"gold_loss":0},{"damage_healed":0,"gold_gain":0,"player_choice":"Fight","damage_taken":0,"max_hp_gain":0,"max_hp_loss":0,"event_name":"Colosseum","floor":21,"gold_loss":0},{"damage_healed":0,"gold_gain":0,"player_choice":"Fled From Nobs","damage_taken":0,"max_hp_gain":0,"max_hp_loss":0,"event_name":"Colosseum","floor":21,"gold_loss":0},{"damage_healed":0,"gold_gain":100,"player_choice":"Bet on Murderer","damage_taken":0,"max_hp_gain":0,"max_hp_loss":0,"event_name":"The Joust","floor":22,"gold_loss":50}],"is_beta":false,"boss_relics":[{"not_picked":["Snecko Eye","White Beast Statue"],"picked":"WristBlade"}],"items_purged_floors":[20],"is_endless":false,"potions_floor_spawned":[2,3,14,18,21],"killed_by":"Book of Stabbing","ascension_level":13}