{"gold_per_floor":[15,26,44,55,70,102,27,44,99,113,24,24,49,49,49,127,127,138,154,166,166,166,166,194,212,212,212,239,250,278,278,278,278],"floor_reached":33,"playtime":1371,"items_purged":["Strike_B"],"score":638,"play_id":"dfb75aa0-bcc7-4bee-b6f3-7f5b00de7940","local_time":"20190225183451","is_ascension_mode":true,"campfire_choices":[{"data":"Defragment","floor":12.0,"key":"SMITH"},{"data":"Biased Cognition","floor":15.0,"key":"SMITH"},{"floor":23.0,"key":"REST"},{"floor":27.0,"key":"REST"},{"floor":32,"key":"REST"}],"neow_cost":"NO_GOLD","seed_source_timestamp":26497983656560,"circlet_count":0,"master_deck":["AscendersBane","Strike_B","Strike_B","Strike_B","Defend_B","Defend_B","Defend_B","Zap+1","Dualcast","Master of Strategy","Sunder","Streamline","Ball Lightning","BootSequence","Beam Cell","Biased Cognition+1","FTL","Auto Shields","Defragment+1","Cold Snap","Buffer","Leap","Echo Form","Chill","Auto Shields+1","Buffer","Fusion+1","Leap+1","Steam+1"],"special_seed":0,"relics":["Cracked Core","Bottled Flame","War Paint","PreservedInsect","Black Star","Toxic Egg 2","Bag of Preparation","Pantograph","Bag of Marbles","Omamori","Gremlin Horn","Blood Vial"],"potions_floor_usage":[30,33],"damage_taken":[{"damage":6.0,"enemies":"Cultist","floor":1.0,"turns":3.0},{"damage":0.0,"enemies":"Small Slimes","floor":2.0,"turns":2.0},{"damage":2.0,"enemies":"Jaw Worm","floor":3.0,"turns":3.0},{"damage":10.0,"enemies":"Gremlin Gang","floor":4.0,"turns":3.0},{"damage":1.0,"enemies":"Looter","floor":5.0,"turns":2.0},{"damage":8.0,"enemies":"Gremlin Nob","floor":6.0,"turns":3.0},{"damage":0.0,"enemies":"Blue Slaver","floor":8.0,"turns":2.0},{"damage":0.0,"enemies":"2 Fungi Beasts","floor":10.0,"turns":2.0},{"damage":10.0,"enemies":"Lagavulin","floor":13.0,"turns":6.0},{"damage":52.0,"enemies":"Hexaghost","floor":16.0,"turns":9.0},{"damage":6.0,"enemies":"Shell Parasite","floor":18.0,"turns":5.0},{"damage":4.0,"enemies":"Spheric Guardian","floor":19.0,"turns":3.0},{"damage":13.0,"enemies":"Snecko","floor":20.0,"turns":5.0},{"damage":17.0,"enemies":"Colosseum Slavers","floor":21.0,"turns":4.0},{"damage":33.0,"enemies":"Book of Stabbing","floor":24.0,"turns":5.0},{"damage":0.0,"enemies":"Cultist and Chosen","floor":25.0,"turns":7.0},{"damage":13.0,"enemies":"Gremlin Leader","floor":28.0,"turns":5.0},{"damage":17.0,"enemies":"Sentry and Sphere","floor":29.0,"turns":5.0},{"damage":13,"enemies":"Slavers","floor":30,"turns":4},{"damage":16,"enemies":"Collector","floor":33,"turns":10}],"seed_played":"8355263416146405351","potions_obtained":[{"floor":1.0,"key":"Weak Potion"},{"floor":5.0,"key":"Weak Potion"},{"floor":10.0,"key":"Regen Potion"},{"floor":16.0,"key":"Block Potion"},{"floor":18.0,"key":"SteroidPotion"},{"floor":24.0,"key":"Dexterity Potion"},{"floor":28.0,"key":"AttackPotion"},{"floor":29.0,"key":"PowerPotion"}],"is_trial":false,"path_per_floor":["M","M","M","M","M","E","$","M","T","M","$","R","E","?","R","B",null,"M","M","M","?","?","R","E","M","T","R","E","M","E","?","R","B"],"character_chosen":"DEFECT","items_purchased":["Defragment"],"campfire_rested":3,"item_purchase_floors":[11],"current_hp_per_floor":[58,58,56,46,45,37,37,37,37,37,37,37,27,81,81,29,68,62,58,45,28,28,52,33,33,33,57,44,27,14,14,38,49],"gold":278,"neow_bonus":"RANDOM_COLORLESS_2","is_prod":false,"is_daily":false,"chose_seed":false,"campfire_upgraded":2,"win_rate":0,"timestamp":1551116091,"path_taken":["M","?","M","M","M","E","$","M","T","?","?","R","E","?","R","BOSS","M","M","M","?","?","R","E","M","T","R","E","?","E","?","R","BOSS"],"build_version":"2019-02-06","purchased_purges":1,"victory":false,"max_hp_per_floor":[71,71,71,71,71,71,71,71,71,71,71,71,71,81,81,81,81,81,81,81,81,81,81,81,81,81,81,81,81,81,81,81,81],"card_choices":[{"not_picked":["Hologram","Steam"],"picked":"Sunder","floor":1.0},{"not_picked":["Steam","Consume"],"picked":"Streamline","floor":2.0},{"not_picked":["Redo","Rebound"],"picked":"Ball Lightning","floor":3.0},{"not_picked":["Undo","Conserve Battery"],"picked":"BootSequence","floor":4.0},{"not_picked":["Streamline","Stack"],"picked":"Beam Cell","floor":5.0},{"not_picked":["Beam Cell","Coolheaded"],"picked":"Biased Cognition","floor":6.0},{"not_picked":["Leap","Turbo"],"picked":"FTL","floor":8.0},{"not_picked":["Leap","Coolheaded"],"picked":"Auto Shields","floor":10.0},{"not_picked":["Gash","Hologram"],"picked":"Cold Snap","floor":13.0},{"not_picked":["All For One","Amplify"],"picked":"Buffer","floor":16.0},{"not_picked":["Sweeping Beam","Redo"],"picked":"Leap","floor":18.0},{"not_picked":["Genetic Algorithm","Ball Lightning"],"picked":"Echo Form","floor":19.0},{"not_picked":["Leap+1","Lockon"],"picked":"Chill","floor":20.0},{"not_picked":["Gash","Genetic Algorithm"],"picked":"Auto Shields","floor":24.0},{"not_picked":["Reprogram+1","Go for the Eyes"],"picked":"Buffer","floor":25.0},{"not_picked":["Rip and Tear","Steam+1"],"picked":"Fusion+1","floor":28.0},{"not_picked":["Scrape+1","Streamline"],"picked":"Leap+1","floor":29.0},{"not_picked":["Hologram+1","Turbo+1"],"picked":"Steam+1","floor":30}],"player_experience":945526,"relics_obtained":[{"floor":6.0,"key":"Bottled Flame"},{"floor":9.0,"key":"War Paint"},{"floor":13.0,"key":"PreservedInsect"},{"floor":24.0,"key":"Toxic Egg 2"},{"floor":24.0,"key":"Bag of Preparation"},{"floor":26.0,"key":"Pantograph"},{"floor":28.0,"key":"Bag of Marbles"},{"floor":28.0,"key":"Omamori"},{"floor":30,"key":"Gremlin Horn"},{"floor":30,"key":"Blood Vial"}],"event_choices":[{"cards_removed":["Secret Technique"],"damage_healed":44.0,"max_hp_gain":10.0,"max_hp_loss":0.0,"gold_gain":0.0,"event_name":"Bonfire Elementals","player_choice":"Offered Rare","floor":14.0,"gold_loss":0.0,"damage_taken":0.0},{"damage_healed":0.0,"max_hp_gain":0.0,"max_hp_loss":0.0,"gold_gain":0.0,"event_name":"Colosseum","player_choice":"Fight","floor":21.0,"gold_loss":0.0,"damage_taken":0.0},{"damage_healed":0.0,"max_hp_gain":0.0,"max_hp_loss":0.0,"gold_gain":0.0,"event_name":"Colosseum","player_choice":"Fled From Nobs","floor":21.0,"gold_loss":0.0,"damage_taken":0.0},{"cards_removed":["Defend_B"],"damage_healed":0.0,"max_hp_gain":0.0,"max_hp_loss":0.0,"gold_gain":0.0,"event_name":"Purifier","player_choice":"Purged","floor":22.0,"gold_loss":0.0,"damage_taken":0.0},{"damage_healed":0,"gold_gain":0,"player_choice":"Smashed Altar","damage_taken":0,"max_hp_gain":0,"max_hp_loss":0,"event_name":"Forgotten Altar","floor":31,"gold_loss":0,"cards_obtained":["Decay"]}],"is_beta":true,"boss_relics":[{"not_picked":["Philosopher\u0027s Stone","Tiny House"],"picked":"Black Star"}],"items_purged_floors":[7],"is_endless":false,"potions_floor_spawned":[1,5,6,10,16,18,24,28,29],"killed_by":"Collector","ascension_level":20}