{"gold_per_floor":[118,13,31,48,223,223,255,255,281,281,281,316,316,316,316,416,416,433,453,97,97,110,139,139,165,191,191,208,225,225,236,236,337,337,353,353,369,25,41,41],"floor_reached":40,"playtime":4114,"items_purged":["Parasite"],"score":654,"play_id":"fc82b56f-cd89-495c-b70d-ca057e907518","local_time":"20190224130014","is_ascension_mode":true,"campfire_choices":[{"data":"Bash","floor":6.0,"key":"SMITH"},{"data":"Armaments","floor":8.0,"key":"SMITH"},{"data":"Spot Weakness","floor":10.0,"key":"SMITH"},{"data":"Clothesline","floor":15.0,"key":"SMITH"},{"data":"Reaper","floor":24.0,"key":"SMITH"},{"data":"Clothesline","floor":27.0,"key":"SMITH"},{"data":"Shockwave","floor":30.0,"key":"SMITH"},{"floor":32.0,"key":"REST"}],"neow_cost":"NONE","seed_source_timestamp":815718359310648,"circlet_count":0,"master_deck":["Strike_R+1","Defend_R","Defend_R","Defend_R","Defend_R+1","Bash+1","Wild Strike","Spot Weakness+1","Pummel","Armaments+1","Ghostly Armor+1","Iron Wave","Pommel Strike+1","Clothesline+1","Reaper+1","Intimidate+1","Inflame+1","Clothesline+1","Heavy Blade","Warcry","Feed","Combust","Disarm","Headbutt","Shockwave+1","Sword Boomerang","Impervious","Metallicize","True Grit","Body Slam"],"special_seed":0,"relics":["Burning Blood","Red Skull","War Paint","The Courier","Astrolabe","Self Forming Clay","Potion Belt","Unceasing Top","Juzu Bracelet","Busted Crown","Pear"],"potions_floor_usage":[40],"damage_taken":[{"damage":0.0,"enemies":"Small Slimes","floor":1.0,"turns":3.0},{"damage":1.0,"enemies":"2 Louse","floor":3.0,"turns":2.0},{"damage":1.0,"enemies":"Cultist","floor":4.0,"turns":4.0},{"damage":51.0,"enemies":"3 Sentries","floor":7.0,"turns":14.0},{"damage":17.0,"enemies":"Gremlin Nob","floor":12.0,"turns":4.0},{"damage":23.0,"enemies":"Hexaghost","floor":16.0,"turns":11.0},{"damage":18.0,"enemies":"Shell Parasite","floor":18.0,"turns":6.0},{"damage":13.0,"enemies":"Spheric Guardian","floor":19.0,"turns":4.0},{"damage":26.0,"enemies":"Centurion and Healer","floor":22.0,"turns":6.0},{"damage":22.0,"enemies":"Slavers","floor":23.0,"turns":8.0},{"damage":40.0,"enemies":"Book of Stabbing","floor":25.0,"turns":6.0},{"damage":6.0,"enemies":"Snake Plant","floor":28.0,"turns":4.0},{"damage":21.0,"enemies":"Snecko","floor":29.0,"turns":6.0},{"damage":10.0,"enemies":"Centurion and Healer","floor":31.0,"turns":5.0},{"damage":52.0,"enemies":"Champ","floor":33.0,"turns":9.0},{"damage":16.0,"enemies":"Orb Walker","floor":35.0,"turns":5.0},{"damage":30.0,"enemies":"3 Darklings","floor":37.0,"turns":7.0},{"damage":13,"enemies":"4 Shapes","floor":39,"turns":6},{"damage":82,"enemies":"Giant Head","floor":40,"turns":9}],"seed_played":"-1793125892426226956","potions_obtained":[{"floor":16.0,"key":"SteroidPotion"},{"floor":18.0,"key":"Fire Potion"},{"floor":23.0,"key":"EssenceOfSteel"},{"floor":25.0,"key":"FearPotion"},{"floor":29.0,"key":"Block Potion"},{"floor":35.0,"key":"SpeedPotion"},{"floor":39,"key":"LiquidBronze"}],"is_trial":false,"path_per_floor":["M","$","M","M","?","R","E","R","T","R","?","E","?","?","R","B",null,"M","M","$","?","M","E","R","E","T","R","M","M","R","M","R","B",null,"M","?","M","$","M","E"],"character_chosen":"IRONCLAD","items_purchased":["Pummel","Armaments","Warcry","Swift Potion","Self Forming Clay","SkillPotion","True Grit","Body Slam","Pear","Block Potion","Weak Potion"],"campfire_rested":1,"item_purchase_floors":[2,2,20,20,20,20,38,38,38,38,38],"current_hp_per_floor":[78,78,80,80,80,80,35,35,35,35,35,24,44,28,28,11,63,51,44,44,44,38,53,53,24,24,24,33,26,26,25,49,30,72,65,65,41,51,68,0],"gold":41,"neow_bonus":"THREE_CARDS","is_prod":false,"is_daily":false,"chose_seed":false,"campfire_upgraded":7,"win_rate":0,"timestamp":1551042014,"path_taken":["M","$","M","M","?","R","E","R","T","R","?","E","?","?","R","BOSS","M","M","$","?","?","E","R","E","T","R","M","M","R","M","R","BOSS","M","?","M","$","M","E"],"build_version":"2019-01-23","purchased_purges":1,"victory":false,"max_hp_per_floor":[80,80,80,80,80,80,80,80,80,80,80,80,80,80,80,80,80,80,80,77,77,77,80,80,80,80,80,80,80,80,83,83,86,86,89,89,89,99,99,99],"card_choices":[{"not_picked":["Rage","Sever Soul"],"picked":"Wild Strike","floor":0.0},{"not_picked":["Heavy Blade","Shrug It Off"],"picked":"Spot Weakness","floor":1.0},{"not_picked":["Spot Weakness","Cleave"],"picked":"Ghostly Armor","floor":3.0},{"not_picked":["Armaments","Body Slam"],"picked":"Iron Wave","floor":4.0},{"not_picked":["Juggernaut","Entrench"],"picked":"Pommel Strike","floor":7.0},{"not_picked":["Flex","Dark Embrace"],"picked":"Clothesline","floor":12.0},{"not_picked":["Juggernaut","Bludgeon"],"picked":"Reaper","floor":16.0},{"not_picked":["Cleave+1","Iron Wave"],"picked":"Clothesline","floor":18.0},{"not_picked":["Evolve","Pommel Strike"],"picked":"Heavy Blade","floor":19.0},{"not_picked":["Uppercut+1","Cleave"],"picked":"Feed","floor":22.0},{"not_picked":["Flex","Second Wind"],"picked":"Combust","floor":23.0},{"not_picked":["Clothesline","Twin Strike+1"],"picked":"Disarm","floor":25.0},{"not_picked":["Clothesline","Infernal Blade"],"picked":"Headbutt","floor":28.0},{"not_picked":["Combust","Clash+1"],"picked":"Shockwave","floor":29.0},{"not_picked":["Heavy Blade","Searing Blow"],"picked":"Sword Boomerang","floor":31.0},{"not_picked":["Demon Form","Juggernaut"],"picked":"Impervious","floor":33.0},{"not_picked":[],"picked":"Metallicize","floor":35.0},{"not_picked":["Pommel Strike"],"picked":"SKIP","floor":37.0},{"not_picked":["Clothesline+1"],"picked":"SKIP","floor":39}],"player_experience":479607,"relics_obtained":[{"floor":7.0,"key":"Red Skull"},{"floor":9.0,"key":"War Paint"},{"floor":12.0,"key":"The Courier"},{"floor":23.0,"key":"Potion Belt"},{"floor":25.0,"key":"Unceasing Top"},{"floor":26.0,"key":"Juzu Bracelet"}],"event_choices":[{"damage_healed":0.0,"max_hp_gain":0.0,"max_hp_loss":0.0,"gold_gain":175.0,"event_name":"Liars Game","player_choice":"AGREE","floor":5.0,"gold_loss":0.0,"damage_taken":0.0,"cards_obtained":["Doubt"]},{"cards_removed":["Doubt"],"damage_healed":0.0,"max_hp_gain":0.0,"max_hp_loss":0.0,"gold_gain":0.0,"event_name":"Living Wall","player_choice":"Forget","floor":11.0,"gold_loss":0.0,"damage_taken":0.0},{"damage_healed":20.0,"max_hp_gain":0.0,"max_hp_loss":0.0,"gold_gain":0.0,"event_name":"Mushrooms","player_choice":"Healed and dodged fight","floor":13.0,"gold_loss":0.0,"damage_taken":0.0,"cards_obtained":["Parasite"]},{"damage_healed":0.0,"max_hp_gain":0.0,"max_hp_loss":0.0,"gold_gain":0.0,"event_name":"Shining Light","player_choice":"Entered Light","floor":14.0,"gold_loss":0.0,"damage_taken":16.0,"cards_upgraded":["Strike_R","Pommel Strike"]},{"cards_removed":["Strike_R"],"damage_healed":0.0,"max_hp_gain":0.0,"max_hp_loss":0.0,"gold_gain":0.0,"event_name":"Wheel of Change","player_choice":"Card Removal","floor":21.0,"gold_loss":0.0,"damage_taken":0.0},{"cards_removed":["Flex"],"damage_healed":0.0,"max_hp_gain":0.0,"max_hp_loss":0.0,"gold_gain":0.0,"event_name":"Falling","player_choice":"Removed Skill","floor":36.0,"gold_loss":0.0,"damage_taken":0.0}],"is_beta":false,"boss_relics":[{"not_picked":["Runic Dome","Black Star"],"picked":"Astrolabe"},{"not_picked":["Lizard Tail","Fusion Hammer"],"picked":"Busted Crown"}],"items_purged_floors":[20],"is_endless":false,"potions_floor_spawned":[16,18,22,23,25,29,35,39],"killed_by":"Giant Head","ascension_level":9}