{"gold_per_floor":[118,118,193,209,226,226,251,251,251,251,251,269,269,280,280,383,383,399,419,200,220,237,237,251,251,251,251,263,282,299,214,214,310,310,329,329,342,342,46,46],"floor_reached":40,"playtime":4427,"items_purged":["Strike_R","Strike_R"],"score":498,"play_id":"291cf7cb-0c99-488d-850b-5674b35dabd9","local_time":"20181014165738","is_ascension_mode":true,"campfire_choices":[{"data":"Shrug It Off","floor":6,"key":"SMITH"},{"data":"Spot Weakness","floor":8,"key":"SMITH"},{"data":"Rampage","floor":11,"key":"SMITH"},{"data":"Twin Strike","floor":15,"key":"SMITH"},{"floor":23,"key":"REST"},{"data":"Heavy Blade","floor":25,"key":"SMITH"},{"data":"Demon Form","floor":27,"key":"SMITH"},{"floor":32,"key":"REST"}],"neow_cost":"","seed_source_timestamp":165491641303390,"circlet_count":0,"master_deck":["Strike_R+1","Defend_R","Defend_R","Defend_R","Defend_R","Bash+1","Twin Strike+1","Shrug It Off+1","Rampage+1","Spot Weakness+1","Heavy Blade+1","Demon Form+1","Whirlwind","Disarm","Iron Wave","Metallicize","Warcry","Impervious","Warcry","Heavy Blade","Madness","Madness","Shrug It Off"],"relics":["Burning Blood","Letter Opener","Oddly Smooth Stone","Velvet Choker","Matryoshka","Pantograph","Fusion Hammer"],"potions_floor_usage":[16,18,21,21,24,29,40,40,40],"damage_taken":[{"damage":10,"enemies":"2 Louse","floor":1,"turns":3},{"damage":6,"enemies":"Cultist","floor":4,"turns":4},{"damage":0,"enemies":"Small Slimes","floor":5,"turns":4},{"damage":17,"enemies":"Gremlin Nob","floor":7,"turns":4},{"damage":0,"enemies":"2 Fungi Beasts","floor":12,"turns":3},{"damage":2,"enemies":"Large Slime","floor":14,"turns":4},{"damage":24,"enemies":"Hexaghost","floor":16,"turns":8},{"damage":0,"enemies":"Chosen","floor":18,"turns":3},{"damage":14,"enemies":"3 Byrds","floor":19,"turns":5},{"damage":41,"enemies":"Shelled Parasite and Fungi","floor":21,"turns":4},{"damage":21,"enemies":"Sentry and Sphere","floor":22,"turns":4},{"damage":10,"enemies":"Cultist and Chosen","floor":24,"turns":6},{"damage":12,"enemies":"Snecko","floor":28,"turns":5},{"damage":19,"enemies":"Centurion and Healer","floor":29,"turns":5},{"damage":11,"enemies":"3 Cultists","floor":30,"turns":5},{"damage":36,"enemies":"Champ","floor":33,"turns":9},{"damage":47,"enemies":"3 Darklings","floor":35,"turns":5},{"damage":17,"enemies":"Orb Walker","floor":37,"turns":5},{"damage":42,"enemies":"2 Orb Walkers","floor":40,"turns":5}],"seed_played":"2721592775536208439","potions_obtained":[{"floor":5,"key":"Dexterity Potion"},{"floor":14,"key":"Ancient Potion"},{"floor":16,"key":"PowerPotion"},{"floor":19,"key":"Swift Potion"},{"floor":21,"key":"Dexterity Potion"},{"floor":24,"key":"Fire Potion"}],"is_trial":false,"path_per_floor":["M","?","?","M","M","R","E","R","T","?","R","M","?","M","R","B",null,"M","M","$","M","M","R","M","R","T","R","M","M","M","?","R","B",null,"M","?","M","?","$"],"character_chosen":"IRONCLAD","items_purchased":["Whirlwind","Disarm","Shrug It Off","SpeedPotion","Weak Potion","Fire Potion"],"campfire_rested":2,"item_purchase_floors":[20,20,39,39,39,39],"current_hp_per_floor":[76,69,58,58,64,64,53,53,53,37,37,43,43,47,47,29,80,80,72,72,37,22,46,42,42,42,42,36,23,18,18,42,37,80,39,39,28,18,18,0],"gold":46,"neow_bonus":"","is_prod":false,"is_daily":false,"chose_seed":false,"campfire_upgraded":6,"win_rate":0,"timestamp":1539561458,"path_taken":["M","?","?","M","M","R","E","R","T","?","R","?","?","M","R","BOSS","M","M","$","?","M","R","M","R","T","R","?","?","M","?","R","BOSS","M","?","?","?","$","E"],"build_version":"2018-10-11","purchased_purges":2,"victory":false,"max_hp_per_floor":[80,80,80,80,80,80,80,80,80,80,80,80,80,80,80,80,80,80,80,80,80,80,80,80,80,80,80,80,80,80,80,80,80,80,80,80,80,80,80,80],"card_choices":[{"not_picked":["Combust","Hemokinesis"],"picked":"Twin Strike","floor":1},{"not_picked":["Combust","Body Slam"],"picked":"Shrug It Off","floor":4},{"not_picked":["Perfected Strike","Second Wind"],"picked":"Rampage","floor":5},{"not_picked":["Exhume","Dropkick"],"picked":"Spot Weakness","floor":7},{"not_picked":["Twin Strike","Second Wind","Havoc"],"picked":"SKIP","floor":12},{"not_picked":["Battle Trance","Reckless Charge"],"picked":"Heavy Blade","floor":14},{"not_picked":["Barricade","Brutality"],"picked":"Demon Form","floor":16},{"not_picked":["Thunderclap","Dropkick","Rage"],"picked":"SKIP","floor":18},{"not_picked":["Clash","Perfected Strike","Dropkick"],"picked":"SKIP","floor":19},{"not_picked":["Dropkick","Fire Breathing"],"picked":"Iron Wave","floor":21},{"not_picked":["Thunderclap","Evolve","Flex"],"picked":"SKIP","floor":22},{"not_picked":["Anger","Corruption"],"picked":"Metallicize","floor":24},{"not_picked":["Sword Boomerang","Flex","Dropkick"],"picked":"SKIP","floor":28},{"not_picked":["Sever Soul","Metallicize"],"picked":"Warcry","floor":29},{"not_picked":["Blood for Blood","Searing Blow","Rupture"],"picked":"SKIP","floor":30},{"not_picked":["Bludgeon","Juggernaut"],"picked":"Impervious","floor":33},{"not_picked":["Sword Boomerang+1","Rage+1"],"picked":"Warcry","floor":35},{"not_picked":["Cleave","Havoc+1"],"picked":"Heavy Blade","floor":37}],"player_experience":255672,"relics_obtained":[{"floor":7,"key":"Letter Opener"},{"floor":9,"key":"Oddly Smooth Stone"},{"floor":26,"key":"Matryoshka"}],"event_choices":[{"event_name":"Golden Wing","player_choice":"Card Removal","floor":2,"damage_taken":0},{"event_name":"World of Goop","player_choice":"Gather Gold","floor":3,"damage_taken":0},{"event_name":"Shining Light","player_choice":"Entered Light","floor":10,"damage_taken":0},{"event_name":"Living Wall","player_choice":"Forget","floor":13,"damage_taken":0},{"event_name":"Addict","player_choice":"Obtained Relic","floor":31,"damage_taken":0},{"event_name":"Match and Keep!","player_choice":"0 cards matched","floor":36,"damage_taken":0},{"event_name":"Winding Halls","player_choice":"Embrace Madness","floor":38,"damage_taken":0}],"is_beta":false,"boss_relics":[{"not_picked":["Cursed Key","Empty Cage"],"picked":"Velvet Choker"},{"not_picked":["Eternal Feather","Black Star"],"picked":"Fusion Hammer"}],"items_purged_floors":[20,39],"is_endless":false,"potions_floor_spawned":[5,14,16,19,21,24],"killed_by":"2 Orb Walkers","ascension_level":4}