{"gold_per_floor":[111,111,121,134,104,104,132,145,175,187,187],"floor_reached":11,"playtime":731,"items_purged":[],"score":94,"play_id":"ecc083e0-6761-4e67-9b10-b97787e036b7","local_time":"20190202151922","is_ascension_mode":true,"campfire_choices":[{"floor":6,"key":"REST"}],"neow_cost":"CURSE","seed_source_timestamp":2026310970514566,"circlet_count":0,"master_deck":["Strike_R","Strike_R","Strike_R","Defend_R","Defend_R","Defend_R","Defend_R","Bash","Doubt","Havoc","Evolve","Uppercut","Demon Form"],"relics":["Burning Blood","Ancient Tea Set","Tiny Chest"],"potions_floor_usage":[7,10,10,11],"damage_taken":[{"damage":4,"enemies":"Small Slimes","floor":1,"turns":6},{"damage":40,"enemies":"Cultist","floor":3,"turns":8},{"damage":3,"enemies":"2 Louse","floor":4,"turns":4},{"damage":2,"enemies":"Looter","floor":5,"turns":4},{"damage":48,"enemies":"Gremlin Nob","floor":7,"turns":5},{"damage":24,"enemies":"Large Slime","floor":8,"turns":9},{"damage":15,"enemies":"3 Louse","floor":10,"turns":4},{"damage":13,"enemies":"Lagavulin","floor":11,"turns":4}],"seed_played":"-5227407959756516752","potions_obtained":[{"floor":2,"key":"SkillPotion"},{"floor":2,"key":"FearPotion"},{"floor":2,"key":"Dexterity Potion"},{"floor":7,"key":"Energy Potion"}],"is_trial":false,"path_per_floor":["M","?","M","M","M","R","E","M","T","M","E"],"character_chosen":"IRONCLAD","items_purchased":[],"campfire_rested":1,"item_purchase_floors":[],"current_hp_per_floor":[80,80,46,49,53,77,35,17,17,8,0],"gold":187,"neow_bonus":"TRANSFORM_TWO_CARDS","is_prod":false,"is_daily":false,"chose_seed":false,"campfire_upgraded":0,"win_rate":0,"timestamp":1549142362,"path_taken":["M","?","M","M","M","R","E","M","T","M","E"],"build_version":"2019-01-23","purchased_purges":0,"victory":false,"max_hp_per_floor":[80,80,80,80,80,80,80,80,80,80,80],"card_choices":[{"not_picked":["Warcry","Dual Wield","Feel No Pain"],"picked":"SKIP","floor":1},{"not_picked":["Clothesline","Sever Soul","Havoc"],"picked":"SKIP","floor":3},{"not_picked":["Thunderclap","Armaments"],"picked":"Uppercut","floor":4},{"not_picked":["Cleave","Second Wind","Clash"],"picked":"SKIP","floor":5},{"not_picked":["Havoc","Cleave"],"picked":"Demon Form","floor":7},{"not_picked":["Rampage","Pommel Strike","Sword Boomerang"],"picked":"SKIP","floor":8},{"not_picked":["Feel No Pain","Infernal Blade","Clothesline"],"picked":"SKIP","floor":10}],"player_experience":1239022,"relics_obtained":[{"floor":7,"key":"Ancient Tea Set"},{"floor":9,"key":"Tiny Chest"}],"event_choices":[{"damage_healed":0,"gold_gain":0,"player_choice":"Got Potions","damage_taken":0,"max_hp_gain":0,"max_hp_loss":0,"event_name":"Lab","floor":2,"gold_loss":0}],"is_beta":false,"boss_relics":[],"items_purged_floors":[],"is_endless":false,"potions_floor_spawned":[3,7],"killed_by":"Lagavulin","ascension_level":5}