{"gold_per_floor":[114,114,138,157,157,157,189,189,189,217,234,252,352,372,372,470,470,481,481,481,497,497,497,508,542,542,577,592,592,623,637,637,637],"floor_reached":33,"playtime":3261,"items_purged":[],"score":347,"play_id":"76e48bc9-abee-4a8c-9e22-a61f8eb03c55","local_time":"20180827012222","is_ascension_mode":true,"campfire_choices":[{"data":"Armaments","floor":6,"key":"SMITH"},{"data":"Whirlwind","floor":8,"key":"SMITH"},{"floor":15,"key":"REST"},{"floor":23,"key":"REST"},{"floor":29,"key":"REST"},{"floor":32,"key":"REST"}],"neow_cost":"TEN_PERCENT_HP_LOSS","seed_source_timestamp":974388197233299,"circlet_count":0,"master_deck":["Strike_R","Strike_R","Strike_R","Defend_R","Defend_R","Defend_R","Defend_R","Bash","Cleave","Pummel+1","Dual Wield","Armaments+1","Whirlwind+1","Uppercut+1","Cleave+1","Clash+1","Headbutt+1","Reaper+1","True Grit+1","Decay","Shockwave","Feel No Pain+1","Impervious","Armaments","Havoc+1","True Grit+1"],"relics":["Burning Blood","Pen Nib","Gremlin Horn","Molten Egg 2","Nunchaku","Sozu","Mummified Hand","Paper Frog","Matryoshka","Blood Vial","Red Skull"],"potions_floor_usage":[14,16,18],"damage_taken":[{"damage":7,"enemies":"Small Slimes","floor":1,"turns":4},{"damage":3,"enemies":"2 Louse","floor":4,"turns":2},{"damage":28,"enemies":"Gremlin Nob","floor":7,"turns":4},{"damage":9,"enemies":"3 Sentries","floor":10,"turns":2},{"damage":4,"enemies":"Jaw Worm","floor":11,"turns":3},{"damage":4,"enemies":"Exordium Wildlife","floor":12,"turns":3},{"damage":11,"enemies":"Large Slime","floor":14,"turns":2},{"damage":39,"enemies":"Hexaghost","floor":16,"turns":7},{"damage":0,"enemies":"2 Thieves","floor":18,"turns":1},{"damage":34,"enemies":"Colosseum Slavers","floor":19,"turns":4},{"damage":2,"enemies":"Spheric Guardian","floor":21,"turns":3},{"damage":1,"enemies":"3 Cultists","floor":24,"turns":3},{"damage":24,"enemies":"Slavers","floor":25,"turns":2},{"damage":55,"enemies":"Book of Stabbing","floor":27,"turns":7},{"damage":8,"enemies":"Chosen and Byrds","floor":28,"turns":4},{"damage":30,"enemies":"Slavers","floor":30,"turns":5},{"damage":17,"enemies":"Snake Plant","floor":31,"turns":3},{"damage":58,"enemies":"Champ","floor":33,"turns":14}],"seed_played":"-9011369877682198029","potions_obtained":[{"floor":1,"key":"Poison Potion"},{"floor":4,"key":"Fire Potion"},{"floor":11,"key":"Dexterity Potion"}],"is_trial":false,"path_per_floor":["M","?","T","M","?","R","E","R","T","E","M","M","?","M","R","B",null,"M","?","?","M","T","R","M","E","T","E","M","R","E","M","R"],"character_chosen":"IRONCLAD","items_purchased":[],"campfire_rested":4,"item_purchase_floors":[],"current_hp_per_floor":[71,71,71,72,72,72,50,50,50,47,49,51,51,46,67,34,72,72,44,44,48,48,69,72,54,54,13,21,42,35,31,52,0],"gold":637,"neow_bonus":"TRANSFORM_TWO_CARDS","is_prod":false,"is_daily":false,"chose_seed":false,"campfire_upgraded":2,"win_rate":0,"timestamp":1535358142,"path_taken":["M","?","?","M","?","R","E","R","T","E","?","M","?","M","R","BOSS","M","?","?","M","?","R","M","E","T","E","M","R","E","M","R","BOSS"],"build_version":"2018-08-23v2","purchased_purges":0,"victory":false,"max_hp_per_floor":[72,72,72,72,72,72,72,72,72,72,72,72,72,72,72,72,72,72,72,72,72,72,72,72,72,72,72,72,72,72,72,72,72],"card_choices":[{"not_picked":["Fire Breathing","Ghostly Armor"],"picked":"Dual Wield","floor":1},{"not_picked":["Power Through","Havoc"],"picked":"Armaments","floor":4},{"not_picked":["Dual Wield","Bloodletting"],"picked":"Whirlwind","floor":7},{"not_picked":["Dropkick+1","Thunderclap+1"],"picked":"Uppercut+1","floor":10},{"not_picked":["Perfected Strike+1","Exhume"],"picked":"Cleave+1","floor":11},{"not_picked":["Perfected Strike+1","True Grit"],"picked":"Clash+1","floor":12},{"not_picked":["Evolve","Armaments"],"picked":"Headbutt+1","floor":14},{"not_picked":["Immolate+1","Fiend Fire+1"],"picked":"Reaper+1","floor":16},{"not_picked":["Clothesline+1","Pommel Strike+1"],"picked":"True Grit+1","floor":18},{"not_picked":["Sever Soul+1","Clash+1","Searing Blow+1"],"picked":"SKIP","floor":21},{"not_picked":["Twin Strike+1","Perfected Strike+1"],"picked":"Shockwave","floor":24},{"not_picked":["Headbutt+1","Rampage+1"],"picked":"Feel No Pain+1","floor":25},{"not_picked":["Whirlwind+1","Havoc"],"picked":"Impervious","floor":27},{"not_picked":["Heavy Blade+1","Second Wind"],"picked":"Armaments","floor":28},{"not_picked":["Headbutt+1","Sword Boomerang+1"],"picked":"Havoc+1","floor":30},{"not_picked":["Shrug It Off","Warcry"],"picked":"True Grit+1","floor":31}],"player_experience":118381,"relics_obtained":[{"floor":3,"key":"Pen Nib"},{"floor":7,"key":"Gremlin Horn"},{"floor":9,"key":"Molten Egg 2"},{"floor":10,"key":"Nunchaku"},{"floor":22,"key":"Mummified Hand"},{"floor":25,"key":"Paper Frog"},{"floor":26,"key":"Matryoshka"},{"floor":27,"key":"Blood Vial"},{"floor":30,"key":"Red Skull"}],"event_choices":[{"event_name":"Living Wall","player_choice":"Grow","floor":2,"damage_taken":0},{"event_name":"Liars Game","player_choice":"disagreed","floor":5,"damage_taken":0},{"event_name":"Golden Shrine","player_choice":"Pray","floor":13,"damage_taken":0},{"event_name":"Colosseum","player_choice":"Fight","floor":19,"damage_taken":0},{"event_name":"Colosseum","player_choice":"Fled From Nobs","floor":19,"damage_taken":0},{"event_name":"Forgotten Altar","player_choice":"Smashed Altar","floor":20,"damage_taken":0}],"is_beta":false,"boss_relics":[{"not_picked":["Black Blood","Lizard Tail"],"picked":"Sozu"}],"items_purged_floors":[],"is_endless":false,"potions_floor_spawned":[1,4,11,19,24,28,31],"killed_by":"Champ","ascension_level":2}