{"gold_per_floor":[115,115,133,150,75,75,91,146,146,221,121,121,156,171,171,171],"floor_reached":16,"playtime":634,"items_purged":["Strike_R","Strike_R"],"score":105,"play_id":"28a634c2-8ed7-4927-b8c5-1b6c3c06a852","local_time":"20181111023853","is_ascension_mode":true,"campfire_choices":[{"floor":6,"key":"REST"},{"floor":12,"key":"REST"},{"floor":15,"key":"REST"}],"neow_cost":"NONE","seed_source_timestamp":2776450301533225,"circlet_count":0,"master_deck":["Strike_R","Strike_R","Strike_R","Defend_R","Defend_R","Defend_R","Defend_R","Bash","Shrug It Off","Impervious+1"],"relics":["Fusion Hammer","Toxic Egg 2","Blood Vial","Girya"],"potions_floor_usage":[8,16,16,16,16,16,16],"damage_taken":[{"damage":0,"enemies":"Small Slimes","floor":1,"turns":3},{"damage":0,"enemies":"Cultist","floor":3,"turns":3},{"damage":12,"enemies":"2 Louse","floor":4,"turns":3},{"damage":4,"enemies":"Blue Slaver","floor":7,"turns":4},{"damage":29,"enemies":"Lagavulin Event","floor":8,"turns":5},{"damage":44,"enemies":"Lagavulin","floor":13,"turns":7},{"damage":10,"enemies":"Lots of Slimes","floor":14,"turns":6},{"damage":62,"enemies":"Hexaghost","floor":16,"turns":15}],"seed_played":"-8099584721545648024","potions_obtained":[{"floor":1,"key":"Energy Potion"},{"floor":2,"key":"EntropicBrew"},{"floor":4,"key":"PowerPotion"},{"floor":13,"key":"EssenceOfSteel"},{"floor":14,"key":"BloodPotion"}],"is_trial":false,"path_per_floor":["M","?","M","M","$","R","M","?","T","?","$","R","E","M","R","B"],"character_chosen":"IRONCLAD","items_purchased":[],"campfire_rested":3,"item_purchase_floors":[],"current_hp_per_floor":[80,80,80,68,68,80,76,47,47,36,36,60,18,10,34,0],"gold":171,"neow_bonus":"BOSS_RELIC","is_prod":false,"is_daily":false,"chose_seed":false,"campfire_upgraded":0,"win_rate":0,"timestamp":1541925533,"path_taken":["M","?","?","M","$","R","M","?","T","?","?","R","E","?","R","BOSS"],"build_version":"2018-11-08","purchased_purges":2,"victory":false,"max_hp_per_floor":[80,80,80,80,80,80,80,80,80,80,80,80,80,80,80,80],"card_choices":[{"not_picked":["Infernal Blade","Twin Strike","Havoc"],"picked":"SKIP","floor":1},{"not_picked":["Perfected Strike","Feel No Pain","Armaments"],"picked":"SKIP","floor":3},{"not_picked":["Pommel Strike","Twin Strike"],"picked":"Shrug It Off","floor":4},{"not_picked":["Second Wind","Rampage","Iron Wave"],"picked":"SKIP","floor":7},{"not_picked":["Ghostly Armor+1","Inflame"],"picked":"Impervious+1","floor":13},{"not_picked":["Flex+1","Cleave","Sentinel+1"],"picked":"SKIP","floor":14}],"player_experience":106975,"relics_obtained":[{"floor":8,"key":"Toxic Egg 2"},{"floor":9,"key":"Blood Vial"},{"floor":13,"key":"Girya"}],"event_choices":[{"damage_healed":0,"gold_gain":0,"player_choice":"Got Potions","damage_taken":0,"max_hp_gain":0,"max_hp_loss":0,"event_name":"Lab","floor":2,"gold_loss":0},{"damage_healed":0,"gold_gain":0,"player_choice":"Searched \u00271\u0027 times","damage_taken":0,"max_hp_gain":0,"max_hp_loss":0,"event_name":"Dead Adventurer","floor":8,"gold_loss":0},{"damage_healed":0,"gold_gain":75,"player_choice":"Gather Gold","damage_taken":11,"max_hp_gain":0,"max_hp_loss":0,"event_name":"World of Goop","floor":10,"gold_loss":0}],"is_beta":false,"boss_relics":[],"items_purged_floors":[5,11],"is_endless":false,"potions_floor_spawned":[1,4,13,14],"killed_by":"Hexaghost","ascension_level":1}