{"gold_per_floor":[112,112,131,56,74,105,105,136,162,190,202,218,65,82,82,183,183,200,217,228,243,97,97,12,25,25,58,58],"floor_reached":28,"playtime":1782,"items_purged":["Strike_R","Strike_R"],"score":288,"play_id":"91d59230-6056-4b93-8e7c-be3097cf0e5b","local_time":"20190212235129","is_ascension_mode":true,"campfire_choices":[{"data":"Demon Form","floor":7.0,"key":"SMITH"},{"data":"Body Slam","floor":15.0,"key":"SMITH"},{"data":"Entrench","floor":23.0,"key":"SMITH"}],"neow_cost":"NONE","seed_source_timestamp":0,"circlet_count":0,"master_deck":["Strike_R","Strike_R","Strike_R","Defend_R","Defend_R","Defend_R","Defend_R","Bash","Metallicize","Demon Form+1","Body Slam+1","Juggernaut","Entrench+1","Whirlwind","Shrug It Off","Metallicize","Entrench+1"],"special_seed":0,"relics":["Black Blood","Regal Pillow","Orichalcum","Bronze Scales","Oddly Smooth Stone","Mercury Hourglass","Kunai"],"potions_floor_usage":[],"damage_taken":[{"damage":0.0,"enemies":"Small Slimes","floor":1.0,"turns":4.0},{"damage":6.0,"enemies":"Cultist","floor":3.0,"turns":4.0},{"damage":7.0,"enemies":"2 Louse","floor":5.0,"turns":4.0},{"damage":39.0,"enemies":"Gremlin Nob","floor":6.0,"turns":5.0},{"damage":10.0,"enemies":"Lagavulin","floor":8.0,"turns":6.0},{"damage":24.0,"enemies":"Gremlin Nob","floor":10.0,"turns":5.0},{"damage":4.0,"enemies":"2 Fungi Beasts","floor":11.0,"turns":4.0},{"damage":7.0,"enemies":"Looter","floor":12.0,"turns":3.0},{"damage":5.0,"enemies":"Large Slime","floor":14.0,"turns":6.0},{"damage":26.0,"enemies":"Slime Boss","floor":16.0,"turns":8.0},{"damage":11.0,"enemies":"Chosen","floor":18.0,"turns":5.0},{"damage":17.0,"enemies":"Spheric Guardian","floor":19.0,"turns":4.0},{"damage":18.0,"enemies":"Snake Plant","floor":20.0,"turns":4.0},{"damage":28.0,"enemies":"Centurion and Healer","floor":21.0,"turns":6.0},{"damage":0.0,"enemies":"Snecko","floor":25.0,"turns":4.0},{"damage":53.0,"enemies":"Slavers","floor":27.0,"turns":4.0},{"damage":33,"enemies":"Snake Plant","floor":28,"turns":5}],"seed_played":"-8227312223491692931","potions_obtained":[{"floor":1.0,"key":"PowerPotion"},{"floor":2.0,"key":"Fruit Juice"},{"floor":2.0,"key":"Explosive Potion"},{"floor":2.0,"key":"Weak Potion"},{"floor":3.0,"key":"FearPotion"},{"floor":5.0,"key":"Regen Potion"},{"floor":12.0,"key":"SteroidPotion"},{"floor":18.0,"key":"Weak Potion"},{"floor":21.0,"key":"Block Potion"}],"is_trial":false,"path_per_floor":["?","M","?"],"character_chosen":"IRONCLAD","items_purchased":["Metallicize","Whirlwind","Shrug It Off"],"campfire_rested":0,"item_purchase_floors":[4,13,22],"current_hp_per_floor":[88,93,93,93,92,67,67,63,63,45,47,46,46,47,47,27,93,92,85,77,59,59,59,59,69,69,26,0],"gold":58,"neow_bonus":"TEN_PERCENT_HP_BONUS","is_prod":false,"is_daily":false,"chose_seed":false,"campfire_upgraded":3,"win_rate":0,"timestamp":1550011889,"path_taken":["M","?","M","$","?","E","R","E","T","E","M","M","$","M","R","BOSS","M","M","M","M","$","R","?","M","T","E","M"],"build_version":"2019-01-23","purchased_purges":2,"victory":false,"max_hp_per_floor":[88,93,93,93,93,93,93,93,93,93,93,93,93,93,93,93,93,93,93,93,93,93,93,93,93,93,93,93],"card_choices":[{"not_picked":["Disarm","Anger","Headbutt"],"picked":"SKIP","floor":1.0},{"not_picked":["Rampage","Thunderclap","Cleave"],"picked":"SKIP","floor":3.0},{"not_picked":["Dual Wield","Rupture","Perfected Strike"],"picked":"SKIP","floor":5.0},{"not_picked":["Clothesline","Shockwave"],"picked":"Demon Form","floor":6.0},{"not_picked":["Sever Soul","Rupture"],"picked":"Body Slam","floor":8.0},{"not_picked":["Whirlwind","Dropkick"],"picked":"Juggernaut","floor":10.0},{"not_picked":["Clash","Pommel Strike"],"picked":"Entrench","floor":11.0},{"not_picked":["True Grit","Clash","Clothesline"],"picked":"SKIP","floor":12.0},{"not_picked":["Dual Wield","Pommel Strike","Warcry"],"picked":"SKIP","floor":14.0},{"not_picked":["Cleave+1","Perfected Strike","Havoc"],"picked":"SKIP","floor":18.0},{"not_picked":["Intimidate","Twin Strike","True Grit"],"picked":"SKIP","floor":19.0},{"not_picked":["Combust","Dual Wield","Burning Pact"],"picked":"SKIP","floor":20.0},{"not_picked":["Wild Strike","Iron Wave","Feel No Pain"],"picked":"SKIP","floor":21.0},{"not_picked":["Havoc","Heavy Blade"],"picked":"Metallicize","floor":25.0},{"not_picked":["Iron Wave","Cleave+1"],"picked":"Entrench+1","floor":27.0}],"player_experience":180156,"relics_obtained":[{"floor":6.0,"key":"Regal Pillow"},{"floor":8.0,"key":"Orichalcum"},{"floor":10.0,"key":"Bronze Scales"},{"floor":26.0,"key":"Mercury Hourglass"},{"floor":27.0,"key":"Kunai"}],"event_choices":[{"damage_healed":0.0,"max_hp_gain":0.0,"max_hp_loss":0.0,"gold_gain":0.0,"event_name":"Lab","player_choice":"Got Potions","floor":2.0,"gold_loss":0.0,"damage_taken":0.0},{"damage_healed":0.0,"max_hp_gain":0.0,"max_hp_loss":0.0,"gold_gain":0.0,"event_name":"Addict","player_choice":"Obtained Relic","floor":24.0,"gold_loss":85.0,"damage_taken":0.0,"relics_obtained":["Oddly Smooth Stone"]}],"is_beta":false,"boss_relics":[{"not_picked":["Pandora\u0027s Box","Tiny House"],"picked":"Black Blood"}],"items_purged_floors":[13,22],"is_endless":false,"potions_floor_spawned":[1,3,5,12,18,21],"killed_by":"Snake Plant","ascension_level":2}