{"gold_per_floor":[111,121,46,56,6,6,6,6,6,6,6,6,31,48,48,48],"floor_reached":16,"playtime":593,"items_purged":["Bash"],"score":113,"play_id":"b1211e8c-f94b-4b22-9dba-9e0e89d897c2","local_time":"20181125160158","is_ascension_mode":true,"campfire_choices":[{"floor":6,"key":"RECALL"},{"data":"Defend_R","floor":10,"key":"SMITH"},{"floor":15,"key":"REST"}],"neow_cost":"NONE","seed_source_timestamp":83537800954324,"circlet_count":0,"master_deck":["Strike_R","Strike_R","Strike_R","Defend_R","Defend_R","Defend_R+1","Reaper"],"relics":["Burning Blood","Vajra","Omamori"],"potions_floor_usage":[13,16],"damage_taken":[{"damage":0,"enemies":"2 Louse","floor":1,"turns":3},{"damage":4,"enemies":"Jaw Worm","floor":2,"turns":5},{"damage":0,"enemies":"Cultist","floor":4,"turns":4},{"damage":36,"enemies":"3 Sentries","floor":13,"turns":16},{"damage":9,"enemies":"3 Louse","floor":14,"turns":4},{"damage":72,"enemies":"The Guardian","floor":16,"turns":15}],"seed_played":"1860854413277933571","potions_obtained":[{"floor":1,"key":"SmokeBomb"},{"floor":4,"key":"Explosive Potion"},{"floor":14,"key":"Ancient Potion"}],"is_trial":false,"path_per_floor":["M","M","$","M","?","R","?","?","T","R","$","$","E","M","R","B"],"character_chosen":"IRONCLAD","items_purchased":[],"campfire_rested":1,"item_purchase_floors":[],"current_hp_per_floor":[80,80,80,80,80,80,80,73,73,73,73,73,43,40,64,0],"gold":48,"neow_bonus":"RANDOM_COMMON_RELIC","is_prod":false,"is_daily":false,"chose_seed":false,"campfire_upgraded":1,"win_rate":0,"timestamp":1543183318,"path_taken":["M","M","$","M","?","R","?","?","T","R","?","$","E","?","R","BOSS"],"build_version":"2018-11-15","purchased_purges":1,"victory":false,"max_hp_per_floor":[80,80,80,80,80,80,80,80,80,80,80,80,80,80,80,80],"card_choices":[{"not_picked":["Fire Breathing","Wild Strike","Headbutt"],"picked":"SKIP","floor":1},{"not_picked":["Perfected Strike","Combust","Havoc"],"picked":"SKIP","floor":2},{"not_picked":["Sword Boomerang","Pommel Strike","Wild Strike"],"picked":"SKIP","floor":4},{"not_picked":["Corruption","Anger","Carnage"],"picked":"SKIP","floor":13},{"not_picked":["Twin Strike","Pummel"],"picked":"Reaper","floor":14}],"player_experience":482560,"relics_obtained":[{"floor":13,"key":"Omamori"}],"event_choices":[{"cards_removed":["Strike_R"],"damage_healed":0,"gold_gain":0,"player_choice":"Card Removal","damage_taken":0,"max_hp_gain":0,"max_hp_loss":0,"event_name":"The Cleric","floor":5,"gold_loss":50},{"cards_removed":["Defend_R"],"damage_healed":0,"gold_gain":0,"player_choice":"Forget","damage_taken":0,"max_hp_gain":0,"max_hp_loss":0,"event_name":"Living Wall","floor":7,"gold_loss":0},{"cards_removed":["Strike_R"],"damage_healed":0,"gold_gain":0,"player_choice":"Card Removal","damage_taken":7,"max_hp_gain":0,"max_hp_loss":0,"event_name":"Golden Wing","floor":8,"gold_loss":0}],"is_beta":false,"boss_relics":[],"items_purged_floors":[3],"is_endless":false,"potions_floor_spawned":[1,4,14],"killed_by":"The Guardian","ascension_level":3}