{"gold_per_floor":[209,155,155,167,167,194,194,229,229,63,63,81,81,33,33,33],"floor_reached":16,"playtime":1381,"items_purged":["Strike_R"],"score":106,"play_id":"4bc3211f-db67-452e-8bb4-b1cf2b4ec5ee","local_time":"20180731113311","is_ascension_mode":false,"campfire_choices":[{"data":"Ghostly Armor","floor":7,"key":"SMITH"},{"floor":13,"key":"REST"},{"data":"Swift Strike","floor":15,"key":"SMITH"}],"neow_cost":"NONE","seed_source_timestamp":355831057692421,"circlet_count":0,"master_deck":["Strike_R","Strike_R","Strike_R","Defend_R","Defend_R","Defend_R","Defend_R","Bash","Ghostly Armor+1","Shrug It Off","Anger","Burning Pact","Impervious","Swift Strike+1","Demon Form","Iron Wave","Heavy Blade"],"relics":["Burning Blood","Oddly Smooth Stone","Juzu Bracelet","Self Forming Clay","Dream Catcher","Letter Opener"],"potions_floor_usage":[12,16],"damage_taken":[{"damage":6,"enemies":"Jaw Worm","floor":1,"turns":5},{"damage":3,"enemies":"Cultist","floor":4,"turns":5},{"damage":21,"enemies":"Gremlin Nob","floor":6,"turns":5},{"damage":19,"enemies":"Lagavulin","floor":8,"turns":8},{"damage":2,"enemies":"Small Slimes","floor":12,"turns":4},{"damage":81,"enemies":"Hexaghost","floor":16,"turns":11}],"seed_played":"8247723505101643074","potions_obtained":[{"floor":1,"key":"Explosive Potion"},{"floor":6,"key":"BloodPotion"},{"floor":12,"key":"Swift Potion"}],"is_trial":false,"path_per_floor":["M","$","?","M","?","E","R","E","T","$","?","M","R","$","R"],"character_chosen":"IRONCLAD","items_purchased":["Shrug It Off","Swift Strike","Dexterity Potion"],"campfire_rested":1,"item_purchase_floors":[2,10,14],"current_hp_per_floor":[80,80,80,80,80,65,65,52,52,52,52,64,80,80,80,0],"gold":33,"neow_bonus":"HUNDRED_GOLD","is_prod":false,"is_daily":false,"chose_seed":false,"campfire_upgraded":2,"win_rate":1,"timestamp":1533061991,"path_taken":["M","$","?","M","?","E","R","E","T","$","?","M","R","$","R","BOSS"],"build_version":"2018-07-26","purchased_purges":1,"victory":false,"max_hp_per_floor":[80,80,80,80,80,80,80,80,80,80,80,80,80,80,80,80],"card_choices":[{"not_picked":["Seeing Red","Iron Wave"],"picked":"Ghostly Armor","floor":1},{"not_picked":["Thunderclap","Warcry"],"picked":"Anger","floor":4},{"not_picked":["Fire Breathing","Twin Strike"],"picked":"Burning Pact","floor":6},{"not_picked":["Shrug It Off","Spot Weakness"],"picked":"Impervious","floor":8},{"not_picked":["Shockwave","Sever Soul"],"picked":"Iron Wave","floor":12},{"not_picked":["Perfected Strike","Clash"],"picked":"Heavy Blade","floor":13}],"player_experience":8344,"relics_obtained":[{"floor":6,"key":"Self Forming Clay"},{"floor":8,"key":"Dream Catcher"},{"floor":9,"key":"Letter Opener"}],"event_choices":[{"event_name":"Wheel of Change","player_choice":"Relic","floor":3,"damage_taken":0},{"event_name":"WeMeetAgain","player_choice":"Potion","floor":5,"damage_taken":0},{"event_name":"Transmorgrifier","player_choice":"Transform","floor":11,"damage_taken":0}],"is_beta":false,"boss_relics":[],"items_purged_floors":[10],"is_endless":false,"potions_floor_spawned":[1,6,12],"killed_by":"Hexaghost","ascension_level":0}