{"gold_per_floor":[117,129,148,73,73,105,105,136,136,136],"floor_reached":10,"playtime":474,"items_purged":[],"score":133,"play_id":"03de2e60-90c3-45d1-8058-9cd405f3419e","local_time":"20190210140835","is_ascension_mode":true,"campfire_choices":[{"data":"Neutralize","floor":7,"key":"SMITH"}],"neow_cost":"TEN_PERCENT_HP_LOSS","seed_source_timestamp":419750650119100,"circlet_count":0,"master_deck":["AscendersBane","Defend_G","Defend_G","Defend_G","Defend_G","Strike_G","Strike_G","Strike_G","Survivor","Neutralize+1","Noxious Fumes","Outmaneuver","Cloak And Dagger","Bane","Bouncing Flask"],"special_seed":0,"relics":["Ring of the Snake","Bottled Flame","Frozen Egg 2","Shuriken"],"potions_floor_usage":[6,8,8,10],"damage_taken":[{"damage":2,"enemies":"Jaw Worm","floor":1,"turns":7},{"damage":0,"enemies":"2 Louse","floor":2,"turns":3},{"damage":1,"enemies":"Small Slimes","floor":3,"turns":4},{"damage":25,"enemies":"Lagavulin","floor":6,"turns":9},{"damage":22,"enemies":"Gremlin Nob","floor":8,"turns":7},{"damage":15,"enemies":"Lagavulin","floor":10,"turns":4}],"seed_played":"-2098239064984107438","potions_obtained":[{"floor":1,"key":"Poison Potion"},{"floor":3,"key":"Ancient Potion"},{"floor":6,"key":"SpeedPotion"},{"floor":8,"key":"Energy Potion"}],"is_trial":false,"path_per_floor":["M","M","M","?","?","E","R","E","T","E"],"character_chosen":"THE_SILENT","items_purchased":[],"campfire_rested":0,"item_purchase_floors":[],"current_hp_per_floor":[57,57,56,56,61,36,36,14,14,0],"gold":136,"neow_bonus":"REMOVE_TWO","is_prod":false,"is_daily":false,"chose_seed":false,"campfire_upgraded":1,"win_rate":0,"timestamp":1549778915,"path_taken":["M","M","M","?","?","E","R","E","T","E"],"build_version":"2019-01-23","purchased_purges":0,"victory":false,"max_hp_per_floor":[60,60,60,60,65,65,65,65,65,65],"card_choices":[{"not_picked":["Bouncing Flask","Bane"],"picked":"Noxious Fumes","floor":1},{"not_picked":["Acrobatics","Finisher"],"picked":"Outmaneuver","floor":2},{"not_picked":["Prepared","Heel Hook"],"picked":"Cloak And Dagger","floor":3},{"not_picked":["Acrobatics","Endless Agony"],"picked":"Bane","floor":6},{"not_picked":["Deflect","Storm of Steel"],"picked":"Bouncing Flask","floor":8}],"player_experience":692367,"relics_obtained":[{"floor":6,"key":"Bottled Flame"},{"floor":8,"key":"Frozen Egg 2"},{"floor":9,"key":"Shuriken"}],"event_choices":[{"cards_removed":["Strike_G"],"damage_healed":0,"gold_gain":0,"player_choice":"Card Removal","damage_taken":0,"max_hp_gain":0,"max_hp_loss":0,"event_name":"The Cleric","floor":4,"gold_loss":75},{"damage_healed":0,"gold_gain":0,"player_choice":"Donut","damage_taken":0,"max_hp_gain":5,"max_hp_loss":0,"event_name":"Big Fish","floor":5,"gold_loss":0}],"is_beta":false,"boss_relics":[],"items_purged_floors":[],"is_endless":false,"potions_floor_spawned":[1,3,6,8],"killed_by":"Lagavulin","ascension_level":15}