{"gold_per_floor":[113,113,113,132,143,171,181,181,181,210,210,226,238,48,48,145,145,160,175,100,100,133,158,158,175,175,175,175,202,215,227,227,329,329,339,239,250,267,10,10,10,21,48,59,106,106,141,141,141,141,141,141,16,41,41],"floor_reached":56,"playtime":2729,"items_purged":["Regret","Strike_R","Strike_R"],"score":1430,"play_id":"aa86c5be-9a37-4ab6-aaa0-2b176b262906","local_time":"20190223103254","is_ascension_mode":true,"campfire_choices":[{"data":"Juggernaut","floor":8,"key":"SMITH"},{"data":"Apotheosis","floor":15,"key":"SMITH"},{"floor":24,"key":"RECALL"},{"floor":28,"key":"REST"},{"floor":32,"key":"REST"},{"floor":40,"key":"REST"},{"data":"Disarm","floor":49,"key":"SMITH"},{"data":"Juggernaut","floor":52,"key":"SMITH"}],"neow_cost":"NONE","seed_source_timestamp":100491165648236,"circlet_count":0,"master_deck":["Strike_R","Strike_R","Defend_R","Defend_R+1","Defend_R","Defend_R","Bash","Impervious+1","True Grit+1","Metallicize","Thunderclap","Juggernaut+1","Seeing Red","Feed","Body Slam","Apotheosis+1","Berserk","Feel No Pain","Entrench","Shrug It Off","Flame Barrier+1","Evolve","Iron Wave","Shockwave+1","Battle Trance","Offering","Warcry+1","Shrug It Off+1","Flame Barrier+1","Offering","Juggernaut+1","Disarm+1","Headbutt+1"],"relics":["Burning Blood","Bag of Preparation","Matryoshka","Blue Candle","Strawberry","Mark of Pain","Art of War","Red Mask","FossilizedHelix","Oddly Smooth Stone","PreservedInsect","Orrery","Mummified Hand","Lantern","War Paint","Pocketwatch","Molten Egg 2","Happy Flower","NlothsMask","Anchor"],"potions_floor_usage":[13,18,22,22,29,33,55,55,55],"damage_taken":[{"damage":6,"enemies":"Cultist","floor":1,"turns":3},{"damage":4,"enemies":"Jaw Worm","floor":4,"turns":3},{"damage":0,"enemies":"2 Louse","floor":5,"turns":2},{"damage":41,"enemies":"Gremlin Nob","floor":6,"turns":6},{"damage":0,"enemies":"Large Slime","floor":7,"turns":4},{"damage":3,"enemies":"Lagavulin","floor":10,"turns":6},{"damage":8,"enemies":"2 Fungi Beasts","floor":12,"turns":3},{"damage":9,"enemies":"Gremlin Gang","floor":13,"turns":4},{"damage":0,"enemies":"Slime Boss","floor":16,"turns":6},{"damage":16,"enemies":"Spheric Guardian","floor":18,"turns":4},{"damage":5,"enemies":"Shell Parasite","floor":19,"turns":4},{"damage":3,"enemies":"Masked Bandits","floor":22,"turns":4},{"damage":39,"enemies":"Book of Stabbing","floor":23,"turns":7},{"damage":14,"enemies":"Cultist and Chosen","floor":25,"turns":6},{"damage":33,"enemies":"Slavers","floor":29,"turns":6},{"damage":0,"enemies":"Snecko","floor":30,"turns":5},{"damage":10,"enemies":"Snake Plant","floor":31,"turns":4},{"damage":0,"enemies":"Automaton","floor":33,"turns":9},{"damage":0,"enemies":"Orb Walker","floor":35,"turns":4},{"damage":19,"enemies":"3 Shapes","floor":37,"turns":4},{"damage":32,"enemies":"Jaw Worm Horde","floor":38,"turns":4},{"damage":6,"enemies":"3 Darklings","floor":42,"turns":4},{"damage":0,"enemies":"Spire Growth","floor":44,"turns":3},{"damage":7,"enemies":"2 Orb Walkers","floor":45,"turns":4},{"damage":9,"enemies":"Nemesis","floor":47,"turns":5},{"damage":20,"enemies":"Time Eater","floor":50,"turns":9},{"damage":6,"enemies":"Shield and Spear","floor":54,"turns":4},{"damage":54,"enemies":"The Heart","floor":55,"turns":9}],"seed_played":"-2853784517892602436","potions_obtained":[{"floor":4,"key":"Swift Potion"},{"floor":7,"key":"EssenceOfSteel"},{"floor":10,"key":"LiquidBronze"},{"floor":12,"key":"Swift Potion"},{"floor":16,"key":"SteroidPotion"},{"floor":18,"key":"SkillPotion"},{"floor":19,"key":"Energy Potion"},{"floor":30,"key":"GamblersBrew"},{"floor":31,"key":"SpeedPotion"},{"floor":38,"key":"LiquidBronze"},{"floor":42,"key":"Dexterity Potion"},{"floor":45,"key":"Strength Potion"}],"is_trial":false,"path_per_floor":["M","?","$","M","M","E","M","R","T","E","?","M","M","$","R","B",null,"M","M","$","?","?","E","R","M","T","?","R","E","M","M","R","B",null,"M","$","M","M","$","R","?","M","T","M","?","T","E","?","R","B",null,"R","$","E","B",null],"character_chosen":"IRONCLAD","items_purchased":["Apotheosis","Mummified Hand"],"campfire_rested":3,"item_purchase_floors":[14,39],"current_hp_per_floor":[80,80,80,80,80,45,51,51,51,54,61,62,62,62,62,72,97,87,88,88,88,95,62,62,54,54,54,84,61,67,67,99,109,113,113,113,104,78,78,113,113,113,113,117,116,116,113,113,113,99,117,117,117,117,69],"gold":41,"neow_bonus":"ONE_RANDOM_RARE_CARD","is_prod":false,"is_daily":false,"chose_seed":false,"campfire_upgraded":4,"win_rate":0,"timestamp":1550885574,"path_taken":["M","?","$","M","M","E","?","R","T","E","?","M","M","$","R","BOSS","M","M","$","?","?","E","R","M","T","?","R","E","M","M","R","BOSS","M","$","M","?","$","R","?","M","T","?","?","?","E","?","R","BOSS","R","$","E","BOSS"],"build_version":"2019-01-23","purchased_purges":3,"victory":true,"max_hp_per_floor":[80,80,80,80,80,80,80,80,80,80,87,90,93,93,93,97,97,97,97,97,97,101,101,101,101,101,101,101,105,105,109,109,113,113,113,113,117,117,117,117,117,117,117,117,117,117,117,117,117,117,117,117,117,117,117],"card_choices":[{"not_picked":["Perfected Strike","Power Through"],"picked":"True Grit","floor":1},{"not_picked":["Flex","Warcry"],"picked":"Metallicize","floor":4},{"not_picked":["Perfected Strike","Uppercut"],"picked":"Thunderclap","floor":5},{"not_picked":["Iron Wave","Demon Form"],"picked":"Juggernaut","floor":6},{"not_picked":["True Grit","Thunderclap"],"picked":"Seeing Red","floor":7},{"not_picked":["Dark Embrace","Heavy Blade"],"picked":"Feed","floor":10},{"not_picked":["Dropkick","Flex"],"picked":"Body Slam","floor":12},{"not_picked":["Pommel Strike","Clash","Fire Breathing"],"picked":"SKIP","floor":13},{"not_picked":["Impervious","Fiend Fire"],"picked":"Berserk","floor":16},{"not_picked":["Shrug It Off","Blood for Blood"],"picked":"Feel No Pain","floor":18},{"not_picked":["Clothesline","Spot Weakness+1"],"picked":"Entrench","floor":19},{"not_picked":["Perfected Strike","Havoc"],"picked":"Shrug It Off","floor":22},{"not_picked":["Wild Strike+1","Blood for Blood"],"picked":"Flame Barrier+1","floor":23},{"not_picked":["Sever Soul+1","Shockwave"],"picked":"Evolve","floor":25},{"not_picked":["Sword Boomerang","Pommel Strike"],"picked":"Shockwave+1","floor":29},{"not_picked":["Corruption","Whirlwind","Cleave+1"],"picked":"SKIP","floor":30},{"not_picked":["Immolate","Hemokinesis+1"],"picked":"Battle Trance","floor":31},{"not_picked":["Berserk","Reaper"],"picked":"Offering","floor":33},{"not_picked":["Body Slam","Flame Barrier"],"picked":"Warcry+1","floor":34},{"not_picked":["Anger","Battle Trance"],"picked":"Shrug It Off+1","floor":34},{"not_picked":["Blood for Blood","Warcry"],"picked":"Flame Barrier+1","floor":34},{"not_picked":["Armaments+1","Pommel Strike","Perfected Strike"],"picked":"SKIP","floor":35},{"not_picked":["Rampage","Iron Wave"],"picked":"Offering","floor":37},{"not_picked":["Armaments","Havoc+1","Shrug It Off"],"picked":"SKIP","floor":38},{"not_picked":["Thunderclap","Headbutt"],"picked":"Juggernaut","floor":42},{"not_picked":["Clash","Infernal Blade+1"],"picked":"Disarm","floor":44},{"not_picked":["Hemokinesis+1","Sword Boomerang+1","Shrug It Off"],"picked":"SKIP","floor":47},{"not_picked":["Heavy Blade+1","Wild Strike+1"],"picked":"Headbutt+1","floor":54}],"player_experience":68587,"relics_obtained":[{"floor":6,"key":"Bag of Preparation"},{"floor":9,"key":"Matryoshka"},{"floor":10,"key":"Blue Candle"},{"floor":22,"key":"Red Mask"},{"floor":23,"key":"FossilizedHelix"},{"floor":26,"key":"Oddly Smooth Stone"},{"floor":29,"key":"PreservedInsect"},{"floor":43,"key":"Lantern"},{"floor":43,"key":"War Paint"},{"floor":45,"key":"Pocketwatch"},{"floor":46,"key":"Molten Egg 2"},{"floor":47,"key":"Happy Flower"},{"floor":54,"key":"Anchor"}],"event_choices":[{"damage_healed":0,"gold_gain":0,"player_choice":"Bought 0 Potions","damage_taken":0,"max_hp_gain":0,"max_hp_loss":0,"event_name":"The Woman in Blue","floor":2,"gold_loss":0},{"damage_healed":0,"gold_gain":0,"player_choice":"Box","damage_taken":0,"relics_obtained":["Strawberry"],"max_hp_gain":0,"max_hp_loss":0,"event_name":"Big Fish","floor":11,"gold_loss":0,"cards_obtained":["Regret"]},{"damage_healed":0,"gold_gain":0,"player_choice":"Opened","damage_taken":0,"relics_obtained":["Art of War"],"max_hp_gain":0,"max_hp_loss":0,"event_name":"The Mausoleum","floor":21,"gold_loss":0},{"damage_healed":0,"gold_gain":0,"player_choice":"Fought Bandits","damage_taken":0,"max_hp_gain":0,"max_hp_loss":0,"event_name":"Masked Bandits","floor":22,"gold_loss":0},{"cards_removed":["Strike_R"],"damage_healed":0,"gold_gain":0,"player_choice":"Took Card","damage_taken":0,"max_hp_gain":0,"max_hp_loss":0,"event_name":"NoteForYourself","floor":27,"gold_loss":0,"cards_obtained":["Iron Wave"]},{"damage_healed":0,"gold_gain":0,"player_choice":"Upgraded","damage_taken":0,"max_hp_gain":0,"max_hp_loss":0,"event_name":"Upgrade Shrine","floor":41,"gold_loss":0,"cards_upgraded":["True Grit"]},{"damage_healed":0,"gold_gain":0,"player_choice":"Fight","damage_taken":0,"max_hp_gain":0,"max_hp_loss":0,"event_name":"Mysterious Sphere","floor":45,"gold_loss":0},{"damage_healed":0,"gold_gain":0,"player_choice":"Trade","damage_taken":0,"relics_obtained":["NlothsMask"],"max_hp_gain":0,"max_hp_loss":0,"event_name":"FaceTrader","floor":48,"gold_loss":0}],"is_beta":false,"boss_relics":[{"not_picked":["Coffee Dripper","Snecko Eye"],"picked":"Mark of Pain"},{"not_picked":["Runic Cube","Black Blood"],"picked":"Orrery"}],"items_purged_floors":[20,36,53],"is_endless":false,"potions_floor_spawned":[4,7,10,12,16,18,19,30,31,38,42,45],"ascension_level":1}