{"gold_per_floor":[111,111,129,129,143,143,0,26,26,39,52,71,91,101,101,201,201,220,240,240,43,43,43,56,81,108,108,108,136,51,63,63,163,163,174,174,13,13,29,54,54,69,69,103,103,203,0,20,20,20],"floor_reached":51,"playtime":2162,"items_purged":["Strike_R","Strike_R","Strike_R"],"score":1104,"play_id":"5e16d431-c7ae-49fd-849c-cee0561a587a","local_time":"20190221073130","is_ascension_mode":true,"campfire_choices":[{"data":"Armaments","floor":6,"key":"SMITH"},{"data":"Inflame","floor":15,"key":"SMITH"},{"floor":23,"key":"REST"},{"floor":28,"key":"REST"},{"floor":32,"key":"REST"},{"data":"Double Tap","floor":45,"key":"SMITH"},{"data":"Discovery","floor":49,"key":"SMITH"}],"neow_cost":"NONE","seed_source_timestamp":354343575808012,"circlet_count":0,"master_deck":["Strike_R","Strike_R","Defend_R+1","Defend_R+1","Defend_R+1","Defend_R","Bash","Heavy Blade+1","Armaments+1","Inflame+1","Flex","Headbutt","Spot Weakness","Offering","Seeing Red","Shockwave","Flex","Heavy Blade","Discovery+1","Necronomicurse","Reaper","Exhume","Double Tap+1","Secret Technique"],"relics":["Burning Blood","War Paint","Darkstone Periapt","Singing Bowl","Orrery","Necronomicon","Gremlin Horn","Anchor","Shuriken","PreservedInsect","Letter Opener","Busted Crown","Dodecahedron","Bag of Marbles","Kunai","Paper Frog","Charon\u0027s Ashes"],"potions_floor_usage":[5,8,10,16,24,25,48,50,50],"damage_taken":[{"damage":5,"enemies":"2 Louse","floor":1,"turns":3},{"damage":0,"enemies":"Small Slimes","floor":3,"turns":3},{"damage":0,"enemies":"Cultist","floor":5,"turns":2},{"damage":27,"enemies":"Gremlin Nob","floor":8,"turns":4},{"damage":6,"enemies":"Lots of Slimes","floor":10,"turns":5},{"damage":3,"enemies":"Exordium Wildlife","floor":11,"turns":4},{"damage":5,"enemies":"Blue Slaver","floor":12,"turns":4},{"damage":2,"enemies":"3 Louse","floor":13,"turns":6},{"damage":6,"enemies":"Exordium Wildlife","floor":14,"turns":4},{"damage":35,"enemies":"Hexaghost","floor":16,"turns":8},{"damage":17,"enemies":"Spheric Guardian","floor":18,"turns":3},{"damage":21,"enemies":"3 Byrds","floor":19,"turns":4},{"damage":11,"enemies":"Centurion and Healer","floor":24,"turns":3},{"damage":60,"enemies":"Slavers","floor":25,"turns":6},{"damage":23,"enemies":"Gremlin Leader","floor":29,"turns":4},{"damage":9,"enemies":"Chosen and Byrds","floor":31,"turns":4},{"damage":32,"enemies":"Automaton","floor":33,"turns":5},{"damage":6,"enemies":"3 Darklings","floor":35,"turns":5},{"damage":4,"enemies":"3 Shapes","floor":39,"turns":4},{"damage":6,"enemies":"Reptomancer","floor":40,"turns":2},{"damage":7,"enemies":"Jaw Worm Horde","floor":42,"turns":3},{"damage":6,"enemies":"Nemesis","floor":44,"turns":2},{"damage":6,"enemies":"Mind Bloom Boss Battle","floor":46,"turns":3},{"damage":32,"enemies":"Maw","floor":48,"turns":4},{"damage":64,"enemies":"Awakened One","floor":50,"turns":6}],"seed_played":"-313249309173731195","potions_obtained":[{"floor":1,"key":"BloodPotion"},{"floor":4,"key":"Block Potion"},{"floor":4,"key":"Strength Potion"},{"floor":4,"key":"Energy Potion"},{"floor":10,"key":"Strength Potion"},{"floor":14,"key":"Dexterity Potion"},{"floor":19,"key":"SkillPotion"},{"floor":33,"key":"FairyPotion"},{"floor":44,"key":"BloodPotion"},{"floor":48,"key":"PowerPotion"}],"is_trial":false,"path_per_floor":["M","?","M","?","M","R","$","E","T","M","M","M","M","M","R","B",null,"M","M","?","$","?","R","M","E","T","T","R","E","?","M","R","B",null,"M","?","$","?","M","E","?","M","T","E","R","?","$","M","R","B",null],"character_chosen":"IRONCLAD","items_purchased":["Inflame","Discovery","Double Tap","GamblersBrew"],"campfire_rested":3,"item_purchase_floors":[7,21,37,47],"current_hp_per_floor":[73,57,63,63,69,69,69,48,48,50,55,58,62,62,62,33,75,66,53,53,53,43,72,67,53,53,53,83,68,68,78,104,78,98,106,106,106,100,104,106,106,116,116,118,118,120,120,122,122,82],"gold":20,"neow_bonus":"RANDOM_COMMON_RELIC","is_prod":false,"is_daily":false,"chose_seed":false,"campfire_upgraded":4,"win_rate":0,"timestamp":1550701890,"path_taken":["M","?","M","?","M","R","$","E","T","M","?","?","?","M","R","BOSS","M","M","?","$","?","R","M","E","T","?","R","E","?","M","R","BOSS","M","?","$","?","M","E","?","?","T","E","R","?","$","M","R","BOSS"],"build_version":"2019-01-23","purchased_purges":3,"victory":true,"max_hp_per_floor":[80,80,80,80,80,80,80,80,80,82,84,86,86,86,86,86,88,90,92,92,92,98,98,98,100,100,100,100,102,102,104,104,104,104,106,106,106,110,112,114,114,116,116,118,118,120,120,122,122,122],"card_choices":[{"not_picked":["Disarm","Rage"],"picked":"Heavy Blade","floor":1},{"not_picked":["Headbutt","True Grit"],"picked":"Armaments","floor":3},{"not_picked":["Entrench","Body Slam","Searing Blow"],"picked":"SKIP","floor":5},{"not_picked":["Metallicize","Flame Barrier"],"picked":"Flex","floor":8},{"not_picked":["Twin Strike","Pommel Strike","Havoc"],"picked":"Singing Bowl","floor":10},{"not_picked":["Wild Strike","Uppercut","Rupture"],"picked":"Singing Bowl","floor":11},{"not_picked":["True Grit","Twin Strike","Fire Breathing"],"picked":"Singing Bowl","floor":12},{"not_picked":["Body Slam","Shrug It Off"],"picked":"Headbutt","floor":13},{"not_picked":["Feed","Shrug It Off"],"picked":"Spot Weakness","floor":14},{"not_picked":["Dark Embrace","Immolate"],"picked":"Offering","floor":16},{"not_picked":["Pommel Strike","Perfected Strike"],"picked":"Seeing Red","floor":17},{"not_picked":["Reckless Charge","Evolve"],"picked":"Shockwave","floor":17},{"not_picked":["Sword Boomerang","Iron Wave"],"picked":"Flex","floor":17},{"not_picked":["Rage","True Grit"],"picked":"Heavy Blade","floor":17},{"not_picked":["Evolve","True Grit","Headbutt"],"picked":"Singing Bowl","floor":17},{"not_picked":["Perfected Strike","Anger","Power Through"],"picked":"Singing Bowl","floor":18},{"not_picked":["Entrench","Havoc","Evolve"],"picked":"Singing Bowl","floor":19},{"not_picked":["Power Through","Clash"],"picked":"Reaper","floor":24},{"not_picked":["Warcry","Perfected Strike","Searing Blow"],"picked":"Singing Bowl","floor":25},{"not_picked":["Perfected Strike","Clothesline+1","Pommel Strike"],"picked":"Singing Bowl","floor":29},{"not_picked":["Power Through","Body Slam","Combust"],"picked":"Singing Bowl","floor":31},{"not_picked":["Barricade","Brutality"],"picked":"Exhume","floor":33},{"not_picked":["Burning Pact"],"picked":"Singing Bowl","floor":35},{"not_picked":[],"picked":"Secret Technique","floor":38},{"not_picked":["Swift Strike"],"picked":"Singing Bowl","floor":38},{"not_picked":["Transmutation"],"picked":"Singing Bowl","floor":38},{"not_picked":["Sword Boomerang+1"],"picked":"Singing Bowl","floor":39},{"not_picked":["Rupture"],"picked":"Singing Bowl","floor":40},{"not_picked":["Infernal Blade+1"],"picked":"Singing Bowl","floor":42},{"not_picked":["Sentinel"],"picked":"Singing Bowl","floor":44},{"not_picked":["Clash"],"picked":"Singing Bowl","floor":46},{"not_picked":["Inflame+1"],"picked":"Singing Bowl","floor":48}],"player_experience":29762,"relics_obtained":[{"floor":8,"key":"Darkstone Periapt"},{"floor":9,"key":"Singing Bowl"},{"floor":22,"key":"Necronomicon"},{"floor":25,"key":"Gremlin Horn"},{"floor":26,"key":"Anchor"},{"floor":27,"key":"Shuriken"},{"floor":29,"key":"PreservedInsect"},{"floor":40,"key":"Dodecahedron"},{"floor":43,"key":"Kunai"},{"floor":44,"key":"Paper Frog"},{"floor":46,"key":"Charon\u0027s Ashes"}],"event_choices":[{"damage_healed":0,"gold_gain":0,"player_choice":"Entered Light","damage_taken":16,"max_hp_gain":0,"max_hp_loss":0,"event_name":"Shining Light","floor":2,"gold_loss":0,"cards_upgraded":["Heavy Blade","Defend_R"]},{"damage_healed":0,"gold_gain":0,"player_choice":"Got Potions","damage_taken":0,"max_hp_gain":0,"max_hp_loss":0,"event_name":"Lab","floor":4,"gold_loss":0},{"damage_healed":0,"gold_gain":0,"player_choice":"Ignored","damage_taken":0,"max_hp_gain":0,"max_hp_loss":0,"event_name":"Vampires","floor":20,"gold_loss":0},{"damage_healed":0,"gold_gain":0,"player_choice":"Obtained Book","damage_taken":16,"max_hp_gain":0,"max_hp_loss":0,"event_name":"Cursed Tome","floor":22,"gold_loss":0},{"damage_healed":0,"gold_gain":0,"player_choice":"Obtained Relic","damage_taken":0,"relics_obtained":["Letter Opener"],"max_hp_gain":0,"max_hp_loss":0,"event_name":"Addict","floor":30,"gold_loss":85},{"damage_healed":0,"gold_gain":0,"player_choice":"Ignored","damage_taken":0,"max_hp_gain":0,"max_hp_loss":0,"event_name":"Tomb of Lord Red Mask","floor":36,"gold_loss":0},{"damage_healed":0,"gold_gain":0,"player_choice":"Memory 3","damage_taken":10,"max_hp_gain":0,"max_hp_loss":0,"event_name":"SensoryStone","floor":38,"gold_loss":0},{"damage_healed":0,"gold_gain":0,"player_choice":"Gave Potion","damage_taken":0,"relics_obtained":["Bag of Marbles"],"max_hp_gain":0,"max_hp_loss":0,"event_name":"WeMeetAgain","floor":41,"gold_loss":0},{"damage_healed":0,"gold_gain":0,"player_choice":"Fight","damage_taken":0,"max_hp_gain":0,"max_hp_loss":0,"event_name":"MindBloom","floor":46,"gold_loss":0}],"is_beta":false,"boss_relics":[{"not_picked":["Calling Bell","Runic Dome"],"picked":"Orrery"},{"not_picked":["White Beast Statue","Black Star"],"picked":"Busted Crown"}],"items_purged_floors":[7,21,47],"is_endless":false,"potions_floor_spawned":[1,10,14,19,33,44,48],"ascension_level":6}