{"gold_per_floor":[117,128,128,140,167,202,202,221,221,250,262,262,274,249,249,350,350,367,382,130,142,153,153,170,269,294,294,313,313,345,355,355,460,460,475,490,510,510,41,41,141,141,141,161,161,61,95,95,95,95,95,95,8,34,34],"floor_reached":55,"playtime":2539,"items_purged":["Injury","Pain"],"score":1130,"play_id":"6c33c584-b28b-46fd-b70a-0a4ae510dddf","local_time":"20190225020925","is_ascension_mode":true,"campfire_choices":[{"data":"1","floor":7,"key":"LIFT"},{"data":"Armaments","floor":15,"key":"SMITH"},{"data":"2","floor":23,"key":"LIFT"},{"floor":27,"key":"REST"},{"data":"3","floor":29,"key":"LIFT"},{"data":"Demon Form","floor":32,"key":"SMITH"},{"data":"Exhume","floor":40,"key":"SMITH"},{"floor":42,"key":"RECALL"},{"floor":45,"key":"REST"},{"data":"Uppercut","floor":49,"key":"SMITH"},{"floor":52,"key":"REST"}],"neow_cost":"TEN_PERCENT_HP_LOSS","seed_source_timestamp":243301645049665,"circlet_count":0,"master_deck":["AscendersBane","Strike_R","Strike_R","Strike_R","Strike_R","Strike_R+1","Defend_R","Defend_R","Defend_R","Defend_R","Bash","Intimidate+1","Pommel Strike+1","Uppercut+1","Headbutt","Rage","Perfected Strike","Armaments+1","Exhume+1","Perfected Strike","Sword Boomerang","Perfected Strike","Pommel Strike+1","Demon Form+1","Dramatic Entrance+1","Creative AI","Backflip+1","Twin Strike+1","Twin Strike","Inflame","Phantasmal Killer"],"relics":["Burning Blood","Calipers","Orichalcum","Girya","Mummified Hand","Paper Frog","Cursed Key","PrismaticShard","Pen Nib","Bag of Marbles","Mark of Pain","Potion Belt","Red Skull","FossilizedHelix","Anchor","Pocketwatch"],"potions_floor_usage":[18,22,33,33,37,50,50,50,54,54],"damage_taken":[{"damage":11,"enemies":"Jaw Worm","floor":1,"turns":4},{"damage":4,"enemies":"Cultist","floor":2,"turns":5},{"damage":3,"enemies":"2 Louse","floor":4,"turns":3},{"damage":20,"enemies":"Lagavulin","floor":6,"turns":5},{"damage":0,"enemies":"Exordium Wildlife","floor":8,"turns":4},{"damage":12,"enemies":"3 Sentries","floor":10,"turns":6},{"damage":4,"enemies":"3 Louse","floor":11,"turns":4},{"damage":1,"enemies":"Looter","floor":13,"turns":3},{"damage":41,"enemies":"The Guardian","floor":16,"turns":11},{"damage":5,"enemies":"2 Thieves","floor":18,"turns":2},{"damage":9,"enemies":"Shell Parasite","floor":19,"turns":3},{"damage":20,"enemies":"Snecko","floor":21,"turns":4},{"damage":3,"enemies":"Centurion and Healer","floor":22,"turns":4},{"damage":21,"enemies":"Sentry and Sphere","floor":24,"turns":4},{"damage":2,"enemies":"Chosen and Byrds","floor":28,"turns":3},{"damage":3,"enemies":"Gremlin Leader","floor":30,"turns":3},{"damage":0,"enemies":"Snake Plant","floor":31,"turns":1},{"damage":40,"enemies":"Collector","floor":33,"turns":6},{"damage":0,"enemies":"3 Darklings","floor":35,"turns":2},{"damage":0,"enemies":"3 Shapes","floor":36,"turns":1},{"damage":12,"enemies":"Spire Growth","floor":37,"turns":3},{"damage":0,"enemies":"Mind Bloom Boss Battle","floor":41,"turns":1},{"damage":25,"enemies":"Maw","floor":44,"turns":5},{"damage":0,"enemies":"Nemesis","floor":47,"turns":3},{"damage":53,"enemies":"Awakened One","floor":50,"turns":8},{"damage":59,"enemies":"Shield and Spear","floor":54,"turns":4},{"damage":15,"enemies":"The Heart","floor":55,"turns":2}],"seed_played":"6775021928653767506","potions_obtained":[{"floor":2,"key":"SpeedPotion"},{"floor":4,"key":"FairyPotion"},{"floor":10,"key":"Explosive Potion"},{"floor":19,"key":"Fire Potion"},{"floor":21,"key":"SkillPotion"},{"floor":30,"key":"PowerPotion"},{"floor":31,"key":"AttackPotion"},{"floor":35,"key":"PowerPotion"},{"floor":36,"key":"Energy Potion"},{"floor":41,"key":"Regen Potion"}],"is_trial":false,"path_per_floor":["M","M","?","M","T","E","R","M","T","E","M","?","M","$","R","B",null,"M","M","$","M","M","R","M","?","T","R","M","R","E","M","R","B",null,"M","M","M","?","$","R","?","R","T","M","R","$","E","?","R","B",null,"R","$","E","B"],"character_chosen":"IRONCLAD","items_purchased":["Armaments","Perfected Strike","PrismaticShard","Potion Belt","Dexterity Potion","FearPotion","Red Skull","Inflame","Weak Potion"],"campfire_rested":3,"item_purchase_floors":[14,20,20,39,39,39,39,53,53],"current_hp_per_floor":[67,69,69,72,72,58,58,64,64,58,60,46,51,51,51,16,58,59,56,56,42,45,45,30,30,30,51,55,55,58,64,64,30,62,68,72,66,66,66,66,72,72,72,53,72,72,72,68,68,26,58,68,68,15,0],"gold":34,"neow_bonus":"ONE_RARE_RELIC","is_prod":false,"is_daily":false,"chose_seed":false,"campfire_upgraded":4,"win_rate":0,"timestamp":1551028165,"path_taken":["M","M","?","?","?","E","R","M","T","E","M","?","M","$","R","BOSS","M","M","$","M","M","R","M","?","T","R","M","R","E","M","R","BOSS","M","M","M","?","$","R","?","R","T","M","R","$","E","?","R","BOSS","R","$","E","BOSS"],"build_version":"2019-01-23","purchased_purges":2,"victory":false,"max_hp_per_floor":[72,72,72,72,72,72,72,72,72,72,72,72,72,72,72,72,72,72,72,72,72,72,72,72,72,72,72,72,72,72,72,72,72,72,72,72,72,72,72,72,72,72,72,72,72,72,72,68,68,68,68,68,68,68,68],"card_choices":[{"not_picked":["Clash","Dropkick"],"picked":"Intimidate","floor":1},{"not_picked":["Sword Boomerang","Cleave"],"picked":"Pommel Strike","floor":2},{"not_picked":["Hemokinesis","Heavy Blade"],"picked":"Uppercut","floor":4},{"not_picked":["Clash","Combust","Clothesline"],"picked":"SKIP","floor":6},{"not_picked":["Shrug It Off","Rampage"],"picked":"Headbutt","floor":8},{"not_picked":["Bludgeon","Blood for Blood"],"picked":"Rage","floor":10},{"not_picked":["Headbutt","Shrug It Off"],"picked":"Perfected Strike","floor":11},{"not_picked":["Thunderclap","Intimidate"],"picked":"Pummel","floor":13},{"not_picked":["Dark Embrace","Bludgeon"],"picked":"Exhume","floor":16},{"not_picked":["Cleave","Warcry"],"picked":"Perfected Strike","floor":18},{"not_picked":["Iron Wave","Headbutt+1"],"picked":"Sword Boomerang","floor":19},{"not_picked":["FTL","Redo","Sucker Punch"],"picked":"SKIP","floor":21},{"not_picked":["Dagger Throw","Flex+1","Cleave+1"],"picked":"SKIP","floor":22},{"not_picked":["Finisher","Headbutt"],"picked":"Pommel Strike+1","floor":24},{"not_picked":["Sword Boomerang+1","Blood for Blood","Noxious Fumes"],"picked":"SKIP","floor":28},{"not_picked":["Bouncing Flask+1","Quick Slash+1"],"picked":"Demon Form","floor":30},{"not_picked":["Stack","Rupture"],"picked":"Dramatic Entrance+1","floor":31},{"not_picked":["Die Die Die","Phantasmal Killer"],"picked":"Creative AI","floor":33},{"not_picked":["Anger","Bane","Hologram"],"picked":"SKIP","floor":35},{"not_picked":["Bane","Sentinel"],"picked":"Backflip+1","floor":36},{"not_picked":["Pommel Strike","Jack Of All Trades+1"],"picked":"Twin Strike+1","floor":37},{"not_picked":["Searing Blow+1","Tools of the Trade","Clothesline"],"picked":"SKIP","floor":44},{"not_picked":["Redo+1","Searing Blow+1"],"picked":"Twin Strike","floor":47},{"not_picked":["Thunderclap+1","Dark Embrace"],"picked":"Phantasmal Killer","floor":54}],"player_experience":80869,"relics_obtained":[{"floor":5,"key":"Orichalcum"},{"floor":6,"key":"Girya"},{"floor":9,"key":"Mummified Hand"},{"floor":10,"key":"Paper Frog"},{"floor":26,"key":"Pen Nib"},{"floor":30,"key":"Bag of Marbles"},{"floor":41,"key":"FossilizedHelix"},{"floor":47,"key":"Anchor"},{"floor":54,"key":"Pocketwatch"}],"event_choices":[{"damage_healed":0,"gold_gain":0,"player_choice":"Upgraded","damage_taken":0,"max_hp_gain":0,"max_hp_loss":0,"event_name":"Upgrade Shrine","floor":3,"gold_loss":0,"cards_upgraded":["Pommel Strike"]},{"damage_healed":0,"gold_gain":0,"player_choice":"Entered Light","damage_taken":14,"max_hp_gain":0,"max_hp_loss":0,"event_name":"Shining Light","floor":12,"gold_loss":0,"cards_upgraded":["Strike_R","Intimidate"]},{"damage_healed":0,"gold_gain":99,"player_choice":"Stole From Cult","damage_taken":0,"max_hp_gain":0,"max_hp_loss":0,"event_name":"Nest","floor":25,"gold_loss":0},{"cards_removed":["Pummel"],"damage_healed":0,"gold_gain":0,"player_choice":"Removed Attack","damage_taken":0,"max_hp_gain":0,"max_hp_loss":0,"event_name":"Falling","floor":38,"gold_loss":0},{"damage_healed":0,"gold_gain":0,"player_choice":"Fight","damage_taken":0,"max_hp_gain":0,"max_hp_loss":0,"event_name":"MindBloom","floor":41,"gold_loss":0},{"damage_healed":0,"gold_gain":0,"player_choice":"Max HP","damage_taken":0,"max_hp_gain":0,"max_hp_loss":4,"event_name":"Winding Halls","floor":48,"gold_loss":0}],"is_beta":false,"boss_relics":[{"not_picked":["Astrolabe","Pandora\u0027s Box"],"picked":"Cursed Key"},{"not_picked":["Tiny House","Empty Cage"],"picked":"Mark of Pain"}],"items_purged_floors":[39,46],"is_endless":false,"potions_floor_spawned":[2,4,10,11,19,21,30,31,35,36,41],"killed_by":"The Heart","ascension_level":11}