{"gold_per_floor":[117,135,135,85,103,129,129,144,144,169,188,199,212,212,212,314,314,334,334,347,3,3],"floor_reached":22,"playtime":1575,"items_purged":["Strike_R"],"score":277,"play_id":"375d5fb9-a20c-4c46-a773-d34fb3232d6c","local_time":"20190220143036","is_ascension_mode":true,"campfire_choices":[{"data":"Clothesline","floor":7,"key":"SMITH"},{"floor":15,"key":"REST"}],"neow_cost":"NONE","seed_source_timestamp":478736737674355,"circlet_count":0,"master_deck":["Strike_R","Strike_R","Strike_R","Defend_R","Defend_R","Defend_R","Defend_R","Bash","Clothesline+1","Headbutt","Twin Strike","Impervious","True Grit+1","Inflame","Twin Strike","Armaments+1","Heavy Blade","Demon Form","True Grit+1","Armaments+1","Limit Break+1","Feed"],"special_seed":0,"relics":["Black Blood","Smiling Mask","Sundial","Toxic Egg 2"],"potions_floor_usage":[11,13,16,22],"damage_taken":[{"damage":7.0,"enemies":"Jaw Worm","floor":1.0,"turns":3.0},{"damage":7.0,"enemies":"Small Slimes","floor":2.0,"turns":4.0},{"damage":3.0,"enemies":"2 Louse","floor":5.0,"turns":3.0},{"damage":31,"enemies":"Gremlin Nob","floor":6,"turns":5},{"damage":9,"enemies":"Blue Slaver","floor":8,"turns":5},{"damage":41,"enemies":"Lagavulin","floor":10,"turns":9},{"damage":0,"enemies":"2 Fungi Beasts","floor":11,"turns":4},{"damage":11,"enemies":"Exordium Wildlife","floor":12,"turns":5},{"damage":23,"enemies":"Lots of Slimes","floor":13,"turns":6},{"damage":43,"enemies":"Slime Boss","floor":16,"turns":13},{"damage":36,"enemies":"3 Byrds","floor":18,"turns":10},{"damage":12,"enemies":"Chosen","floor":20,"turns":8},{"damage":52,"enemies":"3 Cultists","floor":22,"turns":5}],"seed_played":"9137070011931615791","potions_obtained":[{"floor":2.0,"key":"Poison Potion"},{"floor":6,"key":"Ancient Potion"},{"floor":10,"key":"SkillPotion"},{"floor":12,"key":"Regen Potion"},{"floor":13,"key":"Dexterity Potion"},{"floor":16,"key":"EssenceOfSteel"}],"is_trial":false,"path_per_floor":["M","M","?","?","M","E","R","M","T","E","M","M","M","?","R","B",null,"M","?","M","$","M"],"character_chosen":"IRONCLAD","items_purchased":["Limit Break+1","Feed"],"campfire_rested":1,"item_purchase_floors":[21,21],"current_hp_per_floor":[79,78,83,83,86,61,61,58,58,23,29,24,22,22,49,12,73,47,47,45,45,0],"gold":3,"neow_bonus":"TEN_PERCENT_HP_BONUS","is_prod":false,"is_daily":false,"chose_seed":false,"campfire_upgraded":1,"win_rate":0,"timestamp":1550701836,"path_taken":["M","M","?","?","M","E","R","M","T","E","M","M","M","?","R","BOSS","M","?","M","$","M"],"build_version":"2019-01-23","purchased_purges":1,"victory":false,"max_hp_per_floor":[88,88,93,93,93,93,93,93,93,93,93,93,93,93,93,93,93,93,93,93,93,93],"card_choices":[{"not_picked":["Flex","Heavy Blade"],"picked":"Clothesline","floor":1.0},{"not_picked":["Sever Soul","Flex"],"picked":"Headbutt","floor":2.0},{"not_picked":["Immolate","Heavy Blade"],"picked":"Twin Strike","floor":5.0},{"not_picked":["Twin Strike","Sever Soul"],"picked":"Impervious","floor":6},{"not_picked":["Warcry","Burning Pact"],"picked":"True Grit","floor":8},{"not_picked":["Seeing Red","Sword Boomerang"],"picked":"Inflame","floor":10},{"not_picked":["Bloodletting+1","Clothesline"],"picked":"Twin Strike","floor":11},{"not_picked":["Sentinel+1","Clothesline"],"picked":"Armaments+1","floor":12},{"not_picked":["Anger","Armaments+1"],"picked":"Heavy Blade","floor":13},{"not_picked":["Impervious+1","Exhume+1"],"picked":"Demon Form","floor":16},{"not_picked":["Havoc+1","Searing Blow"],"picked":"True Grit+1","floor":18},{"not_picked":["Perfected Strike","Clash"],"picked":"Armaments+1","floor":20}],"player_experience":445423,"relics_obtained":[{"floor":6,"key":"Smiling Mask"},{"floor":9,"key":"Sundial"},{"floor":10,"key":"Toxic Egg 2"}],"event_choices":[{"damage_healed":0.0,"max_hp_gain":5.0,"max_hp_loss":0.0,"gold_gain":0.0,"event_name":"Big Fish","player_choice":"Donut","floor":3.0,"gold_loss":0.0,"damage_taken":0.0},{"cards_removed":["Strike_R"],"damage_healed":0.0,"max_hp_gain":0.0,"max_hp_loss":0.0,"gold_gain":0.0,"event_name":"The Cleric","player_choice":"Card Removal","floor":4.0,"gold_loss":50.0,"damage_taken":0.0},{"damage_healed":0,"gold_gain":0,"player_choice":"Grow","damage_taken":0,"max_hp_gain":0,"max_hp_loss":0,"event_name":"Living Wall","floor":14,"gold_loss":0,"cards_upgraded":["True Grit"]},{"damage_healed":0,"gold_gain":0,"player_choice":"Ignored","damage_taken":0,"max_hp_gain":0,"max_hp_loss":0,"event_name":"Beggar","floor":19,"gold_loss":0}],"is_beta":false,"boss_relics":[{"not_picked":["Black Star","Runic Dome"],"picked":"Black Blood"}],"items_purged_floors":[21],"is_endless":false,"potions_floor_spawned":[2,6,10,12,13,16],"killed_by":"3 Cultists","ascension_level":8}