{"gold_per_floor":[209,226,238,8,20,20,20,31,31,31,31,31,31,47,47,144,144,110,123,153,172,172,172,200,200,200,200],"floor_reached":27,"playtime":772,"items_purged":[],"score":223,"play_id":"1a9c26d5-dfef-4d07-9190-b6bd8e497765","local_time":"20190301012040","is_ascension_mode":false,"campfire_choices":[{"data":"Armaments","floor":6,"key":"SMITH"},{"data":"Heavy Blade","floor":10,"key":"SMITH"},{"data":"True Grit","floor":13,"key":"SMITH"},{"data":"Armaments","floor":15,"key":"SMITH"},{"data":"Demon Form","floor":23,"key":"SMITH"},{"floor":25,"key":"REST"}],"neow_cost":"NONE","seed_source_timestamp":11658378386876,"circlet_count":0,"master_deck":["Strike_R+1","Strike_R+1","Strike_R+1","Strike_R+1","Defend_R+1","Defend_R+1","Defend_R+1","Defend_R+1","Bash","Spot Weakness","True Grit+1","Clothesline","Armaments+1","Clothesline","Heavy Blade+1","Armaments+1","Demon Form+1","Shame","Havoc+1"],"relics":["Burning Blood","Membership Card","The Courier","Busted Crown","Tiny Chest","Bird Faced Urn","Juzu Bracelet"],"potions_floor_usage":[16,16,24,24,24,27],"damage_taken":[{"damage":1,"enemies":"Jaw Worm","floor":1,"turns":3},{"damage":1,"enemies":"Cultist","floor":2,"turns":4},{"damage":0,"enemies":"Small Slimes","floor":3,"turns":5},{"damage":10,"enemies":"2 Fungi Beasts","floor":5,"turns":4},{"damage":9,"enemies":"Large Slime","floor":8,"turns":6},{"damage":9,"enemies":"Exordium Wildlife","floor":14,"turns":4},{"damage":28,"enemies":"The Guardian","floor":16,"turns":10},{"damage":10,"enemies":"2 Thieves","floor":18,"turns":5},{"damage":11,"enemies":"3 Byrds","floor":19,"turns":6},{"damage":24,"enemies":"Snake Plant","floor":21,"turns":5},{"damage":52,"enemies":"Book of Stabbing","floor":24,"turns":7},{"damage":34,"enemies":"Sentry and Sphere","floor":27,"turns":5}],"seed_played":"500711682322496996","potions_obtained":[{"floor":1,"key":"Dexterity Potion"},{"floor":8,"key":"LiquidBronze"},{"floor":14,"key":"Fire Potion"},{"floor":18,"key":"Dexterity Potion"},{"floor":19,"key":"Dexterity Potion"},{"floor":24,"key":"FearPotion"}],"is_trial":false,"path_per_floor":["M","M","M","$","M","R","$","M","T","R","?","$","R","M","R","B",null,"M","M","?","M","?","R","E","R","T","M"],"character_chosen":"IRONCLAD","items_purchased":["Membership Card","Armaments"],"campfire_rested":1,"item_purchase_floors":[4,4],"current_hp_per_floor":[80,80,80,80,76,76,76,73,73,73,73,73,73,70,70,48,80,76,71,71,53,53,53,7,31,31,0],"gold":200,"neow_bonus":"HUNDRED_GOLD","is_prod":false,"is_daily":false,"chose_seed":false,"campfire_upgraded":5,"win_rate":0,"timestamp":1551424840,"path_taken":["M","M","M","$","M","R","$","M","T","R","?","?","R","M","R","BOSS","M","M","?","M","?","R","E","R","T","M"],"build_version":"2019-01-23","purchased_purges":0,"victory":false,"max_hp_per_floor":[80,80,80,80,80,80,80,80,80,80,80,80,80,80,80,80,80,80,80,80,80,80,80,80,80,80,80],"card_choices":[{"not_picked":["Combust","Flame Barrier"],"picked":"Spot Weakness","floor":1},{"not_picked":["Warcry","Armaments"],"picked":"True Grit","floor":2},{"not_picked":["Ghostly Armor","Perfected Strike"],"picked":"Clothesline","floor":3},{"not_picked":["Perfected Strike","Thunderclap"],"picked":"Clothesline","floor":5},{"not_picked":["Clash","Cleave"],"picked":"Heavy Blade","floor":8},{"not_picked":["Perfected Strike","Warcry"],"picked":"Armaments","floor":14},{"not_picked":["Juggernaut","Berserk"],"picked":"Demon Form","floor":16},{"not_picked":["Feel No Pain+1"],"picked":"SKIP","floor":18},{"not_picked":["Flex"],"picked":"SKIP","floor":19},{"not_picked":["Clash"],"picked":"SKIP","floor":21},{"not_picked":[],"picked":"Havoc+1","floor":24}],"player_experience":958152,"relics_obtained":[{"floor":9,"key":"The Courier"},{"floor":24,"key":"Bird Faced Urn"},{"floor":26,"key":"Juzu Bracelet"}],"event_choices":[{"cards_removed":["Strike_R"],"damage_healed":0,"gold_gain":0,"player_choice":"Purged","damage_taken":0,"max_hp_gain":0,"max_hp_loss":0,"event_name":"Purifier","floor":11,"gold_loss":0},{"damage_healed":0,"gold_gain":0,"player_choice":"Stole Relic","damage_taken":0,"relics_obtained":["Tiny Chest"],"max_hp_gain":0,"max_hp_loss":0,"event_name":"Addict","floor":20,"gold_loss":0,"cards_obtained":["Shame"]},{"damage_healed":0,"gold_gain":0,"player_choice":"Simplicity","damage_taken":0,"max_hp_gain":0,"max_hp_loss":0,"event_name":"Back to Basics","floor":22,"gold_loss":0,"cards_upgraded":["Strike_R","Strike_R","Strike_R","Strike_R","Defend_R","Defend_R","Defend_R","Defend_R"]}],"is_beta":false,"boss_relics":[{"not_picked":["Ectoplasm","Philosopher\u0027s Stone"],"picked":"Busted Crown"}],"items_purged_floors":[],"is_endless":false,"potions_floor_spawned":[1,8,14,18,19,24],"killed_by":"Sentry and Sphere","ascension_level":0}