{"gold_per_floor":[112,132,82,82,34,69,86,86,86,97,97,112,37,37],"floor_reached":14,"playtime":394,"items_purged":["Defend_B"],"score":108,"play_id":"ec6ce93c-d123-4763-ae4c-e8c0dfe05fca","local_time":"20180706190737","is_ascension_mode":true,"campfire_choices":[{"data":"Dualcast","floor":11,"key":"PURGE"}],"neow_cost":"NONE","seed_source_timestamp":856737057433958,"circlet_count":0,"master_deck":["Strike_B","Strike_B","Defend_B","Defend_B","Defend_B","Zap","Loop","Sweeping Beam","Coolheaded","Ball Lightning","Auto Shields","Redo","Self Repair","Cold Snap"],"relics":["Cracked Core","NlothsMask","DataDisk","Peace Pipe"],"potions_floor_usage":[],"damage_taken":[{"damage":1,"enemies":"2 Louse","floor":1,"turns":2},{"damage":2,"enemies":"Jaw Worm","floor":2,"turns":3},{"damage":27,"enemies":"Gremlin Nob","floor":6,"turns":4},{"damage":15,"enemies":"Small Slimes","floor":7,"turns":2},{"damage":13,"enemies":"Blue Slaver","floor":10,"turns":3},{"damage":10,"enemies":"Exordium Wildlife","floor":12,"turns":4},{"damage":18,"enemies":"Lots of Slimes","floor":14,"turns":1}],"seed_played":"1160921297265468443","potions_obtained":[{"floor":2,"key":"FocusPotion"}],"is_trial":false,"path_per_floor":["M","M","?","?","$","E","M","T","T","M","R","M","$"],"character_chosen":"DEFECT","items_purchased":["Ball Lightning"],"campfire_rested":0,"item_purchase_floors":[5],"current_hp_per_floor":[74,72,72,72,72,45,30,30,30,17,17,14,14,0],"gold":37,"neow_bonus":"TRANSFORM_CARD","is_prod":false,"is_daily":false,"chose_seed":false,"campfire_upgraded":0,"win_rate":0,"timestamp":1530875257,"path_taken":["M","M","?","?","$","E","M","?","T","?","R","?","?","M"],"build_version":"2018-07-05","purchased_purges":1,"victory":false,"max_hp_per_floor":[75,75,75,75,75,75,75,75,75,75,75,75,75,75],"card_choices":[{"not_picked":["Compile Driver","Streamline"],"picked":"Sweeping Beam","floor":1},{"not_picked":["Barrage","Sweeping Beam"],"picked":"Coolheaded","floor":2},{"not_picked":["Hello World","Cold Snap"],"picked":"Auto Shields","floor":6},{"not_picked":["Compile Driver","Barrage"],"picked":"Redo","floor":7},{"not_picked":["Ball Lightning","Leap"],"picked":"Self Repair","floor":10},{"not_picked":["Beam Cell","Conserve Battery"],"picked":"Cold Snap","floor":12}],"player_experience":465803,"relics_obtained":[{"floor":6,"key":"DataDisk"},{"floor":9,"key":"Peace Pipe"}],"event_choices":[{"event_name":"The Cleric","player_choice":"Card Removal","floor":3,"damage_taken":0},{"event_name":"FaceTrader","player_choice":"Trade","floor":4,"damage_taken":0}],"boss_relics":[],"items_purged_floors":[13],"is_endless":false,"potions_floor_spawned":[2],"killed_by":"Lots of Slimes","ascension_level":4}