{"gold_per_floor":[118,131,131,149,161,191,191,225,225,225,225,243,243,243,243,243],"floor_reached":16,"playtime":1568,"items_purged":[],"score":116,"play_id":"a3b179bb-4aab-47fa-b5a3-4c352cef8ac3","local_time":"20180803210428","is_ascension_mode":true,"campfire_choices":[{"data":"Warcry","floor":7,"key":"SMITH"},{"floor":10,"key":"REST"},{"floor":15,"key":"REST"}],"neow_cost":"NONE","seed_source_timestamp":0,"circlet_count":0,"master_deck":["Strike_R","Strike_R","Strike_R","Strike_R","Strike_R","Defend_R","Defend_R","Defend_R","Defend_R","Bash","Rupture","Heavy Blade","Shrug It Off","Warcry+1","Flame Barrier","Limit Break","Flex"],"special_seed":0,"relics":["Burning Blood","Potion Belt","Matryoshka","Omamori","Anchor","Paper Frog"],"potions_floor_usage":[16],"damage_taken":[{"damage":2.0,"enemies":"2 Louse","floor":1.0,"turns":4.0},{"damage":8.0,"enemies":"Cultist","floor":2.0,"turns":5.0},{"damage":11.0,"enemies":"Jaw Worm","floor":4.0,"turns":2.0},{"damage":6.0,"enemies":"3 Louse","floor":5.0,"turns":4.0},{"damage":16.0,"enemies":"3 Sentries","floor":6.0,"turns":10.0},{"damage":62,"enemies":"Lagavulin","floor":8,"turns":14},{"damage":18,"enemies":"Exordium Thugs","floor":12,"turns":8},{"damage":23,"enemies":"Slime Boss","floor":16,"turns":5}],"seed_played":"3157689150277881485","potions_obtained":[{"floor":1.0,"key":"GamblersBrew"},{"floor":4.0,"key":"EssenceOfSteel"},{"floor":12,"key":"Block Potion"}],"is_trial":false,"path_per_floor":["M","M","?","M","M","E","R","E","T","R","?","M","?","?","R"],"character_chosen":"IRONCLAD","items_purchased":[],"campfire_rested":2,"item_purchase_floors":[],"current_hp_per_floor":[80,78,78,73,73,63,63,7,7,31,31,19,45,45,69,46],"gold":243,"neow_bonus":"RANDOM_COMMON_RELIC","is_prod":false,"is_daily":false,"chose_seed":false,"campfire_upgraded":1,"win_rate":0,"timestamp":1533355468,"path_taken":["M","M","?","M","?","E","R","E","T","R","?","M","?","?","R","BOSS"],"build_version":"2018-08-02","purchased_purges":0,"victory":false,"max_hp_per_floor":[80,80,80,80,80,80,80,80,80,80,80,80,80,80,80,80],"card_choices":[{"not_picked":["Clash","Cleave"],"picked":"Rupture","floor":1.0},{"not_picked":["Rupture","Sword Boomerang"],"picked":"Heavy Blade","floor":2.0},{"not_picked":["Body Slam","Sever Soul"],"picked":"Shrug It Off","floor":4.0},{"not_picked":["Perfected Strike","Disarm"],"picked":"Warcry","floor":5.0},{"not_picked":["Perfected Strike","Reckless Charge"],"picked":"Flame Barrier","floor":6.0},{"not_picked":["Inflame","Whirlwind"],"picked":"Limit Break","floor":8},{"not_picked":["Intimidate","Rampage"],"picked":"Flex","floor":12}],"player_experience":31026,"relics_obtained":[{"floor":6.0,"key":"Matryoshka"},{"floor":8,"key":"Omamori"},{"floor":9,"key":"Anchor"},{"floor":9,"key":"Paper Frog"}],"event_choices":[{"event_name":"Liars Game","player_choice":"disagreed","floor":3.0,"damage_taken":0.0},{"event_name":"Shining Light","player_choice":"Ignored","floor":11,"damage_taken":0},{"event_name":"Big Fish","player_choice":"Banana","floor":13,"damage_taken":0},{"event_name":"Scrap Ooze","player_choice":"unsuccessful","floor":14,"damage_taken":0}],"is_beta":false,"boss_relics":[],"items_purged_floors":[],"is_endless":false,"potions_floor_spawned":[1,4,12],"killed_by":"Slime Boss","ascension_level":1}