{"gold_per_floor":[113,113,113,113,130,162,179,179,205,235,248,248,248,2,2,132,132,155,2,26,26,26,26],"floor_reached":23,"playtime":1923,"items_purged":["Strike_G"],"score":244,"play_id":"8dee5d75-a309-47cf-bc49-aba4dc5d08d1","local_time":"20190222224814","is_ascension_mode":true,"campfire_choices":[{"data":"Calculated Gamble","floor":8,"key":"SMITH"},{"floor":15,"key":"REST"}],"neow_cost":"NONE","seed_source_timestamp":261542294005966,"circlet_count":0,"master_deck":["Defend_G","Defend_G","Defend_G","Defend_G+1","Defend_G","Strike_G","Strike_G+1","Strike_G","Survivor","Neutralize","Finisher","Expertise","Calculated Gamble+1","Skewer","Accuracy","Cloak And Dagger","Bandage Up","Envenom","Leg Sweep","Accuracy","Slice"],"relics":["Ring of the Snake","NeowsBlessing","Nunchaku","Bronze Scales","Boot","Regal Pillow","Bloody Idol","Happy Flower","Busted Crown","Juzu Bracelet"],"potions_floor_usage":[10,16],"damage_taken":[{"damage":0,"enemies":"Small Slimes","floor":1,"turns":1},{"damage":0,"enemies":"Jaw Worm","floor":5,"turns":1},{"damage":0,"enemies":"Lagavulin","floor":6,"turns":1},{"damage":0,"enemies":"2 Louse","floor":7,"turns":2},{"damage":24,"enemies":"Gremlin Nob","floor":10,"turns":4},{"damage":0,"enemies":"Large Slime","floor":11,"turns":5},{"damage":26,"enemies":"The Guardian","floor":16,"turns":14},{"damage":19,"enemies":"Spheric Guardian","floor":18,"turns":4},{"damage":24,"enemies":"Shell Parasite","floor":20,"turns":9},{"damage":41,"enemies":"Slavers","floor":23,"turns":3}],"seed_played":"8544537657815616997","potions_obtained":[{"floor":1,"key":"Regen Potion"},{"floor":6,"key":"Ancient Potion"},{"floor":11,"key":"PowerPotion"},{"floor":16,"key":"SpeedPotion"},{"floor":18,"key":"Dexterity Potion"}],"is_trial":false,"path_per_floor":["M","?","T","?","M","E","M","R","T","E","M","?","?","$","R","B",null,"M","$","M","?","?","E"],"character_chosen":"THE_SILENT","items_purchased":["Happy Flower","Bandage Up","Accuracy"],"campfire_rested":1,"item_purchase_floors":[14,14,19],"current_hp_per_floor":[70,75,75,60,60,60,60,60,60,45,45,45,45,45,69,43,69,53,53,33,33,33,0],"gold":26,"neow_bonus":"THREE_ENEMY_KILL","is_prod":false,"is_daily":false,"chose_seed":false,"campfire_upgraded":1,"win_rate":0,"timestamp":1550897294,"path_taken":["M","?","?","?","M","E","M","R","T","E","M","?","?","$","R","BOSS","M","$","M","?","?","E"],"build_version":"2019-01-23","purchased_purges":1,"victory":false,"max_hp_per_floor":[70,75,75,75,75,75,75,75,75,75,75,75,69,69,69,69,69,69,69,69,69,69,69],"card_choices":[{"not_picked":["Poisoned Stab","Eviscerate"],"picked":"Finisher","floor":1},{"not_picked":["Deadly Poison","Underhanded Strike"],"picked":"Expertise","floor":5},{"not_picked":["Noxious Fumes","Well Laid Plans"],"picked":"Calculated Gamble","floor":6},{"not_picked":["PiercingWail","Crippling Poison"],"picked":"Skewer","floor":7},{"not_picked":["Outmaneuver","Quick Slash"],"picked":"Accuracy","floor":10},{"not_picked":["Flechettes","Outmaneuver"],"picked":"Cloak And Dagger","floor":11},{"not_picked":["Burst","Die Die Die"],"picked":"Envenom","floor":16},{"not_picked":[],"picked":"Leg Sweep","floor":18},{"not_picked":[],"picked":"Slice","floor":20}],"player_experience":140301,"relics_obtained":[{"floor":3,"key":"Nunchaku"},{"floor":6,"key":"Bronze Scales"},{"floor":9,"key":"Boot"},{"floor":10,"key":"Regal Pillow"}],"event_choices":[{"damage_healed":0,"gold_gain":0,"player_choice":"Donut","damage_taken":0,"max_hp_gain":5,"max_hp_loss":0,"event_name":"Big Fish","floor":2,"gold_loss":0},{"damage_healed":0,"gold_gain":0,"player_choice":"Entered Light","damage_taken":15,"max_hp_gain":0,"max_hp_loss":0,"event_name":"Shining Light","floor":4,"gold_loss":0,"cards_upgraded":["Defend_G","Strike_G"]},{"cards_removed":["Strike_G"],"damage_healed":0,"gold_gain":0,"player_choice":"Forget","damage_taken":0,"max_hp_gain":0,"max_hp_loss":0,"event_name":"Living Wall","floor":12,"gold_loss":0},{"damage_healed":0,"gold_gain":0,"player_choice":"Lose Max HP","damage_taken":0,"relics_obtained":["Golden Idol"],"max_hp_gain":0,"max_hp_loss":6,"event_name":"Golden Idol","floor":13,"gold_loss":0},{"damage_healed":0,"gold_gain":0,"player_choice":"Gave Idol","damage_taken":0,"relics_obtained":["Bloody Idol"],"max_hp_gain":0,"max_hp_loss":0,"event_name":"Forgotten Altar","floor":21,"relics_lost":["Golden Idol"],"gold_loss":0},{"damage_healed":0,"gold_gain":0,"player_choice":"Gave Potion","damage_taken":0,"relics_obtained":["Juzu Bracelet"],"max_hp_gain":0,"max_hp_loss":0,"event_name":"WeMeetAgain","floor":22,"gold_loss":0}],"is_beta":false,"boss_relics":[{"not_picked":["Velvet Choker","Runic Pyramid"],"picked":"Busted Crown"}],"items_purged_floors":[19],"is_endless":false,"potions_floor_spawned":[1,6,11,16,18],"killed_by":"Slavers","ascension_level":2}