{"gold_per_floor":[99,24,24,24,24,24,24,24,24,24,24,24,24,24,24,24,24,24,24,24,24,24,24,24,24,24,24,24,24,24,24,24,24,24,24,24,24,24,24,24,24],"floor_reached":41,"playtime":1999,"items_purged":["Strike_R"],"score":488,"play_id":"9ead8660-ca65-4c9a-b1bd-6532338fe56e","local_time":"20181110140243","is_ascension_mode":true,"campfire_choices":[{"data":"Shrug It Off","floor":6,"key":"SMITH"},{"floor":15,"key":"REST"},{"data":"Whirlwind","floor":27,"key":"SMITH"},{"floor":32,"key":"REST"},{"data":"Immolate","floor":40,"key":"SMITH"}],"neow_cost":"NONE","seed_source_timestamp":2729713978661179,"circlet_count":0,"master_deck":["Defend_R+1","Defend_R+1","Shrug It Off+1","Shrug It Off+1","Whirlwind+1","Immolate+1","Battle Trance","Demon Form","Writhe","Bite","Bite","Bite","Bite","Bite","Armaments+1","Shrug It Off","Reaper","Disarm"],"relics":["Ectoplasm","Torii","Pocketwatch","Darkstone Periapt","Velvet Choker","MawBank","War Paint","PreservedInsect","Red Mask","Dream Catcher","Empty Cage"],"potions_floor_usage":[16,16,16,16,16,33,33,33],"damage_taken":[{"damage":0,"enemies":"Cultist","floor":1,"turns":2},{"damage":11,"enemies":"Jaw Worm","floor":4,"turns":4},{"damage":0,"enemies":"2 Louse","floor":7,"turns":2},{"damage":18,"enemies":"Lagavulin","floor":10,"turns":9},{"damage":0,"enemies":"Red Slaver","floor":11,"turns":3},{"damage":0,"enemies":"Blue Slaver","floor":12,"turns":5},{"damage":1,"enemies":"3 Sentries","floor":13,"turns":8},{"damage":0,"enemies":"3 Louse","floor":14,"turns":1},{"damage":27,"enemies":"The Guardian","floor":16,"turns":12},{"damage":3,"enemies":"Chosen","floor":18,"turns":5},{"damage":1,"enemies":"Shell Parasite","floor":19,"turns":4},{"damage":2,"enemies":"Cultist and Chosen","floor":21,"turns":4},{"damage":22,"enemies":"Centurion and Healer","floor":22,"turns":4},{"damage":44,"enemies":"Book of Stabbing","floor":29,"turns":6},{"damage":2,"enemies":"Masked Bandits","floor":30,"turns":2},{"damage":2,"enemies":"Gremlin Leader","floor":31,"turns":4},{"damage":56,"enemies":"Collector","floor":33,"turns":7},{"damage":19,"enemies":"3 Darklings","floor":35,"turns":4},{"damage":0,"enemies":"3 Shapes","floor":37,"turns":1},{"damage":0,"enemies":"Maw","floor":38,"turns":8},{"damage":72,"enemies":"2 Orb Walkers","floor":41,"turns":3}],"seed_played":"-5043365427990838507","potions_obtained":[{"floor":10,"key":"Fire Potion"},{"floor":12,"key":"Fire Potion"},{"floor":13,"key":"PowerPotion"},{"floor":14,"key":"EntropicBrew"},{"floor":19,"key":"Fire Potion"},{"floor":20,"key":"LiquidBronze"},{"floor":37,"key":"EssenceOfSteel"}],"is_trial":false,"path_per_floor":["M","$","?","M","?","R","M","?","T","E","M","M","E","M","R","B",null,"M","M","?","M","M","?","?","?","T","R","$","E","?","E","R","B",null,"M","?","M","M","$","R","?"],"character_chosen":"IRONCLAD","items_purchased":[],"campfire_rested":2,"item_purchase_floors":[],"current_hp_per_floor":[80,80,85,74,74,74,74,74,74,56,56,56,55,55,80,61,85,82,81,81,79,57,85,91,63,63,63,63,31,33,42,60,18,63,51,51,51,63,63,63,0],"gold":24,"neow_bonus":"BOSS_RELIC","is_prod":false,"is_daily":false,"chose_seed":false,"campfire_upgraded":3,"win_rate":0,"timestamp":1541880163,"path_taken":["M","$","?","M","?","R","?","?","T","E","M","M","E","M","R","BOSS","M","M","?","?","M","?","?","?","T","R","$","E","?","E","R","BOSS","M","?","M","M","$","R","?"],"build_version":"2018-11-08","purchased_purges":1,"victory":false,"max_hp_per_floor":[80,80,85,85,85,85,85,85,85,85,85,85,85,85,85,85,85,85,85,85,85,85,85,91,63,63,63,63,63,63,63,63,63,63,63,63,63,63,63,63,63],"card_choices":[{"not_picked":["Body Slam","Wild Strike"],"picked":"Shrug It Off","floor":1},{"not_picked":["Headbutt","Second Wind"],"picked":"Shrug It Off","floor":4},{"not_picked":["Thunderclap","Headbutt","Iron Wave"],"picked":"SKIP","floor":7},{"not_picked":["Headbutt","Clash","Perfected Strike"],"picked":"SKIP","floor":10},{"not_picked":["Clash","Body Slam"],"picked":"Whirlwind","floor":11},{"not_picked":["Heavy Blade","Iron Wave","Perfected Strike"],"picked":"SKIP","floor":12},{"not_picked":["Offering","Armaments","Rupture"],"picked":"SKIP","floor":13},{"not_picked":["Perfected Strike","Havoc","Fire Breathing"],"picked":"SKIP","floor":14},{"not_picked":["Fiend Fire","Bludgeon"],"picked":"Immolate","floor":16},{"not_picked":["True Grit","Perfected Strike"],"picked":"Battle Trance","floor":18},{"not_picked":["Blood for Blood","Anger","Second Wind+1"],"picked":"SKIP","floor":19},{"not_picked":["Pommel Strike","Twin Strike+1","Armaments"],"picked":"SKIP","floor":21},{"not_picked":["Battle Trance","Heavy Blade"],"picked":"Demon Form","floor":22},{"not_picked":["Intimidate","Second Wind+1","Armaments"],"picked":"SKIP","floor":29},{"not_picked":["Fire Breathing","Sword Boomerang"],"picked":"Armaments+1","floor":30},{"not_picked":["Iron Wave","True Grit","Sword Boomerang"],"picked":"SKIP","floor":31},{"not_picked":["True Grit","Twin Strike"],"picked":"Shrug It Off","floor":32},{"not_picked":["Berserk","Bludgeon"],"picked":"Reaper","floor":33},{"not_picked":["Sword Boomerang+1","Flex+1","Infernal Blade+1"],"picked":"SKIP","floor":35},{"not_picked":["Havoc+1","Searing Blow"],"picked":"Disarm","floor":37},{"not_picked":["Clothesline+1","Cleave+1","Warcry+1"],"picked":"SKIP","floor":38}],"player_experience":62743,"relics_obtained":[{"floor":9,"key":"Torii"},{"floor":10,"key":"Pocketwatch"},{"floor":13,"key":"Darkstone Periapt"},{"floor":26,"key":"War Paint"},{"floor":29,"key":"PreservedInsect"},{"floor":30,"key":"Red Mask"},{"floor":31,"key":"Dream Catcher"}],"event_choices":[{"damage_healed":0,"gold_gain":0,"player_choice":"Donut","damage_taken":0,"max_hp_gain":5,"max_hp_loss":0,"event_name":"Big Fish","floor":3,"gold_loss":0},{"damage_healed":0,"gold_gain":0,"player_choice":"Upgraded","damage_taken":0,"max_hp_gain":0,"max_hp_loss":0,"event_name":"Upgrade Shrine","floor":5,"gold_loss":0,"cards_upgraded":["Shrug It Off"]},{"cards_removed":["Defend_R"],"damage_healed":0,"gold_gain":0,"player_choice":"Forget","damage_taken":0,"max_hp_gain":0,"max_hp_loss":0,"event_name":"Living Wall","floor":8,"gold_loss":0},{"damage_healed":0,"gold_gain":0,"player_choice":"Got Potions","damage_taken":0,"max_hp_gain":0,"max_hp_loss":0,"event_name":"Lab","floor":20,"gold_loss":0},{"damage_healed":28,"gold_gain":0,"player_choice":"Heal","damage_taken":0,"max_hp_gain":0,"max_hp_loss":0,"event_name":"The Library","floor":23,"gold_loss":0},{"damage_healed":0,"gold_gain":0,"player_choice":"Opened","damage_taken":0,"relics_obtained":["MawBank"],"max_hp_gain":0,"max_hp_loss":0,"event_name":"The Mausoleum","floor":24,"gold_loss":0,"cards_obtained":["Writhe"]},{"damage_healed":0,"gold_gain":0,"player_choice":"Became a vampire","damage_taken":0,"max_hp_gain":0,"max_hp_loss":28,"event_name":"Vampires","floor":25,"gold_loss":0,"cards_obtained":["Bite","Bite","Bite","Bite","Bite"]},{"damage_healed":0,"gold_gain":0,"player_choice":"Fought Bandits","damage_taken":0,"max_hp_gain":0,"max_hp_loss":0,"event_name":"Masked Bandits","floor":30,"gold_loss":0},{"damage_healed":0,"gold_gain":0,"player_choice":"Memory 1","damage_taken":0,"max_hp_gain":0,"max_hp_loss":0,"event_name":"SensoryStone","floor":36,"gold_loss":0},{"damage_healed":0,"gold_gain":0,"player_choice":"Fight","damage_taken":0,"max_hp_gain":0,"max_hp_loss":0,"event_name":"Mysterious Sphere","floor":41,"gold_loss":0}],"is_beta":false,"boss_relics":[{"not_picked":["Snecko Eye","Runic Cube"],"picked":"Velvet Choker"},{"not_picked":["Calling Bell","Sozu"],"picked":"Empty Cage"}],"items_purged_floors":[2],"is_endless":false,"potions_floor_spawned":[10,12,13,14,19,22,31,37],"killed_by":"2 Orb Walkers","ascension_level":1}