{"gold_per_floor":[109,109,14,14,32,32,49,60,83,100,119,119,194,214,214,319,319,330,330,346,346,364,364,364,38,89,107,122,138,138,138,138,241,241,259,259,159,174,174,174,49,49,74,74,6,78,78,95,95,95],"floor_reached":51,"playtime":2463,"items_purged":["Strike_R","Strike_R","Pummel"],"score":812,"play_id":"7b0a405b-da5a-431f-ab16-943b1bb6004d","local_time":"20190228215358","is_ascension_mode":false,"campfire_choices":[{"data":"Rampage","floor":6,"key":"SMITH"},{"data":"Body Slam","floor":12,"key":"SMITH"},{"data":"Double Tap","floor":15,"key":"SMITH"},{"data":"True Grit","floor":23,"key":"SMITH"},{"data":"Barricade","floor":30,"key":"SMITH"},{"data":"Shockwave","floor":32,"key":"SMITH"},{"floor":40,"key":"REST"},{"floor":47,"key":"REST"},{"floor":49,"key":"REST"}],"neow_cost":"NONE","seed_source_timestamp":5166273669937,"circlet_count":0,"master_deck":["Defend_R","Defend_R","Defend_R","Bash","Rampage+1","Headbutt","Shrug It Off","Metallicize","Inflame","Body Slam+1","Double Tap+1","Offering","Barricade+1","Iron Wave","Battle Trance","True Grit+1","Ghostly","Ghostly","Ghostly","Ghostly","Ghostly","Battle Trance","Shockwave+1","Metallicize","Ghostly Armor","Armaments+1","Disarm"],"relics":["Burning Blood","Art of War","Philosopher\u0027s Stone","Paper Frog","Regal Pillow","Fusion Hammer","Strawberry","Bottled Tornado"],"potions_floor_usage":[16,16],"damage_taken":[{"damage":3,"enemies":"Small Slimes","floor":1,"turns":4},{"damage":1,"enemies":"Jaw Worm","floor":5,"turns":3},{"damage":0,"enemies":"Cultist","floor":7,"turns":3},{"damage":13,"enemies":"Lots of Slimes","floor":8,"turns":5},{"damage":0,"enemies":"2 Fungi Beasts","floor":10,"turns":4},{"damage":2,"enemies":"Blue Slaver","floor":11,"turns":5},{"damage":7,"enemies":"Lots of Slimes","floor":14,"turns":6},{"damage":24,"enemies":"Slime Boss","floor":16,"turns":5},{"damage":11,"enemies":"2 Thieves","floor":18,"turns":2},{"damage":13,"enemies":"3 Byrds","floor":20,"turns":5},{"damage":14,"enemies":"Snecko","floor":22,"turns":8},{"damage":0,"enemies":"Snake Plant","floor":27,"turns":5},{"damage":3,"enemies":"Shelled Parasite and Fungi","floor":28,"turns":6},{"damage":3,"enemies":"Snecko","floor":29,"turns":6},{"damage":1,"enemies":"Collector","floor":33,"turns":7},{"damage":1,"enemies":"Orb Walker","floor":35,"turns":4},{"damage":6,"enemies":"3 Shapes","floor":38,"turns":6},{"damage":1,"enemies":"3 Darklings","floor":48,"turns":5},{"damage":6,"enemies":"Time Eater","floor":50,"turns":8}],"seed_played":"-7382824328449892571","potions_obtained":[{"floor":5,"key":"SteroidPotion"},{"floor":8,"key":"BloodPotion"},{"floor":10,"key":"AttackPotion"},{"floor":14,"key":"SkillPotion"},{"floor":16,"key":"Strength Potion"},{"floor":18,"key":"Weak Potion"},{"floor":27,"key":"Explosive Potion"}],"is_trial":false,"path_per_floor":["M","?","$","?","M","R","M","M","T","M","M","R","?","M","R","B",null,"M","?","M","?","M","R","?","$","T","M","M","M","R","?","R","B",null,"M","?","$","M","?","R","$","?","T","?","$","T","R","M","R","B",null],"character_chosen":"IRONCLAD","items_purchased":["Headbutt","Shrug It Off","Paper Frog","Disarm"],"campfire_rested":3,"item_purchase_floors":[3,3,25,45],"current_hp_per_floor":[88,88,88,88,88,88,88,81,81,87,88,88,77,76,76,58,88,83,83,76,76,68,68,44,44,44,44,44,44,44,44,44,44,44,44,44,44,44,44,44,44,44,51,51,51,51,51,51,51,51],"gold":95,"neow_bonus":"TEN_PERCENT_HP_BONUS","is_prod":false,"is_daily":false,"chose_seed":false,"campfire_upgraded":6,"win_rate":0,"timestamp":1551408838,"path_taken":["M","?","$","?","?","R","M","?","T","M","M","R","?","M","R","BOSS","M","?","?","?","M","R","?","$","T","M","?","M","R","?","R","BOSS","M","?","$","M","?","R","$","?","T","?","?","?","R","M","R","BOSS"],"build_version":"2019-01-23","purchased_purges":3,"victory":true,"max_hp_per_floor":[88,88,88,88,88,88,88,88,88,88,88,88,88,88,88,88,88,88,88,88,88,88,88,44,44,44,44,44,44,44,44,44,44,44,44,44,44,44,44,44,44,44,51,51,51,51,51,51,51,51],"card_choices":[{"not_picked":["Heavy Blade","Fire Breathing"],"picked":"Rampage","floor":1},{"not_picked":["Perfected Strike","Rupture"],"picked":"Metallicize","floor":5},{"not_picked":["Power Through","Sentinel"],"picked":"Inflame","floor":7},{"not_picked":["Sentinel","Wild Strike"],"picked":"Body Slam","floor":8},{"not_picked":["Anger","Sword Boomerang"],"picked":"Double Tap","floor":10},{"not_picked":["Sword Boomerang","Pommel Strike","Cleave"],"picked":"SKIP","floor":11},{"not_picked":["Fire Breathing","Cleave"],"picked":"Offering","floor":14},{"not_picked":["Reaper","Double Tap"],"picked":"Barricade","floor":16},{"not_picked":["Uppercut","Reckless Charge","Body Slam"],"picked":"SKIP","floor":18},{"not_picked":["Havoc","Ghostly Armor"],"picked":"Battle Trance","floor":20},{"not_picked":["Rage+1","Infernal Blade"],"picked":"True Grit","floor":22},{"not_picked":["Sever Soul+1","Thunderclap"],"picked":"Battle Trance","floor":27},{"not_picked":["Wild Strike","Perfected Strike+1"],"picked":"Shockwave","floor":28},{"not_picked":["Sword Boomerang+1","Heavy Blade","Double Tap"],"picked":"SKIP","floor":29},{"not_picked":["Infernal Blade+1","Anger+1"],"picked":"Ghostly Armor","floor":35},{"not_picked":["Sword Boomerang+1","Body Slam+1"],"picked":"Armaments+1","floor":38},{"not_picked":["Second Wind","Clothesline","Havoc+1"],"picked":"SKIP","floor":48}],"player_experience":506162,"relics_obtained":[{"floor":9,"key":"Art of War"},{"floor":26,"key":"Regal Pillow"},{"floor":43,"key":"Strawberry"},{"floor":46,"key":"Bottled Tornado"}],"event_choices":[{"damage_healed":0,"gold_gain":0,"player_choice":"Ignored","damage_taken":0,"max_hp_gain":0,"max_hp_loss":0,"event_name":"Liars Game","floor":2,"gold_loss":0},{"damage_healed":0,"gold_gain":0,"cards_transformed":["Strike_R"],"player_choice":"Transformed","damage_taken":0,"max_hp_gain":0,"max_hp_loss":0,"event_name":"Transmorgrifier","floor":4,"gold_loss":0,"cards_obtained":["Pummel"]},{"damage_healed":0,"gold_gain":75,"player_choice":"Gather Gold","damage_taken":11,"max_hp_gain":0,"max_hp_loss":0,"event_name":"World of Goop","floor":13,"gold_loss":0},{"damage_healed":0,"gold_gain":0,"cards_transformed":["Strike_R"],"player_choice":"Transformed","damage_taken":0,"max_hp_gain":0,"max_hp_loss":0,"event_name":"Transmorgrifier","floor":19,"gold_loss":0,"cards_obtained":["Iron Wave"]},{"cards_removed":["Strike_R"],"damage_healed":0,"gold_gain":0,"player_choice":"Elegance","damage_taken":0,"max_hp_gain":0,"max_hp_loss":0,"event_name":"Back to Basics","floor":21,"gold_loss":0},{"damage_healed":0,"gold_gain":0,"player_choice":"Became a Ghost","damage_taken":0,"max_hp_gain":0,"max_hp_loss":44,"event_name":"Ghosts","floor":24,"gold_loss":0,"cards_obtained":["Ghostly","Ghostly","Ghostly","Ghostly","Ghostly"]},{"damage_healed":0,"gold_gain":0,"player_choice":"Read","damage_taken":0,"max_hp_gain":0,"max_hp_loss":0,"event_name":"The Library","floor":31,"gold_loss":0,"cards_obtained":["Metallicize"]},{"damage_healed":0,"gold_gain":0,"player_choice":"Memory 1","damage_taken":0,"max_hp_gain":0,"max_hp_loss":0,"event_name":"SensoryStone","floor":36,"gold_loss":0},{"damage_healed":0,"gold_gain":0,"player_choice":"Ignored","damage_taken":0,"max_hp_gain":0,"max_hp_loss":0,"event_name":"Tomb of Lord Red Mask","floor":39,"gold_loss":0},{"cards_removed":["Defend_R"],"damage_healed":0,"gold_gain":0,"player_choice":"Removed Skill","damage_taken":0,"max_hp_gain":0,"max_hp_loss":0,"event_name":"Falling","floor":42,"gold_loss":0},{"damage_healed":0,"gold_gain":0,"player_choice":"Ignored","damage_taken":0,"max_hp_gain":0,"max_hp_loss":0,"event_name":"Mysterious Sphere","floor":44,"gold_loss":0}],"is_beta":false,"boss_relics":[{"not_picked":["Runic Dome","Busted Crown"],"picked":"Philosopher\u0027s Stone"},{"not_picked":["Black Star","Runic Cube"],"picked":"Fusion Hammer"}],"items_purged_floors":[25,37,41],"is_endless":false,"potions_floor_spawned":[5,8,10,14,16,18,27,29,33,35,38,48],"ascension_level":0}