{"path_per_floor":["M","?","M","?","?","R","M","M","T","?","$","?","R","M","R","B",null,"M","?","M","?","M","R","M","R","T","T","$","?","R","M","R","B",null,"M","M","M","?","$","R","?","R","T","R","M","T","T","M","R","B"],"character_chosen":"DEFECT","items_purchased":["Consume","Steam","Juzu Bracelet","Double Energy","Redo"],"gold_per_floor":[117,117,128,128,128,128,145,165,165,165,11,11,11,21,21,117,117,132,132,150,150,166,166,177,177,177,177,140,140,140,152,152,253,253,271,289,302,302,32,32,32,32,56,56,70,70,152,166,166,166],"floor_reached":51,"campfire_rested":3,"playtime":2037,"item_purchase_floors":[11,28,39,39,39],"current_hp_per_floor":[75,60,58,58,51,51,51,31,31,31,31,31,31,31,53,39,75,63,63,50,50,44,44,44,44,44,44,44,30,54,56,56,27,80,35,43,42,42,42,42,46,70,70,70,72,72,72,65,65,48],"items_purged":["Strike_B","Strike_B"],"gold":166,"score":994,"play_id":"1faac722-11a3-47d6-8ddf-d4f5dd02a324","local_time":"20180609142932","is_prod":false,"is_daily":false,"chose_seed":false,"is_ascension_mode":true,"campfire_upgraded":8,"win_rate":0,"timestamp":1528525772,"campfire_choices":[{"data":"Coolheaded","floor":6,"key":"SMITH"},{"data":"Consume","floor":13,"key":"SMITH"},{"floor":15,"key":"REST"},{"data":"Electrodynamics","floor":23,"key":"SMITH"},{"data":"Gash","floor":25,"key":"SMITH"},{"floor":30,"key":"REST"},{"data":"Steam","floor":32,"key":"SMITH"},{"data":"Echo Form","floor":40,"key":"SMITH"},{"floor":42,"key":"REST"},{"data":"Redo","floor":44,"key":"SMITH"},{"data":"Double Energy","floor":49,"key":"SMITH"}],"path_taken":["M","?","M","?","?","R","M","?","T","?","?","?","R","M","R","BOSS","M","?","M","?","?","R","M","R","T","?","$","?","R","M","R","BOSS","M","?","?","?","$","R","?","R","T","R","M","?","?","M","R","BOSS"],"build_version":"2018-06-07v3","seed_source_timestamp":73681420382608,"purchased_purges":2,"victory":true,"master_deck":["Strike_B+1","Defend_B","Defend_B","Zap+1","Clumsy","Gash+1","Coolheaded+1","Hologram","Consume+1","Electrodynamics+1","Rebound+1","Tempest+1","Reinforced Body+1","Gash+1","Steam+1","Thunder Strike","Echo Form+1","Double Energy+1","Redo+1","Redo+1"],"max_hp_per_floor":[75,75,75,75,75,75,75,75,75,75,75,75,75,75,75,75,75,75,75,75,75,75,75,75,75,75,75,75,80,80,80,80,80,80,80,80,80,80,80,80,80,80,80,80,80,80,80,80,80,80],"relics":["Cracked Core","Dead Branch","Toolbox","Orichalcum","Sozu","The Courier","Bird Faced Urn","Runic Pyramid","Juzu Bracelet","Torii","Bronze Scales","Bottled Tornado","Question Card"],"card_choices":[{"not_picked":["Ball Lightning","Streamline"],"picked":"Gash","floor":1},{"not_picked":["Conserve Battery","Creative AI"],"picked":"Coolheaded","floor":3},{"not_picked":["Hello World","Ball Lightning"],"picked":"Hologram","floor":7},{"not_picked":["Stack","Leap","Conserve Battery"],"picked":"SKIP","floor":8},{"not_picked":["Fusion","Conserve Battery","Force Field"],"picked":"SKIP","floor":14},{"not_picked":["Reboot","Rainbow"],"picked":"Electrodynamics","floor":16},{"not_picked":["Barrage+1","Turbo+1"],"picked":"Rebound+1","floor":18},{"not_picked":["Force Field","Barrage"],"picked":"Tempest+1","floor":20},{"not_picked":["Force Field+1","FTL"],"picked":"Reinforced Body+1","floor":22},{"not_picked":["Steam","Leap"],"picked":"Gash","floor":24},{"not_picked":["Reprogram+1","Conserve Battery+1"],"picked":"Thunder Strike","floor":31},{"not_picked":["Rainbow","Machine Learning"],"picked":"Echo Form","floor":33},{"not_picked":["Steam+1","Compile Driver","Beam Cell+1"],"picked":"SKIP","floor":35},{"not_picked":["Melter+1","Coolheaded+1","Go for the Eyes+1"],"picked":"SKIP","floor":36},{"not_picked":["Tempest","Turbo+1","Genetic Algorithm"],"picked":"SKIP","floor":37},{"not_picked":["Loop","White Noise"],"picked":"Redo+1","floor":41},{"not_picked":["Beam Cell+1","Rip and Tear+1","Streamline"],"picked":"SKIP","floor":45},{"not_picked":["Compile Driver","Stack","Blizzard","Scrape"],"picked":"SKIP","floor":48}],"player_experience":441527,"potions_floor_usage":[35,37,50],"damage_taken":[{"damage":0,"enemies":"Small Slimes","floor":1,"turns":3},{"damage":2,"enemies":"Jaw Worm","floor":3,"turns":3},{"damage":0,"enemies":"Cultist","floor":7,"turns":3},{"damage":20,"enemies":"3 Louse","floor":8,"turns":3},{"damage":0,"enemies":"Large Slime","floor":14,"turns":3},{"damage":14,"enemies":"Slime Boss","floor":16,"turns":10},{"damage":12,"enemies":"2 Thieves","floor":18,"turns":3},{"damage":13,"enemies":"Chosen","floor":20,"turns":4},{"damage":6,"enemies":"Sentry and Sphere","floor":22,"turns":4},{"damage":0,"enemies":"Snecko","floor":24,"turns":3},{"damage":0,"enemies":"Snake Plant","floor":31,"turns":2},{"damage":42,"enemies":"Champ","floor":33,"turns":13},{"damage":53,"enemies":"3 Darklings","floor":35,"turns":3},{"damage":0,"enemies":"3 Shapes","floor":36,"turns":4},{"damage":3,"enemies":"3 Darklings","floor":37,"turns":2},{"damage":0,"floor":41,"turns":5},{"damage":8,"enemies":"4 Shapes","floor":45,"turns":4},{"damage":13,"enemies":"Sphere and 2 Shapes","floor":48,"turns":3},{"damage":21,"enemies":"Donu and Deca","floor":50,"turns":3}],"relics_obtained":[{"floor":9,"key":"Toolbox"},{"floor":26,"key":"The Courier"},{"floor":27,"key":"Bird Faced Urn"},{"floor":41,"key":"Torii"},{"floor":43,"key":"Bronze Scales"},{"floor":46,"key":"Bottled Tornado"},{"floor":47,"key":"Question Card"}],"event_choices":[{"event_name":"Shining Light","player_choice":"Entered Light","floor":2,"damage_taken":0},{"event_name":"Upgrade Shrine","player_choice":"Upgraded","floor":4,"damage_taken":0},{"event_name":"Golden Wing","player_choice":"Card Removal","floor":5,"damage_taken":0},{"event_name":"The Lab","player_choice":"Got Potions","floor":10,"damage_taken":0},{"event_name":"Accursed Blacksmith","player_choice":"Rummage","floor":12,"damage_taken":0},{"event_name":"Bonfire Elementals","player_choice":"BASIC","floor":19,"damage_taken":0},{"event_name":"Back to Basics","player_choice":"Elegance","floor":21,"damage_taken":0},{"event_name":"Forgotten Altar","player_choice":"Shed Blood","floor":29,"damage_taken":0},{"event_name":"Falling","player_choice":"Removed Attack","floor":38,"damage_taken":0},{"event_name":"MindBloom","player_choice":"Fight","floor":41,"damage_taken":0}],"boss_relics":[{"not_picked":["Pandora\u0027s Box","Tiny House"],"picked":"Sozu"},{"not_picked":["Eternal Feather","Black Star"],"picked":"Runic Pyramid"}],"items_purged_floors":[11,39],"potions_floor_spawned":[8,14,16,22,31,33,35,45],"seed_played":"7994329611570957667","ascension_level":2,"potions_obtained":[{"floor":8,"key":"Regen Potion"},{"floor":10,"key":"Fire Potion"},{"floor":10,"key":"PowerPotion"}],"is_trial":false}