{"path_per_floor":["M","?","?","?","M","R","$","?","T","R","$","R","E","M","R","B",null,"M","?","M","?","?","E","M","R","T","?","?","M","?","M","R"],"character_chosen":"DEFECT","items_purchased":["Loop"],"gold_per_floor":[115,190,140,140,151,151,75,75,152,152,77,77,104,116,116,218,218,231,181,200,200,200,226,241,241,241,241,166,177,177,190,190,190],"floor_reached":33,"campfire_rested":1,"playtime":1198,"item_purchase_floors":[7],"current_hp_per_floor":[63,52,52,45,48,48,48,41,41,41,41,41,48,48,48,45,75,74,74,65,65,49,40,47,47,47,47,47,45,45,38,60,0],"items_purged":["Defend_B"],"gold":190,"score":287,"play_id":"3dc21b0f-a4da-44e4-ac97-c1f4dcad5148","local_time":"20180527161352","is_prod":false,"is_daily":false,"chose_seed":false,"is_ascension_mode":true,"campfire_upgraded":5,"win_rate":0,"timestamp":1527408832,"campfire_choices":[{"data":"Redo","floor":6,"key":"SMITH"},{"data":"Zap","floor":10,"key":"SMITH"},{"data":"Go for the Eyes","floor":12,"key":"SMITH"},{"data":"Hologram","floor":15,"key":"SMITH"},{"data":"White Noise","floor":25,"key":"SMITH"},{"floor":32,"key":"REST"}],"path_taken":["M","?","?","?","?","R","$","?","T","R","?","R","E","M","R","BOSS","M","?","?","?","?","E","M","R","T","?","?","M","?","M","R","BOSS"],"build_version":"2018-05-25","seed_source_timestamp":107237262903617,"purchased_purges":1,"victory":false,"master_deck":["Strike_B","Strike_B","Defend_B","Defend_B","Zap+1","Go for the Eyes+1","Redo+1","Loop+1","Hologram+1","Ball Lightning","Multi-Cast","Glacier+1","White Noise+1","Streamline"],"max_hp_per_floor":[75,75,75,75,75,75,75,75,75,75,75,75,75,75,75,75,75,75,75,75,75,75,75,75,75,75,75,75,75,75,75,75,75],"relics":["Cracked Core","Bronze Scales","Meat on the Bone","Mercury Hourglass","Anchor","Runic Pyramid","Nilry\u0027s Codex","Symbiotic Virus","Juzu Bracelet"],"card_choices":[{"not_picked":["Stack","Reprogram"],"picked":"Go for the Eyes","floor":1},{"not_picked":["Stack","Sunder"],"picked":"Redo","floor":5},{"not_picked":["Genetic Algorithm","Capacitor"],"picked":"Hologram","floor":13},{"not_picked":["Genetic Algorithm","Rebound"],"picked":"Ball Lightning","floor":14},{"not_picked":["Hyperbeam","Fission"],"picked":"Multi-Cast","floor":16},{"not_picked":["Force Field","Loop"],"picked":"Glacier+1","floor":18},{"not_picked":["Steam","Go for the Eyes","Barrage"],"picked":"SKIP","floor":20},{"not_picked":["Compile Driver+1","Capacitor"],"picked":"White Noise","floor":23},{"not_picked":["Hologram","Skim","Reinforced Body"],"picked":"SKIP","floor":24},{"not_picked":["Turbo","Sweeping Beam","Steam"],"picked":"SKIP","floor":29},{"not_picked":["Force Field+1","All For One"],"picked":"Streamline","floor":31}],"player_experience":51169,"potions_floor_usage":[23],"damage_taken":[{"damage":12,"enemies":"Small Slimes","floor":1,"turns":2},{"damage":9,"enemies":"Jaw Worm","floor":5,"turns":3},{"damage":5,"enemies":"Gremlin Nob","floor":13,"turns":3},{"damage":0,"enemies":"2 Louse","floor":14,"turns":2},{"damage":15,"enemies":"The Guardian","floor":16,"turns":8},{"damage":1,"enemies":"Chosen","floor":18,"turns":4},{"damage":9,"enemies":"Shell Parasite","floor":20,"turns":4},{"damage":9,"enemies":"Slavers","floor":23,"turns":6},{"damage":5,"enemies":"Centurion and Healer","floor":24,"turns":6},{"damage":2,"enemies":"Snake Plant","floor":29,"turns":3},{"damage":7,"enemies":"Snecko","floor":31,"turns":6},{"damage":62,"enemies":"Automaton","floor":33,"turns":10}],"relics_obtained":[{"floor":9,"key":"Mercury Hourglass"},{"floor":13,"key":"Anchor"},{"floor":22,"key":"Nilry\u0027s Codex"},{"floor":23,"key":"Symbiotic Virus"},{"floor":26,"key":"Juzu Bracelet"}],"event_choices":[{"event_name":"World of Goop","player_choice":"Gather Gold","floor":2,"damage_taken":0},{"event_name":"The Cleric","player_choice":"Card Removal","floor":3,"damage_taken":0},{"event_name":"Scrap Ooze","player_choice":"success","floor":4,"damage_taken":7},{"event_name":"Golden Wing","player_choice":"Card Removal","floor":8,"damage_taken":0},{"event_name":"The Joust","player_choice":"Bet on Murderer","floor":19,"damage_taken":0},{"event_name":"Back to Basics","player_choice":"Elegance","floor":21,"damage_taken":0},{"event_name":"Cursed Tome","player_choice":"Obtained Book","floor":22,"damage_taken":0},{"event_name":"Ghosts","player_choice":"Ignored","floor":27,"damage_taken":0},{"event_name":"Beggar","player_choice":"Gave Gold","floor":28,"damage_taken":0},{"event_name":"Accursed Blacksmith","player_choice":"Forge","floor":30,"damage_taken":0}],"boss_relics":[{"not_picked":["Lizard Tail","Philosopher\u0027s Stone"],"picked":"Runic Pyramid"}],"items_purged_floors":[11],"potions_floor_spawned":[1,18,20,29],"seed_played":"-8336047124863907209","killed_by":"Automaton","ascension_level":2,"potions_obtained":[{"floor":1,"key":"Explosive Potion"},{"floor":18,"key":"Ancient Potion"},{"floor":20,"key":"AttackPotion"},{"floor":29,"key":"Poison Potion"}],"is_trial":false}