{"path_per_floor":["M","?","M","M","T","R","E","?","T","R","?","M","?","$","R","B",null,"M","M","?","T","M","?","?","M","T","?","M","M","$","E","R"],"character_chosen":"DEFECT","items_purchased":["Ball Lightning"],"gold_per_floor":[111,61,73,87,87,87,121,121,121,121,121,131,131,3,3,105,105,116,130,130,130,146,146,69,82,159,159,177,187,87,119,119,119],"floor_reached":33,"campfire_rested":1,"playtime":1065,"current_hp_per_floor":[73,73,63,62,62,62,48,48,48,48,73,71,59,59,59,46,75,70,70,70,70,61,61,61,46,46,37,32,27,27,20,31,0],"items_purged":["Defend_B","Defend_B"],"gold":119,"score":290,"play_id":"2cb9cfc3-cc97-47de-8572-4b279fb3b14a","local_time":"20180505163006","is_prod":false,"is_daily":false,"chose_seed":false,"is_ascension_mode":false,"campfire_upgraded":3,"timestamp":1525509006,"path_taken":["M","?","M","M","?","R","E","?","T","R","?","?","?","?","R","BOSS","M","M","?","?","M","?","?","M","T","?","M","M","$","E","R","BOSS"],"build_version":"2018-05-03","seed_source_timestamp":2286582592584,"purchased_purges":2,"victory":false,"master_deck":["Strike_B","Strike_B","Strike_B","Defend_B","Defend_B","Zap+1","Dualcast","Streamline+1","Rip and Tear+1","Go for the Eyes+1","Reinforced Body","Ball Lightning","Thunder Strike","Gash","Go for the Eyes","Ball Lightning","J.A.X.","Static Discharge","Ghostly","Ghostly","Ghostly","Ghostly","Ghostly","White Noise"],"max_hp_per_floor":[75,75,75,75,75,75,75,75,75,75,75,75,75,75,75,75,75,75,75,75,75,75,75,75,75,75,37,37,37,37,37,37,37],"relics":["Cracked Core","Meat on the Bone","Unceasing Top","Question Card","Kunai","Nloth\u0027s Gift","Blood Vial","Shuriken","Bottled Lightning","Bag of Preparation"],"card_choices":[{"not_picked":["Capacitor","Aggregate"],"picked":"Streamline","floor":1},{"not_picked":["Barrage","Turbo"],"picked":"Rip and Tear","floor":3},{"not_picked":["Stack","Sweeping Beam"],"picked":"Go for the Eyes","floor":4},{"not_picked":["Streamline","Sweeping Beam","Go for the Eyes"],"picked":"Reinforced Body","floor":12},{"not_picked":["Seek","Meteor Strike","Nova"],"picked":"Thunder Strike","floor":16},{"not_picked":["Blizzard","Hologram","Stack"],"picked":"Gash","floor":18},{"not_picked":["Hello World","Darkness","Glacier"],"picked":"Go for the Eyes","floor":19},{"not_picked":["Capacitor","Fission","Reinforced Body"],"picked":"Ball Lightning","floor":22},{"not_picked":["Conserve Battery","FTL","White Noise"],"picked":"Static Discharge","floor":25},{"not_picked":["Beam Cell","Leap","Ball Lightning"],"picked":"White Noise","floor":31}],"player_experience":28590,"potions_floor_usage":[25],"damage_taken":[{"damage":2,"enemies":"2 Louse","floor":1,"turns":3},{"damage":10,"enemies":"Small Slimes","floor":3,"turns":2},{"damage":1,"enemies":"Jaw Worm","floor":4,"turns":2},{"damage":26,"enemies":"Lagavulin","floor":7,"turns":5},{"damage":2,"enemies":"2 Fungi Beasts","floor":12,"turns":2},{"damage":25,"enemies":"Hexaghost","floor":16,"turns":8},{"damage":5,"enemies":"Shell Parasite","floor":18,"turns":4},{"damage":0,"enemies":"Chosen","floor":19,"turns":3},{"damage":11,"enemies":"Snecko","floor":22,"turns":6},{"damage":17,"enemies":"Cultist and Chosen","floor":25,"turns":4},{"damage":5,"enemies":"Sentry and Sphere","floor":28,"turns":5},{"damage":7,"enemies":"Chosen and Byrds","floor":29,"turns":7},{"damage":9,"enemies":"Slavers","floor":31,"turns":6},{"damage":45,"enemies":"Champ","floor":33,"turns":9}],"event_choices":[{"event_name":"The Cleric","player_choice":"Card Removal","floor":2,"damage_taken":0},{"event_name":"Accursed Blacksmith","player_choice":"Forge","floor":8,"damage_taken":0},{"event_name":"Big Fish","player_choice":"Banana","floor":11,"damage_taken":0},{"event_name":"Scrap Ooze","player_choice":"success","floor":13,"damage_taken":12},{"event_name":"N\u0027loth","player_choice":"Traded a Nuclear Battery","floor":20,"damage_taken":0},{"event_name":"The Mausoleum","player_choice":"Yes","floor":23,"damage_taken":0},{"event_name":"Drug Dealer","player_choice":"Got JAXXED","floor":24,"damage_taken":0},{"event_name":"Ghosts","player_choice":"Became a Ghost","floor":27,"damage_taken":0}],"boss_relics":[{"not_picked":["Velvet Choker","Lizard Tail"],"picked":"Nuclear Battery"}],"potions_floor_spawned":[4,16,29],"seed_played":"-4951855124107971100","killed_by":"Champ","ascension_level":0,"is_trial":false}