{"gold_per_floor":[117,67,81,91,91,126,126,152,152,162,190,210,239,269,281,398,410,442,236,248,267,280,280,307,307,334,367,292,292,302,41,41,138,138,152,152,152,162,181,181,212,212,212,212,212,244,244,297,297,297],"floor_reached":51,"playtime":5702,"items_purged":["Defend_B"],"score":850,"play_id":"fc277f0f-40a0-421e-b8ba-2ccb617e672d","local_time":"20181030010417","is_ascension_mode":true,"campfire_choices":[{"data":"Undo","floor":7,"key":"SMITH"},{"floor":15,"key":"REST"},{"floor":23,"key":"REST"},{"floor":25,"key":"REST"},{"data":"Electrodynamics","floor":29,"key":"SMITH"},{"floor":32,"key":"REST"},{"data":"Electrodynamics","floor":40,"key":"SMITH"},{"data":"Defragment","floor":42,"key":"SMITH"},{"data":"Consume","floor":45,"key":"SMITH"},{"data":"Go for the Eyes","floor":47,"key":"SMITH"},{"data":"Machine Learning","floor":49,"key":"SMITH"}],"neow_cost":"NONE","seed_source_timestamp":65621236480734,"circlet_count":0,"master_deck":["Strike_B","Zap+1","Dualcast+1","Conserve Battery","Go for the Eyes+1","Undo+1","Cold Snap","Glacier","Electrodynamics+1","BootSequence","Machine Learning+1","Melter+1","Barrage+1","Sunder+1","Chill+1","Consume+1","Defragment+1","Capacitor","Defragment+1","Electrodynamics+1","Hyperbeam","Steam+1"],"relics":["Cracked Core","NeowsBlessing","Bronze Scales","Shuriken","Centennial Puzzle","Omamori","MawBank","Astrolabe","Happy Flower","Lantern","Dream Catcher","Pen Nib","Mummified Hand","Busted Crown","Strawberry","Molten Egg 2","War Paint","Blood Vial"],"potions_floor_usage":[6,8,11,13,18,24,27,41,50],"damage_taken":[{"damage":0,"enemies":"Small Slimes","floor":1,"turns":1},{"damage":0,"enemies":"2 Louse","floor":3,"turns":1},{"damage":0,"enemies":"Cultist","floor":4,"turns":1},{"damage":25,"enemies":"Gremlin Nob","floor":6,"turns":4},{"damage":4,"enemies":"Lagavulin","floor":8,"turns":6},{"damage":1,"enemies":"Blue Slaver","floor":10,"turns":4},{"damage":7,"enemies":"3 Sentries","floor":11,"turns":7},{"damage":0,"enemies":"Exordium Wildlife","floor":12,"turns":3},{"damage":0,"enemies":"Lagavulin","floor":13,"turns":8},{"damage":3,"enemies":"Lots of Slimes","floor":14,"turns":2},{"damage":48,"enemies":"The Guardian","floor":16,"turns":14},{"damage":8,"enemies":"Shell Parasite","floor":18,"turns":3},{"damage":5,"enemies":"2 Thieves","floor":20,"turns":2},{"damage":8,"enemies":"Snake Plant","floor":21,"turns":3},{"damage":12,"enemies":"Chosen and Byrds","floor":22,"turns":4},{"damage":18,"enemies":"Slavers","floor":24,"turns":4},{"damage":12,"enemies":"Book of Stabbing","floor":27,"turns":5},{"damage":12,"enemies":"Cultist and Chosen","floor":30,"turns":5},{"damage":15,"enemies":"Automaton","floor":33,"turns":8},{"damage":6,"enemies":"3 Darklings","floor":35,"turns":3},{"damage":0,"enemies":"3 Shapes","floor":38,"turns":2},{"damage":0,"enemies":"Jaw Worm Horde","floor":39,"turns":3},{"damage":5,"enemies":"Reptomancer","floor":41,"turns":4},{"damage":0,"enemies":"Giant Head","floor":46,"turns":10},{"damage":6,"enemies":"Donu and Deca","floor":50,"turns":6}],"seed_played":"-2103640585822732801","potions_obtained":[{"floor":4,"key":"SteroidPotion"},{"floor":6,"key":"SpeedPotion"},{"floor":10,"key":"Explosive Potion"},{"floor":11,"key":"EssenceOfSteel"},{"floor":16,"key":"Weak Potion"},{"floor":20,"key":"GamblersBrew"},{"floor":22,"key":"Energy Potion"},{"floor":27,"key":"FairyPotion"},{"floor":30,"key":"SteroidPotion"},{"floor":35,"key":"SkillPotion"},{"floor":36,"key":"Swift Potion"}],"is_trial":false,"path_per_floor":["M","?","M","M","?","E","R","E","T","M","E","M","E","M","R","B",null,"M","$","M","M","M","R","E","R","T","E","?","R","M","$","R","B",null,"M","?","?","M","M","R","E","R","T","$","R","E","R","T","R","B"],"character_chosen":"DEFECT","items_purchased":["Happy Flower","Mummified Hand"],"campfire_rested":4,"item_purchase_floors":[19,31],"current_hp_per_floor":[75,75,75,75,75,50,50,46,46,45,38,38,38,35,57,9,75,67,67,62,54,42,64,46,68,68,56,56,56,44,44,66,51,75,69,69,69,69,69,69,71,71,71,71,71,71,71,71,71,67],"gold":297,"neow_bonus":"THREE_ENEMY_KILL","is_prod":false,"is_daily":false,"chose_seed":false,"campfire_upgraded":7,"win_rate":0,"timestamp":1540886657,"path_taken":["M","?","M","M","?","E","R","E","T","?","E","M","E","M","R","BOSS","M","$","M","M","M","R","E","R","T","E","?","R","M","?","R","BOSS","M","?","?","M","M","R","E","R","T","$","R","E","R","?","R","BOSS"],"build_version":"2018-10-25v2","purchased_purges":1,"victory":true,"max_hp_per_floor":[75,75,75,75,75,75,75,75,75,75,75,75,75,75,75,75,75,75,75,75,75,75,75,75,75,75,75,75,75,75,75,75,75,75,75,75,75,75,75,75,82,82,82,82,82,82,82,82,82,82],"card_choices":[{"not_picked":["Doom and Gloom","Beam Cell"],"picked":"Conserve Battery","floor":1},{"not_picked":["Capacitor","Sweeping Beam"],"picked":"Go for the Eyes","floor":3},{"not_picked":["Barrage","Beam Cell"],"picked":"Undo","floor":4},{"not_picked":["Steam Power","Gash"],"picked":"Cold Snap","floor":6},{"not_picked":["Rebound","Melter"],"picked":"Glacier","floor":8},{"not_picked":["Rebound","Aggregate","Beam Cell"],"picked":"SKIP","floor":10},{"not_picked":["Genetic Algorithm","Reprogram"],"picked":"Electrodynamics","floor":11},{"not_picked":["Sweeping Beam","Leap"],"picked":"BootSequence","floor":12},{"not_picked":["Beam Cell","Recycle","Scrape"],"picked":"SKIP","floor":13},{"not_picked":["Melter","Beam Cell","Streamline"],"picked":"SKIP","floor":14},{"not_picked":["Meteor Strike","Biased Cognition"],"picked":"Machine Learning","floor":16},{"not_picked":["Doom and Gloom","Reinforced Body"],"picked":"Chill+1","floor":18},{"not_picked":["Go for the Eyes","Auto Shields"],"picked":"Consume","floor":20},{"not_picked":["Barrage","Turbo","Beam Cell"],"picked":"SKIP","floor":21},{"not_picked":["Stack","Compile Driver","Streamline+1"],"picked":"SKIP","floor":22},{"not_picked":["Heatsinks+1","Lockon","Force Field"],"picked":"SKIP","floor":24},{"not_picked":["Sweeping Beam","Capacitor+1"],"picked":"Defragment+1","floor":27},{"not_picked":["Streamline","Barrage"],"picked":"Capacitor","floor":30},{"not_picked":["Melter","BootSequence+1"],"picked":"Defragment","floor":32},{"not_picked":["Meteor Strike","Core Surge"],"picked":"Electrodynamics","floor":33},{"not_picked":["Compile Driver+1"],"picked":"SKIP","floor":35},{"not_picked":["Ball Lightning"],"picked":"SKIP","floor":38},{"not_picked":[],"picked":"Steam+1","floor":39},{"not_picked":["Rebound+1"],"picked":"SKIP","floor":41},{"not_picked":["Gash+1"],"picked":"SKIP","floor":46}],"player_experience":147128,"relics_obtained":[{"floor":6,"key":"Bronze Scales"},{"floor":8,"key":"Shuriken"},{"floor":9,"key":"Centennial Puzzle"},{"floor":11,"key":"Omamori"},{"floor":13,"key":"MawBank"},{"floor":24,"key":"Lantern"},{"floor":26,"key":"Dream Catcher"},{"floor":27,"key":"Pen Nib"},{"floor":41,"key":"Strawberry"},{"floor":43,"key":"Molten Egg 2"},{"floor":46,"key":"War Paint"},{"floor":48,"key":"Blood Vial"}],"event_choices":[{"cards_removed":["Defend_B"],"damage_healed":0,"gold_gain":0,"player_choice":"Card Removal","damage_taken":0,"max_hp_gain":0,"max_hp_loss":0,"event_name":"The Cleric","floor":2,"gold_loss":50},{"damage_healed":0,"gold_gain":0,"player_choice":"Ignored","damage_taken":0,"max_hp_gain":0,"max_hp_loss":0,"event_name":"Liars Game","floor":5,"gold_loss":0},{"cards_removed":["Strike_B"],"damage_healed":0,"gold_gain":0,"player_choice":"Gave Gold","damage_taken":0,"max_hp_gain":0,"max_hp_loss":0,"event_name":"Beggar","floor":28,"gold_loss":75},{"damage_healed":0,"gold_gain":0,"player_choice":"Got Potions","damage_taken":0,"max_hp_gain":0,"max_hp_loss":0,"event_name":"The Lab","floor":36,"gold_loss":0},{"damage_healed":0,"gold_gain":0,"cards_transformed":["Strike_B"],"player_choice":"Transformed","damage_taken":0,"max_hp_gain":0,"max_hp_loss":0,"event_name":"Transmorgrifier","floor":37,"gold_loss":0,"cards_obtained":["Hyperbeam"]}],"is_beta":false,"boss_relics":[{"not_picked":["Snecko Eye","Orrery"],"picked":"Astrolabe"},{"not_picked":["Runic Dome","Philosopher\u0027s Stone"],"picked":"Busted Crown"}],"items_purged_floors":[19],"is_endless":false,"potions_floor_spawned":[4,6,10,11,16,20,22,27,30,35,38,39],"ascension_level":2}