{"gold_per_floor":[117,117,134,209,9,9,43,8,8,8,40,40,65,76,76,152,152,138,53,53,70,70],"floor_reached":22,"playtime":981,"items_purged":[],"score":350,"play_id":"4224b35e-be1f-433d-88a6-ea0d4be31505","local_time":"20190228232439","is_ascension_mode":true,"campfire_choices":[{"data":"Armaments","floor":6,"key":"SMITH"},{"data":"Barricade","floor":15,"key":"SMITH"}],"neow_cost":"PERCENT_DAMAGE","seed_source_timestamp":580585514036889,"circlet_count":0,"master_deck":["AscendersBane","Strike_R","Strike_R","Strike_R","Strike_R","Defend_R+1","Defend_R","Defend_R+1","Defend_R","Bash","Evolve","Twin Strike","Armaments+1","Iron Wave","Barricade+1","Second Wind","Dark Embrace","Infernal Blade","Wild Strike","Corruption","Wild Strike"],"relics":["Burning Blood","StoneCalendar","Vajra","Matryoshka","Art of War","Gremlin Horn","Charon\u0027s Ashes","War Paint","Meat on the Bone","Darkstone Periapt","Cursed Key"],"potions_floor_usage":[7,13,16],"damage_taken":[{"damage":2,"enemies":"2 Louse","floor":1,"turns":4},{"damage":11,"enemies":"Jaw Worm","floor":3,"turns":5},{"damage":16,"enemies":"Gremlin Nob","floor":7,"turns":4},{"damage":30,"enemies":"Lagavulin","floor":11,"turns":7},{"damage":17,"enemies":"3 Sentries","floor":13,"turns":7},{"damage":0,"enemies":"Cultist","floor":14,"turns":3},{"damage":32,"enemies":"Hexaghost","floor":16,"turns":11},{"damage":17,"enemies":"2 Thieves","floor":18,"turns":4},{"damage":35,"enemies":"Shell Parasite","floor":21,"turns":7},{"damage":41,"enemies":"Snake Plant","floor":22,"turns":4}],"seed_played":"-3447741087104062056","potions_obtained":[{"floor":1,"key":"EssenceOfSteel"},{"floor":3,"key":"Explosive Potion"},{"floor":14,"key":"Dexterity Potion"},{"floor":21,"key":"Fire Potion"}],"is_trial":false,"path_per_floor":["M","?","M","?","$","R","E","?","T","$","E","T","E","M","R","B",null,"M","$","?","M","M"],"character_chosen":"IRONCLAD","items_purchased":["Armaments","Vajra","Wild Strike","Corruption"],"campfire_rested":0,"item_purchase_floors":[5,5,19,19],"current_hp_per_floor":[54,75,70,59,59,59,49,67,67,67,43,43,44,50,50,36,65,54,54,54,37,0],"gold":70,"neow_bonus":"ONE_RARE_RELIC","is_prod":false,"is_daily":false,"chose_seed":false,"campfire_upgraded":2,"win_rate":0,"timestamp":1551363879,"path_taken":["M","?","M","?","$","R","E","?","T","?","E","?","E","M","R","BOSS","M","$","?","M","M"],"build_version":"2019-01-23","purchased_purges":0,"victory":false,"max_hp_per_floor":[75,75,75,75,75,75,75,75,75,75,75,75,75,75,75,75,75,75,75,75,75,75],"card_choices":[{"not_picked":["Dual Wield","Wild Strike"],"picked":"Evolve","floor":1},{"not_picked":["Cleave","Wild Strike"],"picked":"Twin Strike","floor":3},{"not_picked":["Perfected Strike","Body Slam"],"picked":"Iron Wave","floor":7},{"not_picked":["Flex","Entrench"],"picked":"Barricade","floor":11},{"not_picked":["Flex","Corruption","Perfected Strike"],"picked":"SKIP","floor":13},{"not_picked":["Power Through","Shrug It Off"],"picked":"Second Wind","floor":14},{"not_picked":["Demon Form","Immolate"],"picked":"Dark Embrace","floor":16},{"not_picked":["Sword Boomerang","Thunderclap"],"picked":"Infernal Blade","floor":18},{"not_picked":["Armaments","Evolve"],"picked":"Wild Strike","floor":21}],"player_experience":135733,"relics_obtained":[{"floor":7,"key":"Matryoshka"},{"floor":9,"key":"Art of War"},{"floor":9,"key":"Gremlin Horn"},{"floor":11,"key":"Charon\u0027s Ashes"},{"floor":12,"key":"War Paint"},{"floor":12,"key":"Meat on the Bone"},{"floor":13,"key":"Darkstone Periapt"}],"event_choices":[{"damage_healed":25,"gold_gain":0,"player_choice":"Banana","damage_taken":0,"max_hp_gain":0,"max_hp_loss":0,"event_name":"Big Fish","floor":2,"gold_loss":0},{"damage_healed":0,"gold_gain":75,"player_choice":"Gather Gold","damage_taken":11,"max_hp_gain":0,"max_hp_loss":0,"event_name":"World of Goop","floor":4,"gold_loss":0},{"damage_healed":18,"gold_gain":0,"player_choice":"Healed","damage_taken":0,"max_hp_gain":0,"max_hp_loss":0,"event_name":"The Cleric","floor":8,"gold_loss":35},{"cards_removed":["Strike_R"],"damage_healed":0,"gold_gain":0,"player_choice":"Offered Basic","damage_taken":0,"max_hp_gain":0,"max_hp_loss":0,"event_name":"Bonfire Elementals","floor":20,"gold_loss":0}],"is_beta":false,"boss_relics":[{"not_picked":["Lizard Tail","Black Star"],"picked":"Cursed Key"}],"items_purged_floors":[],"is_endless":false,"potions_floor_spawned":[1,3,14,21],"killed_by":"Snake Plant","ascension_level":15}