{"gold_per_floor":[113,123,123,48,63,90,110,120,120,20,20],"floor_reached":11,"playtime":664,"items_purged":["Strike_B","Strike_B"],"score":75,"play_id":"b887bebd-03ce-429b-bed3-1a9dba2d133a","local_time":"20181112185812","is_ascension_mode":false,"campfire_choices":[],"neow_cost":"NONE","seed_source_timestamp":2921581618794005,"circlet_count":0,"master_deck":["Strike_B","Strike_B","Defend_B","Defend_B","Defend_B","Defend_B","Zap","Cold Snap","Reinforced Body"],"relics":["Cracked Core","Strawberry","Shuriken"],"potions_floor_usage":[],"damage_taken":[{"damage":15,"enemies":"Jaw Worm","floor":1,"turns":4},{"damage":3,"enemies":"Cultist","floor":2,"turns":5},{"damage":0,"enemies":"2 Louse","floor":5,"turns":5},{"damage":36,"enemies":"Lagavulin","floor":6,"turns":9},{"damage":3,"enemies":"Looter","floor":7,"turns":4},{"damage":0,"enemies":"Exordium Wildlife","floor":8,"turns":5},{"damage":21,"enemies":"Gremlin Nob","floor":11,"turns":3}],"seed_played":"-5317311557257571392","potions_obtained":[{"floor":2,"key":"EssenceOfSteel"},{"floor":7,"key":"LiquidBronze"},{"floor":8,"key":"Explosive Potion"}],"is_trial":false,"path_per_floor":["M","M","?","$","M","E","M","M","T","$","E"],"character_chosen":"DEFECT","items_purchased":[],"campfire_rested":0,"item_purchase_floors":[],"current_hp_per_floor":[60,57,50,50,50,21,18,18,18,18,0],"gold":20,"neow_bonus":"TRANSFORM_CARD","is_prod":false,"is_daily":false,"chose_seed":false,"campfire_upgraded":0,"win_rate":0.0,"timestamp":1542070692,"path_taken":["M","M","?","?","M","E","M","?","T","$","E"],"build_version":"2018-11-08","purchased_purges":2,"victory":false,"max_hp_per_floor":[75,75,75,75,75,82,82,82,82,82,82],"card_choices":[{"not_picked":["Compile Driver","Gash","Storm"],"picked":"SKIP","floor":1},{"not_picked":["Redo","Conserve Battery","Doom and Gloom"],"picked":"SKIP","floor":2},{"not_picked":["Go for the Eyes","Redo","Sweeping Beam"],"picked":"SKIP","floor":5},{"not_picked":["Self Repair","Heatsinks"],"picked":"Cold Snap","floor":6},{"not_picked":["Go for the Eyes","Genetic Algorithm"],"picked":"Reinforced Body","floor":7},{"not_picked":["Conserve Battery","Scrape","Steam"],"picked":"SKIP","floor":8}],"player_experience":158612,"relics_obtained":[{"floor":6,"key":"Strawberry"},{"floor":9,"key":"Shuriken"}],"event_choices":[{"cards_removed":["Fission"],"damage_healed":0,"gold_gain":0,"player_choice":"Card Removal","damage_taken":7,"max_hp_gain":0,"max_hp_loss":0,"event_name":"Golden Wing","floor":3,"gold_loss":0}],"is_beta":false,"boss_relics":[],"items_purged_floors":[4,10],"is_endless":false,"potions_floor_spawned":[2,7,8],"killed_by":"Gremlin Nob","ascension_level":0}