{"gold_per_floor":[363,378,388,353,26,51,51,86,86,112,124,36,6],"floor_reached":13,"playtime":856,"items_purged":["Regret"],"score":136,"play_id":"0e7b8c82-5423-4f44-aa22-cda2942e2292","local_time":"20190225160835","is_ascension_mode":true,"campfire_choices":[{"data":"Zap","floor":7.0,"key":"SMITH"},{"data":"Dualcast","floor":11,"key":"SMITH"}],"neow_cost":"CURSE","seed_source_timestamp":917396809448860,"circlet_count":0,"master_deck":["Strike_B","Strike_B","Strike_B","Strike_B","Defend_B","Defend_B","Defend_B","Defend_B","Zap+1","Dualcast+1","Gash","Cold Snap","Gash","Scrape","Coolheaded","Finesse","Skim","Seek","Reinforced Body","Beam Cell","Hologram"],"special_seed":0,"relics":["Cracked Core","Kunai","Blood Vial","Question Card","MawBank"],"potions_floor_usage":[8],"damage_taken":[{"damage":7.0,"enemies":"Small Slimes","floor":1.0,"turns":3.0},{"damage":15.0,"enemies":"Jaw Worm","floor":2.0,"turns":4.0},{"damage":3.0,"enemies":"2 Louse","floor":3.0,"turns":2.0},{"damage":8.0,"enemies":"Lagavulin","floor":6.0,"turns":7.0},{"damage":15,"enemies":"3 Sentries","floor":8,"turns":6},{"damage":30,"enemies":"Gremlin Nob","floor":10,"turns":4},{"damage":19,"enemies":"Exordium Thugs","floor":13,"turns":2}],"seed_played":"8649181098918631708","potions_obtained":[{"floor":3.0,"key":"Block Potion"}],"is_trial":false,"path_per_floor":["M","M","M","?","$","E","R","E","T","E","R","$","M"],"character_chosen":"DEFECT","items_purchased":["Scrape","Coolheaded","Finesse","SkillPotion","Beam Cell","Hologram"],"campfire_rested":0,"item_purchase_floors":[5,5,5,5,12,12],"current_hp_per_floor":[61,46,43,61,61,53,53,38,38,10,10,10,0],"gold":6,"neow_bonus":"TWO_FIFTY_GOLD","is_prod":false,"is_daily":false,"chose_seed":false,"campfire_upgraded":2,"win_rate":0,"timestamp":1551139715,"path_taken":["M","M","M","?","$","E","R","E","T","E","R","$","M"],"build_version":"2019-01-23","purchased_purges":1,"victory":false,"max_hp_per_floor":[75,75,75,75,75,75,75,75,75,75,75,75,75],"card_choices":[{"not_picked":["Turbo","Fusion"],"picked":"Gash","floor":1.0},{"not_picked":["Leap","Sweeping Beam"],"picked":"Cold Snap","floor":2.0},{"not_picked":["Coolheaded","Leap"],"picked":"Gash","floor":3.0},{"not_picked":["Heatsinks","Sweeping Beam"],"picked":"Skim","floor":6.0},{"not_picked":["Doom and Gloom","Consume"],"picked":"Seek","floor":8},{"not_picked":["Sweeping Beam","Ball Lightning","Barrage"],"picked":"Reinforced Body","floor":10}],"player_experience":485779,"relics_obtained":[{"floor":6.0,"key":"Kunai"},{"floor":8,"key":"Blood Vial"},{"floor":9,"key":"Question Card"},{"floor":10,"key":"MawBank"}],"event_choices":[{"damage_healed":18.0,"max_hp_gain":0.0,"max_hp_loss":0.0,"gold_gain":0.0,"event_name":"The Cleric","player_choice":"Healed","floor":4.0,"gold_loss":35.0,"damage_taken":0.0}],"is_beta":false,"boss_relics":[],"items_purged_floors":[5],"is_endless":false,"potions_floor_spawned":[3],"killed_by":"Exordium Thugs","ascension_level":7}