{"gold_per_floor":[111,130,130,145,161,193,193,48,48,67,100,122,135,135,135,233,233,248,264,264,364,83,83,111,111,111,111,111,122,122,138,138,236,236,256,103,103,203,222,250,250,260,285,285,296,196,150,167,167,167],"floor_reached":51,"playtime":1887,"items_purged":["Injury","Shame"],"score":1058,"play_id":"2717ed6f-669f-4278-80c9-3279d0b1af44","local_time":"20190225012646","is_ascension_mode":true,"campfire_choices":[{"data":"Limit Break","floor":7,"key":"SMITH"},{"floor":15,"key":"RECALL"},{"floor":23,"key":"REST"},{"data":"Armaments","floor":25,"key":"SMITH"},{"floor":27,"key":"REST"},{"floor":30,"key":"REST"},{"floor":32,"key":"REST"},{"floor":41,"key":"REST"},{"floor":44,"key":"REST"},{"floor":49,"key":"REST"}],"neow_cost":"NONE","seed_source_timestamp":241379285769030,"circlet_count":0,"master_deck":["AscendersBane","Strike_R","Strike_R","Strike_R","Strike_R","Strike_R","Defend_R","Defend_R+1","Defend_R","Defend_R","Bash","Sword Boomerang","Perfected Strike","Pummel","Limit Break+1","Whirlwind","Headbutt","Flex+1","Limit Break+1","Demon Form","Headbutt","Wild Strike","Perfected Strike","Burning Pact","Armaments+1","Seeing Red","Impatience","Limit Break","Wild Strike+1","Fiend Fire","Heavy Blade","Warcry","Thunderclap","Pummel+1","Warcry+1","Disarm","Twin Strike","Shrug It Off+1","Pommel Strike","Flex+1","Perfected Strike"],"relics":["Burning Blood","NeowsBlessing","Pear","Sundial","Vajra","Orichalcum","Odd Mushroom","Cursed Key","Charon\u0027s Ashes","Blue Candle","Gremlin Horn","War Paint","Dodecahedron","White Beast Statue","Du-Vu Doll","Dream Catcher","Lantern"],"potions_floor_usage":[16,19,21,21,33,38,39,39,42,42,50],"damage_taken":[{"damage":0,"enemies":"Cultist","floor":1,"turns":1},{"damage":0,"enemies":"2 Louse","floor":2,"turns":1},{"damage":0,"enemies":"Small Slimes","floor":4,"turns":1},{"damage":12,"enemies":"Looter","floor":5,"turns":4},{"damage":30,"enemies":"Gremlin Nob","floor":6,"turns":4},{"damage":1,"enemies":"3 Louse","floor":10,"turns":3},{"damage":35,"enemies":"Lagavulin","floor":11,"turns":7},{"damage":9,"enemies":"The Mushroom Lair","floor":12,"turns":3},{"damage":1,"enemies":"2 Fungi Beasts","floor":13,"turns":3},{"damage":26,"enemies":"Hexaghost","floor":16,"turns":7},{"damage":12,"enemies":"Shell Parasite","floor":18,"turns":3},{"damage":16,"enemies":"2 Thieves","floor":19,"turns":2},{"damage":23,"enemies":"Colosseum Slavers","floor":21,"turns":4},{"damage":29,"enemies":"Colosseum Nobs","floor":21,"turns":4},{"damage":43,"enemies":"Slavers","floor":24,"turns":4},{"damage":18,"enemies":"Snake Plant","floor":29,"turns":3},{"damage":10,"enemies":"3 Cultists","floor":31,"turns":4},{"damage":63,"enemies":"Collector","floor":33,"turns":7},{"damage":5,"enemies":"Orb Walker","floor":35,"turns":2},{"damage":24,"enemies":"Mind Bloom Boss Battle","floor":38,"turns":4},{"damage":13,"enemies":"3 Darklings","floor":39,"turns":3},{"damage":38,"enemies":"Nemesis","floor":40,"turns":5},{"damage":27,"enemies":"Transient","floor":42,"turns":5},{"damage":29,"enemies":"Maw","floor":45,"turns":5},{"damage":10,"enemies":"Jaw Worm Horde","floor":48,"turns":2},{"damage":42,"enemies":"Donu and Deca","floor":50,"turns":3}],"seed_played":"-8705089056827986422","potions_obtained":[{"floor":4,"key":"Explosive Potion"},{"floor":12,"key":"SteroidPotion"},{"floor":13,"key":"SteroidPotion"},{"floor":16,"key":"FairyPotion"},{"floor":19,"key":"Regen Potion"},{"floor":29,"key":"Dexterity Potion"},{"floor":31,"key":"Regen Potion"},{"floor":33,"key":"Weak Potion"},{"floor":38,"key":"SpeedPotion"},{"floor":39,"key":"SpeedPotion"},{"floor":40,"key":"Explosive Potion"},{"floor":42,"key":"FearPotion"},{"floor":45,"key":"Explosive Potion"},{"floor":48,"key":"Ancient Potion"}],"is_trial":false,"path_per_floor":["M","M","?","M","M","E","R","$","T","M","E","?","M","?","R","B",null,"M","M","?","?","$","R","E","R","T","R","?","M","R","M","R","B",null,"M","$","?","?","M","E","R","M","T","R","M","$","$","M","R","B",null],"character_chosen":"IRONCLAD","items_purchased":["Vajra","Gremlin Horn","Armaments","Heavy Blade","Warcry","Pommel Strike"],"campfire_rested":7,"item_purchase_floors":[8,22,22,36,36,47],"current_hp_per_floor":[78,80,90,90,84,60,60,60,60,65,36,33,38,38,38,18,72,66,56,56,28,28,55,18,18,18,45,45,33,60,56,83,26,74,75,75,75,57,59,27,52,31,31,56,33,33,33,29,54,18],"gold":167,"neow_bonus":"THREE_ENEMY_KILL","is_prod":false,"is_daily":false,"chose_seed":false,"campfire_upgraded":2,"win_rate":0,"timestamp":1551025606,"path_taken":["M","?","?","?","?","E","R","$","T","M","E","?","M","?","R","BOSS","M","M","?","?","$","R","E","R","T","R","?","M","R","?","R","BOSS","M","$","?","?","M","E","R","M","T","R","M","?","$","M","R","BOSS"],"build_version":"2019-01-23","purchased_purges":2,"victory":true,"max_hp_per_floor":[80,80,90,90,90,90,90,90,90,90,90,90,90,90,90,90,90,90,90,90,90,90,90,90,90,90,90,90,90,90,90,90,90,90,90,90,85,85,85,85,85,85,85,85,85,85,85,85,85,85],"card_choices":[{"not_picked":["Clothesline","Uppercut"],"picked":"Sword Boomerang","floor":1},{"not_picked":["Combust","Dual Wield"],"picked":"Sentinel","floor":2},{"not_picked":["Warcry","Cleave"],"picked":"Perfected Strike","floor":4},{"not_picked":["Body Slam","Anger"],"picked":"Pummel","floor":5},{"not_picked":["Intimidate","Shrug It Off"],"picked":"Limit Break","floor":6},{"not_picked":["Anger","Disarm"],"picked":"Whirlwind","floor":10},{"not_picked":["Clothesline","Combust"],"picked":"Headbutt","floor":11},{"not_picked":["Shockwave","Headbutt"],"picked":"Flex","floor":12},{"not_picked":["Ghostly Armor","True Grit"],"picked":"Limit Break","floor":13},{"not_picked":["Immolate","Bludgeon"],"picked":"Demon Form","floor":16},{"not_picked":["Sword Boomerang","Uppercut+1"],"picked":"Headbutt","floor":18},{"not_picked":["Sever Soul","Cleave"],"picked":"Wild Strike","floor":19},{"not_picked":["Metallicize","Headbutt"],"picked":"Burning Pact","floor":21},{"not_picked":["Whirlwind+1","Sword Boomerang"],"picked":"Seeing Red","floor":24},{"not_picked":["Sword Boomerang","Flex","Hemokinesis"],"picked":"SKIP","floor":29},{"not_picked":["Sentinel","Iron Wave"],"picked":"Wild Strike+1","floor":31},{"not_picked":["Dark Embrace","Impervious"],"picked":"Fiend Fire","floor":33},{"not_picked":["Combust+1","Havoc+1","Rupture+1"],"picked":"SKIP","floor":35},{"not_picked":["True Grit","Reckless Charge+1"],"picked":"Thunderclap","floor":39},{"not_picked":["Rampage","Spot Weakness+1"],"picked":"Pummel+1","floor":40},{"not_picked":["Body Slam","Thunderclap+1"],"picked":"Warcry+1","floor":41},{"not_picked":["Feel No Pain","Sentinel"],"picked":"Disarm","floor":42},{"not_picked":["Reckless Charge","Clothesline+1"],"picked":"Twin Strike","floor":44},{"not_picked":["Headbutt","Warcry+1"],"picked":"Shrug It Off+1","floor":45},{"not_picked":["Searing Blow","Thunderclap+1"],"picked":"Flex+1","floor":48},{"not_picked":["Sentinel","Hemokinesis+1"],"picked":"Perfected Strike","floor":49}],"player_experience":78982,"relics_obtained":[{"floor":6,"key":"Sundial"},{"floor":11,"key":"Orichalcum"},{"floor":12,"key":"Odd Mushroom"},{"floor":21,"key":"Charon\u0027s Ashes"},{"floor":21,"key":"Blue Candle"},{"floor":24,"key":"War Paint"},{"floor":26,"key":"Dodecahedron"},{"floor":38,"key":"Du-Vu Doll"},{"floor":40,"key":"Dream Catcher"},{"floor":43,"key":"Lantern"}],"event_choices":[{"cards_removed":["Sentinel"],"damage_healed":0,"gold_gain":0,"player_choice":"Gave Card","damage_taken":0,"relics_obtained":["Pear"],"max_hp_gain":0,"max_hp_loss":0,"event_name":"WeMeetAgain","floor":3,"gold_loss":0},{"damage_healed":0,"gold_gain":0,"player_choice":"Fought Mushrooms","damage_taken":0,"max_hp_gain":0,"max_hp_loss":0,"event_name":"Mushrooms","floor":12,"gold_loss":0},{"damage_healed":0,"gold_gain":0,"player_choice":"Grow","damage_taken":0,"max_hp_gain":0,"max_hp_loss":0,"event_name":"Living Wall","floor":14,"gold_loss":0,"cards_upgraded":["Limit Break"]},{"damage_healed":0,"gold_gain":0,"player_choice":"Read","damage_taken":0,"max_hp_gain":0,"max_hp_loss":0,"event_name":"The Library","floor":20,"gold_loss":0,"cards_obtained":["Perfected Strike"]},{"damage_healed":0,"gold_gain":0,"player_choice":"Fight","damage_taken":0,"max_hp_gain":0,"max_hp_loss":0,"event_name":"Colosseum","floor":21,"gold_loss":0},{"damage_healed":0,"gold_gain":0,"player_choice":"Fought Nobs","damage_taken":0,"max_hp_gain":0,"max_hp_loss":0,"event_name":"Colosseum","floor":21,"gold_loss":0},{"damage_healed":0,"gold_gain":0,"player_choice":"2 cards matched","damage_taken":0,"max_hp_gain":0,"max_hp_loss":0,"event_name":"Match and Keep!","floor":28,"gold_loss":0,"cards_obtained":["Impatience","Limit Break"]},{"damage_healed":0,"gold_gain":0,"player_choice":"Max HP","damage_taken":0,"max_hp_gain":0,"max_hp_loss":5,"event_name":"Winding Halls","floor":37,"gold_loss":0},{"damage_healed":0,"gold_gain":0,"player_choice":"Fight","damage_taken":0,"max_hp_gain":0,"max_hp_loss":0,"event_name":"MindBloom","floor":38,"gold_loss":0}],"is_beta":false,"boss_relics":[{"not_picked":["Empty Cage","Fusion Hammer"],"picked":"Cursed Key"},{"not_picked":["Runic Pyramid","Runic Cube"],"picked":"White Beast Statue"}],"items_purged_floors":[36,46],"is_endless":false,"potions_floor_spawned":[4,12,13,16,19,29,31,33,35,38,39,40,42,45,48],"ascension_level":10}