{"gold_per_floor":[119,131,131,206,221,233,233,251,319,319,319],"floor_reached":11,"playtime":742,"items_purged":[],"score":65,"play_id":"eaff01ef-0c19-4940-b736-c5046feaa157","local_time":"20181217202455","is_ascension_mode":false,"campfire_choices":[{"data":"Sweeping Beam","floor":10,"key":"SMITH"}],"neow_cost":"NONE","seed_source_timestamp":6292205228787,"circlet_count":0,"master_deck":["Strike_B","Strike_B","Strike_B","Strike_B","Defend_B","Defend_B","Defend_B","Defend_B","Zap","Dualcast","Chill+1","Compile Driver","Genetic Algorithm","Sweeping Beam+1","FTL"],"relics":["Cracked Core","NeowsBlessing","Dodecahedron"],"potions_floor_usage":[],"damage_taken":[{"damage":0,"enemies":"Small Slimes","floor":1,"turns":1},{"damage":0,"enemies":"2 Louse","floor":2,"turns":1},{"damage":0,"enemies":"Cultist","floor":5,"turns":1},{"damage":5,"enemies":"Large Slime","floor":6,"turns":7},{"damage":1,"enemies":"3 Louse","floor":8,"turns":2},{"damage":58,"enemies":"Gremlin Nob","floor":11,"turns":5}],"seed_played":"-847966837091232956","potions_obtained":[{"floor":6,"key":"FearPotion"},{"floor":8,"key":"Fire Potion"}],"is_trial":false,"path_per_floor":["M","M","$","?","M","M","?","M","T","R","E"],"character_chosen":"DEFECT","items_purchased":[],"campfire_rested":0,"item_purchase_floors":[],"current_hp_per_floor":[75,75,75,64,64,59,59,58,58,58,0],"gold":319,"neow_bonus":"THREE_ENEMY_KILL","is_prod":false,"is_daily":false,"chose_seed":false,"campfire_upgraded":1,"win_rate":0.0,"timestamp":1545099895,"path_taken":["M","M","$","?","M","M","?","?","T","R","E"],"build_version":"2018-12-13","purchased_purges":0,"victory":false,"max_hp_per_floor":[75,75,75,75,75,75,75,75,75,75,75],"card_choices":[{"not_picked":["Redo","Cold Snap"],"picked":"Chill","floor":1},{"not_picked":["Redo","Static Discharge"],"picked":"Compile Driver","floor":2},{"not_picked":["Conserve Battery","Beam Cell"],"picked":"Genetic Algorithm","floor":5},{"not_picked":["Cold Snap","Hologram"],"picked":"Sweeping Beam","floor":6},{"not_picked":["Glacier","Coolheaded"],"picked":"FTL","floor":8}],"player_experience":63866,"relics_obtained":[{"floor":9,"key":"Dodecahedron"}],"event_choices":[{"damage_healed":0,"gold_gain":75,"player_choice":"Gather Gold","damage_taken":11,"max_hp_gain":0,"max_hp_loss":0,"event_name":"World of Goop","floor":4,"gold_loss":0},{"damage_healed":0,"gold_gain":0,"player_choice":"Upgraded","damage_taken":0,"max_hp_gain":0,"max_hp_loss":0,"event_name":"Upgrade Shrine","floor":7,"gold_loss":0,"cards_upgraded":["Chill"]}],"is_beta":false,"boss_relics":[],"items_purged_floors":[],"is_endless":false,"potions_floor_spawned":[6,8],"killed_by":"Gremlin Nob","ascension_level":0}