{"gold_per_floor":[215,231,249,199,209,209,224,281,306,101,101,101,120,130,130,208,208,223,237,44,57,72,106,106,136,161,161,92,92,92,107,107,107],"floor_reached":33,"playtime":1344,"items_purged":["Strike_G"],"score":576,"play_id":"db000839-9b8a-4640-8847-9666b3824151","local_time":"20190116195547","is_ascension_mode":true,"campfire_choices":[{"data":"Neutralize","floor":6,"key":"SMITH"},{"floor":12,"key":"REST"},{"data":"Noxious Fumes","floor":15,"key":"SMITH"},{"floor":24,"key":"REST"},{"floor":30,"key":"REST"},{"data":"Caltrops","floor":32,"key":"SMITH"}],"neow_cost":"NONE","seed_source_timestamp":526090027874500,"circlet_count":0,"master_deck":["AscendersBane","Defend_G","Defend_G","Defend_G","Defend_G","Defend_G","Strike_G","Strike_G","Survivor","Neutralize+1","Dash","PiercingWail","Backflip","Dagger Spray","Noxious Fumes+1","Noxious Fumes","Adrenaline+1","Malaise","Predator+1","Skewer","Caltrops+1"],"relics":["Ring of the Snake","Tiny Chest","Orichalcum","Busted Crown","TwistedFunnel","Lantern","Regal Pillow"],"potions_floor_usage":[7,8,14,16,19,23,33,33],"damage_taken":[{"damage":4,"enemies":"Small Slimes","floor":1,"turns":5},{"damage":3,"enemies":"2 Louse","floor":2,"turns":3},{"damage":0,"enemies":"Cultist","floor":3,"turns":4},{"damage":11,"enemies":"2 Fungi Beasts","floor":5,"turns":6},{"damage":2,"enemies":"Gremlin Gang","floor":7,"turns":4},{"damage":38,"enemies":"Gremlin Nob","floor":8,"turns":6},{"damage":3,"enemies":"Blue Slaver","floor":13,"turns":4},{"damage":13,"enemies":"3 Louse","floor":14,"turns":3},{"damage":0,"enemies":"Hexaghost","floor":16,"turns":10},{"damage":1,"enemies":"Shell Parasite","floor":18,"turns":7},{"damage":6,"enemies":"2 Thieves","floor":19,"turns":5},{"damage":0,"enemies":"Centurion and Healer","floor":21,"turns":7},{"damage":7,"enemies":"Snake Plant","floor":22,"turns":4},{"damage":18,"enemies":"Gremlin Leader","floor":23,"turns":8},{"damage":12,"enemies":"Book of Stabbing","floor":25,"turns":7},{"damage":4,"enemies":"Chosen and Byrds","floor":31,"turns":6},{"damage":69,"enemies":"Collector","floor":33,"turns":5}],"seed_played":"-6576011240662463036","potions_obtained":[{"floor":2,"key":"SkillPotion"},{"floor":3,"key":"Swift Potion"},{"floor":14,"key":"Regen Potion"},{"floor":16,"key":"Swift Potion"},{"floor":18,"key":"Weak Potion"},{"floor":23,"key":"SpeedPotion"},{"floor":25,"key":"FearPotion"}],"is_trial":false,"path_per_floor":["M","M","M","?","M","R","M","E","T","$","?","R","M","M","R","B",null,"M","M","$","M","M","E","R","E","T","?","$","?","R","M","R","B"],"character_chosen":"THE_SILENT","items_purchased":["Noxious Fumes","Dexterity Potion","TwistedFunnel","Caltrops"],"campfire_rested":3,"item_purchase_floors":[10,10,20,28],"current_hp_per_floor":[55,52,52,52,41,41,39,1,1,1,1,20,17,4,4,19,54,53,47,47,47,40,22,41,29,29,29,29,29,63,59,59,0],"gold":107,"neow_bonus":"HUNDRED_GOLD","is_prod":false,"is_daily":false,"chose_seed":false,"campfire_upgraded":3,"win_rate":0,"timestamp":1547639747,"path_taken":["M","M","M","?","M","R","M","E","T","$","?","R","M","M","R","BOSS","M","M","$","M","M","E","R","E","T","?","?","?","R","M","R","BOSS"],"build_version":"2019-01-10","purchased_purges":1,"victory":false,"max_hp_per_floor":[66,66,66,66,66,66,66,66,66,66,66,66,66,66,66,66,66,66,66,66,66,66,66,66,66,66,66,66,66,66,66,66,66],"card_choices":[{"not_picked":["Quick Slash","Escape Plan"],"picked":"Dash","floor":1},{"not_picked":["Flechettes","Quick Slash"],"picked":"PiercingWail","floor":2},{"not_picked":["Heel Hook","Tactician"],"picked":"Backflip","floor":3},{"not_picked":["Terror","Bane"],"picked":"Dagger Spray","floor":5},{"not_picked":["Quick Slash","Underhanded Strike","Deflect"],"picked":"SKIP","floor":7},{"not_picked":["Setup","Dagger Spray"],"picked":"Noxious Fumes","floor":8},{"not_picked":["Dash","Flying Knee"],"picked":"Adrenaline","floor":13},{"not_picked":["Dagger Spray","Underhanded Strike","Reflex"],"picked":"SKIP","floor":14},{"not_picked":["Phantasmal Killer","Unload"],"picked":"Malaise","floor":16},{"not_picked":["Outmaneuver"],"picked":"SKIP","floor":18},{"not_picked":[],"picked":"Predator+1","floor":19},{"not_picked":["Deflect"],"picked":"SKIP","floor":21},{"not_picked":["Sucker Punch"],"picked":"SKIP","floor":22},{"not_picked":["Sucker Punch"],"picked":"SKIP","floor":22},{"not_picked":["Choke"],"picked":"SKIP","floor":23},{"not_picked":["Eviscerate"],"picked":"SKIP","floor":25},{"not_picked":["Slice"],"picked":"SKIP","floor":31}],"player_experience":653065,"relics_obtained":[{"floor":8,"key":"Tiny Chest"},{"floor":9,"key":"Orichalcum"},{"floor":23,"key":"Lantern"},{"floor":25,"key":"Regal Pillow"}],"event_choices":[{"cards_removed":["Strike_G"],"damage_healed":0,"gold_gain":0,"player_choice":"Card Removal","damage_taken":0,"max_hp_gain":0,"max_hp_loss":0,"event_name":"The Cleric","floor":4,"gold_loss":50},{"damage_healed":0,"gold_gain":0,"player_choice":"Ignored","damage_taken":0,"max_hp_gain":0,"max_hp_loss":0,"event_name":"Shining Light","floor":11,"gold_loss":0},{"damage_healed":0,"gold_gain":0,"cards_transformed":["Strike_G"],"player_choice":"Transformed","damage_taken":0,"max_hp_gain":0,"max_hp_loss":0,"event_name":"Transmorgrifier","floor":27,"gold_loss":0,"cards_obtained":["Skewer"]},{"damage_healed":0,"gold_gain":0,"player_choice":"Upgraded","damage_taken":0,"max_hp_gain":0,"max_hp_loss":0,"event_name":"Upgrade Shrine","floor":29,"gold_loss":0,"cards_upgraded":["Adrenaline"]}],"is_beta":false,"boss_relics":[{"not_picked":["Astrolabe","Empty Cage"],"picked":"Busted Crown"}],"items_purged_floors":[10],"is_endless":false,"potions_floor_spawned":[2,3,14,16,18,23,25],"killed_by":"Collector","ascension_level":14}