{"gold_per_floor":[114,31,48,48,63,63,95,95,95,111,111,140,140,140,140,140],"floor_reached":16,"playtime":422,"items_purged":[],"score":211,"play_id":"14196bad-acd0-4628-ab8d-98cb4b4cf925","local_time":"20181223170708","is_ascension_mode":true,"campfire_choices":[{"data":"Venomology","floor":6.0,"key":"SMITH"},{"data":"Footwork","floor":8.0,"key":"SMITH"},{"data":"Crippling Poison","floor":13,"key":"SMITH"},{"data":"Cloak And Dagger","floor":15,"key":"SMITH"}],"neow_cost":"NONE","seed_source_timestamp":23902160897817,"circlet_count":0,"master_deck":["AscendersBane","Defend_G","Defend_G","Defend_G","Defend_G","Defend_G","Strike_G","Strike_G","Strike_G","Strike_G","Strike_G","Survivor","Neutralize","Dagger Throw","Venomology+1","Dash","Crippling Poison+1","Footwork+1","Cloak And Dagger+1"],"special_seed":0,"relics":["Ring of the Snake","NeowsBlessing","The Courier","Ancient Tea Set","Singing Bowl","Lantern"],"potions_floor_usage":[12,12,16,16],"damage_taken":[{"damage":0.0,"enemies":"Small Slimes","floor":1.0,"turns":1.0},{"damage":0.0,"enemies":"Cultist","floor":3.0,"turns":1.0},{"damage":0.0,"enemies":"Jaw Worm","floor":5.0,"turns":1.0},{"damage":16.0,"enemies":"Gremlin Nob","floor":7.0,"turns":4.0},{"damage":0.0,"enemies":"Looter","floor":10.0,"turns":4.0},{"damage":8,"enemies":"Lagavulin","floor":12,"turns":8},{"damage":25,"enemies":"Slime Boss","floor":16,"turns":8}],"seed_played":"2532115465005576327","potions_obtained":[{"floor":3.0,"key":"Strength Potion"},{"floor":5.0,"key":"GamblersBrew"},{"floor":10.0,"key":"PowerPotion"}],"is_trial":false,"path_per_floor":["M","$","M","?","M","R","E","R","T","M","?","E","R","$","R","B"],"character_chosen":"THE_SILENT","items_purchased":["Venomology"],"campfire_rested":0,"item_purchase_floors":[2],"current_hp_per_floor":[59,59,59,59,59,59,43,43,43,43,43,37,37,37,37,12],"gold":140,"neow_bonus":"THREE_ENEMY_KILL","is_prod":false,"is_daily":false,"chose_seed":false,"campfire_upgraded":4,"win_rate":0,"timestamp":1545581228,"path_taken":["M","$","M","?","?","R","E","R","T","M","?","E","R","$","R","BOSS"],"build_version":"2018-12-20","purchased_purges":0,"victory":false,"max_hp_per_floor":[66,66,66,66,66,66,66,66,66,66,66,68,68,68,68,68],"card_choices":[{"not_picked":["Flying Knee","Dodge and Roll"],"picked":"Dagger Throw","floor":1.0},{"not_picked":["Slice","Skewer"],"picked":"Dash","floor":3.0},{"not_picked":["Endless Agony","Deflect"],"picked":"Crippling Poison","floor":5.0},{"not_picked":["Distraction","Prepared"],"picked":"Footwork","floor":7.0},{"not_picked":["Dash","Endless Agony"],"picked":"Cloak And Dagger","floor":10.0},{"not_picked":["Heel Hook","Slice","Infinite Blades"],"picked":"Singing Bowl","floor":12}],"player_experience":863193,"relics_obtained":[{"floor":4.0,"key":"The Courier"},{"floor":7.0,"key":"Ancient Tea Set"},{"floor":9.0,"key":"Singing Bowl"},{"floor":12,"key":"Lantern"}],"event_choices":[{"damage_healed":0.0,"max_hp_gain":0.0,"max_hp_loss":0.0,"gold_gain":0.0,"event_name":"Wheel of Change","player_choice":"Relic","floor":4.0,"gold_loss":0.0,"damage_taken":0.0},{"damage_healed":0,"gold_gain":0,"player_choice":"Ignored","damage_taken":0,"max_hp_gain":0,"max_hp_loss":0,"event_name":"Shining Light","floor":11,"gold_loss":0}],"is_beta":true,"boss_relics":[],"items_purged_floors":[],"is_endless":false,"potions_floor_spawned":[3,5,10],"killed_by":"Slime Boss","ascension_level":19}