{"gold_per_floor":[10,10,10,10,10,44,79,79,79,111,125,125,164,164],"floor_reached":14,"playtime":585,"items_purged":[],"score":222,"play_id":"5b524a42-668f-4361-94e8-c91eaea77345","local_time":"20181215074932","is_ascension_mode":true,"campfire_choices":[{"floor":8,"key":"REST"}],"neow_cost":"NO_GOLD","seed_source_timestamp":12584325957013,"circlet_count":0,"master_deck":["AscendersBane","Strike_B","Strike_B","Strike_B","Defend_B","Defend_B","Defend_B","Defend_B","Zap+1","Dualcast","Cold Snap","White Noise","Ball Lightning","Chill","Compile Driver"],"relics":["Cracked Core","WingedGreaves","Potion Belt","Sundial","Bottled Lightning","Darkstone Periapt","Golden Idol","Boot"],"potions_floor_usage":[6,7,10,11],"damage_taken":[{"damage":7,"enemies":"Jaw Worm","floor":1,"turns":3},{"damage":29,"enemies":"Lagavulin","floor":6,"turns":7},{"damage":12,"enemies":"3 Sentries","floor":7,"turns":11},{"damage":9,"enemies":"Gremlin Nob","floor":10,"turns":3},{"damage":0,"enemies":"2 Louse","floor":11,"turns":3},{"damage":18,"enemies":"3 Sentries","floor":13,"turns":8},{"damage":26,"enemies":"Gremlin Nob","floor":14,"turns":3}],"seed_played":"4946930615424254792","potions_obtained":[{"floor":1,"key":"SpeedPotion"},{"floor":6,"key":"EssenceOfSteel"},{"floor":7,"key":"GamblersBrew"},{"floor":10,"key":"GamblersBrew"}],"is_trial":false,"path_per_floor":["M","?","?","?","$","E","E","R","T","E","M","?","E","E"],"character_chosen":"DEFECT","items_purchased":[],"campfire_rested":1,"item_purchase_floors":[],"current_hp_per_floor":[57,50,50,71,71,42,30,51,51,42,42,42,24,0],"gold":164,"neow_bonus":"ONE_RARE_RELIC","is_prod":false,"is_daily":false,"chose_seed":false,"campfire_upgraded":0,"win_rate":0,"timestamp":1544856572,"path_taken":["M","?","?","?","$","E","E","R","T","E","M","?","E","E"],"build_version":"2018-12-13","purchased_purges":0,"victory":false,"max_hp_per_floor":[71,71,71,71,71,71,71,71,71,71,71,64,64,64],"card_choices":[{"not_picked":["Reprogram","Hologram"],"picked":"Cold Snap","floor":1},{"not_picked":["Gash","Lockon"],"picked":"White Noise","floor":6},{"not_picked":["Gash","Streamline"],"picked":"Ball Lightning","floor":7},{"not_picked":["Loop","Rebound"],"picked":"Chill","floor":10},{"not_picked":["Double Energy","Lockon"],"picked":"Compile Driver","floor":11},{"not_picked":["Reinforced Body","Beam Cell","Compile Driver"],"picked":"SKIP","floor":13},{"not_picked":["Reinforced Body","Beam Cell","Compile Driver"],"picked":"SKIP","floor":13}],"player_experience":836774,"relics_obtained":[{"floor":6,"key":"Potion Belt"},{"floor":7,"key":"Sundial"},{"floor":9,"key":"Bottled Lightning"},{"floor":10,"key":"Darkstone Periapt"},{"floor":13,"key":"Boot"}],"event_choices":[{"cards_removed":["Strike_B"],"damage_healed":0,"gold_gain":0,"player_choice":"Card Removal","damage_taken":7,"max_hp_gain":0,"max_hp_loss":0,"event_name":"Golden Wing","floor":2,"gold_loss":0},{"damage_healed":0,"gold_gain":0,"player_choice":"Grow","damage_taken":0,"max_hp_gain":0,"max_hp_loss":0,"event_name":"Living Wall","floor":3,"gold_loss":0,"cards_upgraded":["Zap"]},{"damage_healed":23,"gold_gain":0,"player_choice":"Banana","damage_taken":0,"max_hp_gain":0,"max_hp_loss":0,"event_name":"Big Fish","floor":4,"gold_loss":0},{"damage_healed":0,"gold_gain":0,"player_choice":"Lose Max HP","damage_taken":0,"relics_obtained":["Golden Idol"],"max_hp_gain":0,"max_hp_loss":7,"event_name":"Golden Idol","floor":12,"gold_loss":0}],"is_beta":true,"boss_relics":[],"items_purged_floors":[],"is_endless":false,"potions_floor_spawned":[1,6,7,10],"killed_by":"Gremlin Nob","ascension_level":19}