{"path_per_floor":["M","?","M","?","M","E","R","E","T","E","R","E","?","$","R","B",null,"M","M","?","?","M","E","R","E","T","M","E","M","M","E","R","B",null,"M","T","M","$","?","R","E","R","T"],"character_chosen":"THE_SILENT","items_purchased":["Panacea","Footwork","Noxious Fumes","Pear"],"gold_per_floor":[114,64,79,79,94,124,124,154,179,239,239,269,269,25,25,125,125,140,155,155,155,170,200,200,230,230,245,275,290,305,335,335,435,435,450,450,465,185,185,185,215,215,240],"floor_reached":44,"campfire_rested":1,"playtime":1868,"current_hp_per_floor":[70,70,65,65,65,62,62,59,59,55,55,55,55,55,55,45,70,64,64,64,64,63,63,63,63,63,63,37,28,39,35,56,41,72,65,65,51,61,61,61,44,44,44],"items_purged":["Strike_G","Pain"],"gold":240,"score":617,"play_id":"6391698b-62d3-4c3f-912c-06e00cd2ea13","local_time":"20180313012141","daily_mods":["Shiny","Elite Swarm","Lethality"],"is_prod":false,"is_daily":true,"is_ascension_mode":false,"campfire_upgraded":6,"timestamp":1520871701,"path_taken":["M","?","M","?","M","E","R","E","T","E","R","E","?","?","R","BOSS","M","M","?","?","?","E","R","E","T","M","E","M","?","E","R","BOSS","M","?","?","$","?","R","E","R","T","E"],"build_version":"2018-03-09","purchased_purges":2,"victory":false,"master_deck":["Defend_G+1","Defend_G+1","Defend_G+1","Defend_G+1","Strike_G+1","Strike_G+1","Strike_G+1","Survivor","Neutralize+1","After Image","Sucker Punch","Dagger Spray+1","Deflect","Die Die Die","After Image","Glass Knife+1","Venomology","Panacea","Footwork","Noxious Fumes+1","Adrenaline","Terror","Backflip","Burst+1","Expertise+1","Adrenaline","Tools of the Trade","Envenom+1","Finisher+1","Venomology","Noxious Fumes+1","Injury","Venomology","Regret"],"max_hp_per_floor":[70,70,70,70,70,70,70,70,70,70,70,70,70,70,70,70,70,70,70,70,70,70,70,70,70,70,70,70,70,70,72,72,72,72,72,72,74,84,84,84,84,84,84],"relics":["Ring of the Snake","Frozen Eye","Art of War","Pen Nib","Tiny Chest","Sundial","The Courier","Cursed Key","Shuriken","Meat on the Bone","Peace Pipe","Snake Skull","Singing Bowl","The Specimen","Calipers","Pear","Dodecahedron","Prayer Wheel"],"card_choices":[{"not_picked":["Flying Knee","Blur"],"picked":"Sucker Punch"},{"not_picked":["Dodge and Roll","Bouncing Flask"],"picked":"Dagger Spray"},{"not_picked":["Acrobatics","Malaise"],"picked":"Deflect"},{"not_picked":["Phantasmal Killer","Grand Finale"],"picked":"Die Die Die"},{"not_picked":["Burst","Night Terror"],"picked":"After Image"},{"not_picked":["Grand Finale","Storm of Steel"],"picked":"Glass Knife"},{"not_picked":["Wraith Form","Bullet Time"],"picked":"Venomology"},{"not_picked":["A Thousand Cuts","Unload"],"picked":"Adrenaline"},{"not_picked":["Quick Slash","Prepared"],"picked":"Terror"},{"not_picked":["Dagger Spray","Crippling Poison"],"picked":"Backflip"},{"not_picked":["Finisher","Underhanded Strike"],"picked":"Expertise"},{"not_picked":["Night Terror","Bullet Time"],"picked":"Adrenaline"},{"not_picked":["Unload","A Thousand Cuts"],"picked":"Tools of the Trade"},{"not_picked":["Tactician","Phantasmal Killer"],"picked":"Envenom"},{"not_picked":["Slice","Backflip"],"picked":"Finisher"},{"not_picked":["Die Die Die","A Thousand Cuts"],"picked":"Venomology"},{"not_picked":["Expertise","Finisher"],"picked":"Noxious Fumes"},{"not_picked":["Wraith Form","Bullet Time"],"picked":"Venomology"}],"player_experience":604527,"potions_floor_usage":[6,6,19,22,23,25,30,31,31,33,33,33,37,37,41,41,41,41,41,44],"damage_taken":[{"damage":0,"enemies":"Small Slimes","floor":1,"turns":3},{"damage":5,"enemies":"2 Louse","floor":3,"turns":3},{"damage":0,"enemies":"Cultist","floor":5,"turns":3},{"damage":3,"enemies":"3 Sentries","floor":6,"turns":4},{"damage":3,"enemies":"Gremlin Nob","floor":8,"turns":3},{"damage":4,"enemies":"Lagavulin","floor":10,"turns":5},{"damage":0,"enemies":"3 Sentries","floor":12,"turns":2},{"damage":10,"enemies":"Slime Boss","floor":16,"turns":6},{"damage":6,"enemies":"2 Thieves","floor":18,"turns":4},{"damage":0,"enemies":"Chosen","floor":19,"turns":3},{"damage":1,"enemies":"Centurion and Healer","floor":22,"turns":4},{"damage":0,"enemies":"Gremlin Leader","floor":23,"turns":3},{"damage":0,"enemies":"Book of Stabbing","floor":25,"turns":4},{"damage":0,"enemies":"Snake Plant","floor":27,"turns":2},{"damage":26,"enemies":"Gremlin Leader","floor":28,"turns":6},{"damage":21,"enemies":"3 Cultists","floor":29,"turns":4},{"damage":1,"enemies":"Cultist and Chosen","floor":30,"turns":4},{"damage":18,"enemies":"Slavers","floor":31,"turns":3},{"damage":27,"enemies":"Automaton","floor":33,"turns":7},{"damage":7,"enemies":"Orb Walker","floor":35,"turns":3},{"damage":16,"enemies":"3 Shapes","floor":37,"turns":3},{"damage":41,"enemies":"Nemesis","floor":41,"turns":7},{"damage":44,"enemies":"2 Orb Walkers","floor":44,"turns":2}],"event_choices":[{"event_name":"The Cleric","player_choice":"Card Removal","floor":2,"damage_taken":0},{"event_name":"Bonfire Elementals","player_choice":"BASIC","floor":4,"damage_taken":0},{"event_name":"Accursed Blacksmith","player_choice":"Rummage","floor":13,"damage_taken":0},{"event_name":"The Library","player_choice":"Read","floor":20,"damage_taken":0},{"event_name":"Back to Basics","player_choice":"Simplicity","floor":21,"damage_taken":0},{"event_name":"The Woman in Blue","player_choice":"Bought 0 Potions","floor":39,"damage_taken":0}],"boss_relics":[{"not_picked":["Tiny House","Pandora\u0027s Box"],"picked":"Cursed Key"},{"not_picked":["Runic Pyramid","White Beast Statue"],"picked":"The Specimen"}],"potions_floor_spawned":[1,3,8,18,22,23,25,31,33,37],"seed_played":"-3661932950863109323","killed_by":"2 Orb Walkers","ascension_level":0,"is_trial":false}