{"gold_per_floor":[116,134,7,18,38,38,73,73,73,73,102,102,117,146,146,246,246,246,246,246,161,161,161,161,161,161,161,161,161,161,161,161,161,161,161,20,20,20,20,20,20,20,20,20,20,20,20,20,20,20],"floor_reached":50,"playtime":4666,"items_purged":["Defend_G"],"score":671,"play_id":"2179a3c3-ee3b-4fbb-b390-e5f196e5b565","local_time":"20181026133742","is_ascension_mode":true,"campfire_choices":[{"data":"After Image","floor":6,"key":"SMITH"},{"floor":8,"key":"REST"},{"data":"Blade Dance","floor":10,"key":"SMITH"},{"floor":12,"key":"REST"},{"data":"Terror","floor":15,"key":"SMITH"},{"floor":23,"key":"REST"},{"data":"Neutralize","floor":28,"key":"SMITH"},{"floor":32,"key":"REST"},{"data":"A Thousand Cuts","floor":40,"key":"SMITH"},{"data":"1","floor":42,"key":"LIFT"},{"floor":46,"key":"REST"},{"floor":49,"key":"REST"}],"neow_cost":"NONE","seed_source_timestamp":1414177969057631,"circlet_count":0,"master_deck":["Defend_G","Defend_G","Defend_G","Defend_G","Strike_G","Strike_G","Strike_G","Strike_G","Strike_G","Survivor","Neutralize+1","After Image+1","Flying Knee","Prepared","Backflip","Blade Dance+1","Prepared","Backstab","Terror+1","A Thousand Cuts+1","Dodge and Roll+1","PiercingWail","Blade Dance+1","Tactician","Blade Dance+1","Backstab+1","Backflip+1","Night Terror","Cloak And Dagger","A Thousand Cuts+1","Acrobatics+1","Finisher+1","Caltrops+1","Parasite","Accuracy"],"relics":["Ring of the Snake","Vajra","Sundial","Question Card","Blood Vial","Ectoplasm","Meat on the Bone","StoneCalendar","Boot","Letter Opener","White Beast Statue","Girya","Mercury Hourglass","Tiny Chest","The Specimen"],"potions_floor_usage":[7,11,16,24,27,27,33,37,37,41,45,47,50],"damage_taken":[{"damage":1,"enemies":"Cultist","floor":1,"turns":4},{"damage":1,"enemies":"Jaw Worm","floor":2,"turns":5},{"damage":4,"enemies":"Small Slimes","floor":4,"turns":3},{"damage":14,"enemies":"3 Louse","floor":5,"turns":3},{"damage":18,"enemies":"3 Sentries","floor":7,"turns":9},{"damage":10,"enemies":"Lagavulin","floor":11,"turns":6},{"damage":0,"enemies":"2 Fungi Beasts","floor":13,"turns":3},{"damage":12,"enemies":"3 Sentries","floor":14,"turns":8},{"damage":21,"enemies":"The Guardian","floor":16,"turns":11},{"damage":8,"enemies":"Spheric Guardian","floor":18,"turns":4},{"damage":2,"enemies":"Chosen","floor":19,"turns":4},{"damage":8,"enemies":"Snecko","floor":24,"turns":4},{"damage":9,"enemies":"Book of Stabbing","floor":25,"turns":5},{"damage":30,"enemies":"Slavers","floor":27,"turns":3},{"damage":5,"enemies":"Centurion and Healer","floor":29,"turns":5},{"damage":15,"enemies":"Shelled Parasite and Fungi","floor":30,"turns":3},{"damage":22,"enemies":"Snake Plant","floor":31,"turns":3},{"damage":21,"enemies":"Collector","floor":33,"turns":7},{"damage":5,"enemies":"Orb Walker","floor":35,"turns":2},{"damage":16,"enemies":"2 Orb Walkers","floor":37,"turns":5},{"damage":23,"enemies":"3 Darklings","floor":39,"turns":3},{"damage":13,"enemies":"Spire Growth","floor":41,"turns":4},{"damage":9,"enemies":"Nemesis","floor":44,"turns":4},{"damage":15,"enemies":"Writhing Mass","floor":45,"turns":5},{"damage":22,"enemies":"Giant Head","floor":47,"turns":6},{"damage":2,"enemies":"3 Darklings","floor":48,"turns":4},{"damage":86,"enemies":"Time Eater","floor":50,"turns":7}],"seed_played":"-7423034539551856585","potions_obtained":[{"floor":2,"key":"Poison Potion"},{"floor":7,"key":"Fire Potion"},{"floor":13,"key":"Weak Potion"},{"floor":16,"key":"Ancient Potion"},{"floor":24,"key":"PowerPotion"},{"floor":25,"key":"Explosive Potion"},{"floor":30,"key":"AttackPotion"},{"floor":33,"key":"Regen Potion"},{"floor":35,"key":"Weak Potion"},{"floor":37,"key":"SpeedPotion"},{"floor":39,"key":"PowerPotion"},{"floor":41,"key":"SteroidPotion"},{"floor":44,"key":"FairyPotion"},{"floor":45,"key":"Swift Potion"},{"floor":47,"key":"SteroidPotion"},{"floor":48,"key":"Strength Potion"}],"is_trial":false,"path_per_floor":["M","M","$","M","M","R","E","R","T","R","E","R","M","E","R","B",null,"M","M","?","?","?","R","M","E","T","E","R","M","M","M","R","B",null,"M","$","?","?","M","R","M","R","T","E","M","R","E","M","R"],"character_chosen":"THE_SILENT","items_purchased":["Backflip","A Thousand Cuts"],"campfire_rested":6,"item_purchase_floors":[3,36],"current_hp_per_floor":[69,68,68,64,50,50,32,53,53,53,43,64,64,52,52,33,70,62,62,49,49,49,71,65,58,58,42,42,39,38,30,52,45,75,70,70,68,68,47,47,48,48,48,41,40,62,42,42,64,0],"gold":20,"neow_bonus":"ONE_RANDOM_RARE_CARD","is_prod":false,"is_daily":false,"chose_seed":false,"campfire_upgraded":5,"win_rate":0,"timestamp":1540586262,"path_taken":["M","M","$","?","M","R","E","R","T","R","E","R","M","E","R","BOSS","M","M","?","?","?","R","M","E","T","E","R","M","M","M","R","BOSS","M","$","?","?","M","R","M","R","T","E","M","R","E","?","R","BOSS"],"build_version":"2018-10-25v2","purchased_purges":1,"victory":false,"max_hp_per_floor":[70,70,70,70,70,70,70,70,70,70,70,70,70,70,70,70,70,70,70,75,75,75,75,75,75,75,75,75,75,75,75,75,75,75,75,75,75,75,75,75,75,75,75,75,75,75,75,75,75,75],"card_choices":[{"not_picked":["Deflect","Outmaneuver"],"picked":"Flying Knee","floor":1},{"not_picked":["Acrobatics","All Out Attack"],"picked":"Prepared","floor":2},{"not_picked":["Backflip","Acrobatics"],"picked":"Blade Dance","floor":4},{"not_picked":["Flying Knee","Expertise","Flechettes"],"picked":"SKIP","floor":5},{"not_picked":["Heel Hook","Distraction"],"picked":"Prepared","floor":7},{"not_picked":["Outmaneuver","Choke"],"picked":"Backstab","floor":11},{"not_picked":["Wraith Form v2","Dodge and Roll","Quick Slash","Flying Knee"],"picked":"SKIP","floor":13},{"not_picked":["Well Laid Plans","Heel Hook","Finisher"],"picked":"Terror","floor":14},{"not_picked":["Venomology","Adrenaline","After Image"],"picked":"A Thousand Cuts","floor":16},{"not_picked":["Deadly Poison","Acrobatics","Prepared+1"],"picked":"Dodge and Roll+1","floor":18},{"not_picked":["Quick Slash","Bouncing Flask","Masterful Stab","All Out Attack"],"picked":"SKIP","floor":19},{"not_picked":["Prepared","Dagger Throw","Flying Knee"],"picked":"PiercingWail","floor":24},{"not_picked":["Endless Agony","Flying Knee+1","Unload"],"picked":"Blade Dance+1","floor":25},{"not_picked":["Underhanded Strike","Masterful Stab","Flying Knee"],"picked":"Tactician","floor":27},{"not_picked":["Infinite Blades","Expertise","Deflect"],"picked":"Blade Dance+1","floor":29},{"not_picked":["Well Laid Plans","Outmaneuver","Crippling Poison"],"picked":"Backstab+1","floor":30},{"not_picked":["Reflex","Footwork","Bane+1"],"picked":"Backflip+1","floor":31},{"not_picked":["Malaise","Bullet Time","Envenom"],"picked":"Night Terror","floor":33},{"not_picked":["Underhanded Strike+1","Bane","Heel Hook"],"picked":"Cloak And Dagger","floor":35},{"not_picked":["Cloak And Dagger","Dodge and Roll+1","Prepared"],"picked":"Acrobatics+1","floor":39},{"not_picked":["Sucker Punch+1","Underhanded Strike","Expertise+1"],"picked":"Finisher+1","floor":41},{"not_picked":["Heel Hook","Catalyst","Footwork+1"],"picked":"Caltrops+1","floor":44},{"not_picked":["Deadly Poison","Eviscerate+1","Terror","Underhanded Strike+1"],"picked":"SKIP","floor":45},{"not_picked":["Acrobatics","Unload","Slice","Flying Knee+1"],"picked":"SKIP","floor":47},{"not_picked":["Tactician","Deflect+1","Flying Knee+1"],"picked":"Accuracy","floor":48}],"player_experience":115665,"relics_obtained":[{"floor":7,"key":"Vajra"},{"floor":9,"key":"Sundial"},{"floor":11,"key":"Question Card"},{"floor":14,"key":"Blood Vial"},{"floor":25,"key":"StoneCalendar"},{"floor":26,"key":"Boot"},{"floor":27,"key":"Letter Opener"},{"floor":37,"key":"Girya"},{"floor":43,"key":"Mercury Hourglass"},{"floor":44,"key":"Tiny Chest"},{"floor":47,"key":"The Specimen"}],"event_choices":[{"damage_healed":0,"gold_gain":0,"player_choice":"Shed Blood","damage_taken":18,"max_hp_gain":5,"max_hp_loss":0,"event_name":"Forgotten Altar","floor":20,"gold_loss":0},{"damage_healed":0,"gold_gain":0,"player_choice":"Obtained Relic","damage_taken":0,"relics_obtained":["Meat on the Bone"],"max_hp_gain":0,"max_hp_loss":0,"event_name":"Addict","floor":21,"gold_loss":85},{"damage_healed":0,"gold_gain":0,"player_choice":"Upgraded","damage_taken":0,"max_hp_gain":0,"max_hp_loss":0,"event_name":"Upgrade Shrine","floor":22,"gold_loss":0,"cards_upgraded":["A Thousand Cuts"]},{"damage_healed":0,"gold_gain":0,"player_choice":"Fight","damage_taken":0,"max_hp_gain":0,"max_hp_loss":0,"event_name":"Mysterious Sphere","floor":37,"gold_loss":0},{"damage_healed":0,"gold_gain":0,"player_choice":"Ignored","damage_taken":0,"max_hp_gain":0,"max_hp_loss":0,"event_name":"SecretPortal","floor":38,"gold_loss":0}],"is_beta":false,"boss_relics":[{"not_picked":["Snecko Eye","Black Star"],"picked":"Ectoplasm"},{"not_picked":["Calling Bell","Empty Cage"],"picked":"White Beast Statue"}],"items_purged_floors":[3],"is_endless":false,"potions_floor_spawned":[2,7,13,16,24,25,30,33,35,37,39,41,44,45,47,48],"killed_by":"Time Eater","ascension_level":3}