{"gold_per_floor":[116,129,149,4,4,4,29,0,0,26,26,56,56,74,74,145,145,157,107,121,137,70,70,70,88,88,88,88,117,117,151,151,151],"floor_reached":33,"playtime":3701,"items_purged":["Strike_G"],"score":509,"play_id":"ebbee70b-4d52-4534-8e03-8f505de8f398","local_time":"20190121191352","is_ascension_mode":true,"campfire_choices":[{"data":"Cloak And Dagger","floor":6,"key":"SMITH"},{"data":"Cloak And Dagger","floor":11,"key":"SMITH"},{"data":"Accuracy","floor":13,"key":"SMITH"},{"data":"Terror","floor":15,"key":"SMITH"},{"floor":23,"key":"REST"},{"data":"Accuracy","floor":24,"key":"SMITH"},{"floor":27,"key":"REST"},{"data":"Adrenaline","floor":28,"key":"SMITH"},{"data":"Infinite Blades","floor":30,"key":"SMITH"},{"floor":32,"key":"REST"}],"neow_cost":"NONE","seed_source_timestamp":118619032695600,"circlet_count":0,"master_deck":["AscendersBane","Defend_G","Defend_G","Defend_G","Defend_G","Defend_G","Strike_G","Strike_G","Strike_G","Survivor","Neutralize+1","Cloak And Dagger+1","Cloak And Dagger+1","Terror+1","Accuracy+1","Deadly Poison","Infinite Blades+1","Adrenaline+1","PiercingWail","Poisoned Stab","Accuracy+1"],"relics":["Ring of the Snake","Pear","Darkstone Periapt","Torii","WingedGreaves","White Beast Statue","Pantograph","The Courier","Frozen Egg 2"],"potions_floor_usage":[16,18,20,21,31,31],"damage_taken":[{"damage":0,"enemies":"2 Louse","floor":1,"turns":4},{"damage":0,"enemies":"Jaw Worm","floor":2,"turns":4},{"damage":0,"enemies":"Cultist","floor":3,"turns":4},{"damage":18,"enemies":"3 Sentries","floor":7,"turns":13},{"damage":20,"enemies":"Gremlin Nob","floor":10,"turns":4},{"damage":4,"enemies":"Lots of Slimes","floor":14,"turns":5},{"damage":17,"enemies":"Slime Boss","floor":16,"turns":10},{"damage":31,"enemies":"2 Thieves","floor":18,"turns":4},{"damage":17,"enemies":"3 Byrds","floor":20,"turns":5},{"damage":7,"enemies":"Shelled Parasite and Fungi","floor":21,"turns":5},{"damage":12,"enemies":"Cultist and Chosen","floor":25,"turns":6},{"damage":5,"enemies":"Book of Stabbing","floor":29,"turns":5},{"damage":14,"enemies":"Slavers","floor":31,"turns":5},{"damage":80,"enemies":"Champ","floor":33,"turns":7}],"seed_played":"5965186075712744039","potions_obtained":[{"floor":10,"key":"Poison Potion"},{"floor":16,"key":"SkillPotion"},{"floor":18,"key":"Poison Potion"},{"floor":20,"key":"PowerPotion"},{"floor":21,"key":"GhostInAJar"},{"floor":25,"key":"LiquidBronze"},{"floor":31,"key":"Strength Potion"}],"is_trial":false,"path_per_floor":["M","M","M","$","?","R","E","?","T","E","R","?","R","M","R","B",null,"M","?","M","M","$","R","R","M","T","R","R","E","R","E","R","B"],"character_chosen":"THE_SILENT","items_purchased":["Accuracy","Accuracy"],"campfire_rested":3,"item_purchase_floors":[4,22],"current_hp_per_floor":[59,59,59,59,52,52,44,44,44,24,24,24,24,20,20,3,58,27,27,10,3,3,25,25,13,13,35,35,30,30,16,38,0],"gold":151,"neow_bonus":"UPGRADE_CARD","is_prod":false,"is_daily":false,"chose_seed":false,"campfire_upgraded":7,"win_rate":0,"timestamp":1548069232,"path_taken":["M","M","M","$","?","R","E","?","T","E","R","?","R","M","R","BOSS","M","?","M","M","$","R","R","M","T","R","R","E","R","E","R","BOSS"],"build_version":"2019-01-17v2","purchased_purges":1,"victory":false,"max_hp_per_floor":[66,66,66,66,66,66,76,76,76,76,76,76,76,76,76,76,76,76,76,76,76,76,76,76,76,76,76,76,76,76,76,76,76],"card_choices":[{"not_picked":["Acrobatics","Sucker Punch"],"picked":"Cloak And Dagger","floor":1},{"not_picked":["Flechettes","Sucker Punch"],"picked":"Cloak And Dagger","floor":2},{"not_picked":["Acrobatics","Distraction"],"picked":"Terror","floor":3},{"not_picked":["Quick Slash","Prepared"],"picked":"Deadly Poison","floor":7},{"not_picked":["Choke","Reflex"],"picked":"Infinite Blades","floor":10},{"not_picked":["Quick Slash","Grand Finale","Heel Hook"],"picked":"SKIP","floor":14},{"not_picked":["Glass Knife","Phantasmal Killer"],"picked":"Adrenaline","floor":16},{"not_picked":["Slice+1","Dagger Throw"],"picked":"PiercingWail","floor":18},{"not_picked":["Deadly Poison","Terror+1"],"picked":"Poisoned Stab","floor":20},{"not_picked":["Sucker Punch","Predator","Heel Hook+1"],"picked":"SKIP","floor":21},{"not_picked":["Riddle With Holes","Underhanded Strike","Dodge and Roll"],"picked":"SKIP","floor":25},{"not_picked":["Tactician","PiercingWail","Backflip"],"picked":"SKIP","floor":29},{"not_picked":["Bullet Time","Deflect+1","Tactician"],"picked":"SKIP","floor":31}],"player_experience":662819,"relics_obtained":[{"floor":7,"key":"Pear"},{"floor":9,"key":"Darkstone Periapt"},{"floor":10,"key":"Torii"},{"floor":26,"key":"Pantograph"},{"floor":29,"key":"The Courier"},{"floor":31,"key":"Frozen Egg 2"}],"event_choices":[{"cards_removed":["Strike_G"],"damage_healed":0,"gold_gain":0,"player_choice":"Card Removal","damage_taken":7,"max_hp_gain":0,"max_hp_loss":0,"event_name":"Golden Wing","floor":5,"gold_loss":0},{"damage_healed":0,"gold_gain":0,"player_choice":"Left Gold","damage_taken":0,"max_hp_gain":0,"max_hp_loss":0,"event_name":"World of Goop","floor":8,"gold_loss":29},{"damage_healed":0,"gold_gain":30,"player_choice":"Searched \u00272\u0027 times","damage_taken":0,"relics_obtained":["WingedGreaves"],"max_hp_gain":0,"max_hp_loss":0,"event_name":"Dead Adventurer","floor":12,"gold_loss":0},{"damage_healed":0,"gold_gain":0,"player_choice":"Bet on Murderer","damage_taken":0,"max_hp_gain":0,"max_hp_loss":0,"event_name":"The Joust","floor":19,"gold_loss":50}],"is_beta":false,"boss_relics":[{"not_picked":["Eternal Feather","Runic Dome"],"picked":"White Beast Statue"}],"items_purged_floors":[4],"is_endless":false,"potions_floor_spawned":[10,16,18,20,21,25,29,31],"killed_by":"Champ","ascension_level":15}