{"gold_per_floor":[109,124,124,144,27,27,56,56,56,70,83,83,111,123,135,242,254,276,55,55,65,65],"floor_reached":22,"playtime":812,"items_purged":["Regret"],"score":233,"play_id":"5381e1f8-153d-43e1-b342-5de5b673920b","local_time":"20180928151915","is_ascension_mode":true,"campfire_choices":[{"data":"Creative AI","floor":6,"key":"SMITH"},{"floor":8,"key":"REST"},{"data":"Defragment","floor":15,"key":"SMITH"}],"neow_cost":"","seed_source_timestamp":14116622095541,"circlet_count":0,"master_deck":["Strike_B","Strike_B","Strike_B","Strike_B","Defend_B","Defend_B","Defend_B","Defend_B","Zap","Dualcast","Conserve Battery","Ball Lightning","Creative AI+1","Cold Snap","Capacitor","Melter","Conserve Battery","Defragment+1","BootSequence","Double Energy","Fission","Redo+1","Mayhem","Go for the Eyes+1"],"relics":["Cracked Core","Letter Opener","Sundial","MawBank","Smiling Mask","Coffee Dripper","Nilry\u0027s Codex"],"potions_floor_usage":[7,16,16,21,21],"damage_taken":[{"damage":16,"enemies":"Small Slimes","floor":1,"turns":3},{"damage":0,"enemies":"Cultist","floor":2,"turns":3},{"damage":14,"enemies":"2 Louse","floor":4,"turns":4},{"damage":28,"enemies":"Gremlin Nob","floor":7,"turns":4},{"damage":5,"enemies":"Exordium Thugs","floor":10,"turns":4},{"damage":7,"enemies":"Red Slaver","floor":11,"turns":3},{"damage":0,"enemies":"Blue Slaver","floor":13,"turns":3},{"damage":5,"enemies":"Hexaghost","floor":16,"turns":9},{"damage":26,"enemies":"3 Byrds","floor":18,"turns":5},{"damage":17,"enemies":"2 Thieves","floor":21,"turns":3},{"damage":17,"enemies":"Chosen and Byrds","floor":22,"turns":4}],"seed_played":"-8030274665833807635","potions_obtained":[{"floor":4,"key":"Fire Potion"},{"floor":7,"key":"SteroidPotion"},{"floor":11,"key":"PowerPotion"},{"floor":16,"key":"FocusPotion"},{"floor":18,"key":"Explosive Potion"}],"is_trial":false,"path_per_floor":["M","M","?","M","$","R","E","R","T","M","M","?","M","?","R","B",null,"M","$","?","M"],"character_chosen":"DEFECT","items_purchased":["Capacitor","Melter","Mayhem"],"campfire_rested":1,"item_purchase_floors":[5,5,19],"current_hp_per_floor":[59,59,59,45,45,45,17,39,39,34,27,27,27,27,27,22,62,36,36,20,10,0],"gold":65,"neow_bonus":"","is_prod":false,"is_daily":false,"chose_seed":false,"campfire_upgraded":2,"win_rate":0,"timestamp":1538122755,"path_taken":["M","M","?","M","?","R","E","R","T","M","M","?","?","?","R","BOSS","M","$","?","M","?"],"build_version":"2018-09-27","purchased_purges":1,"victory":false,"max_hp_per_floor":[75,75,75,75,75,75,75,75,75,75,75,75,75,75,75,75,75,75,75,75,75,75],"card_choices":[{"not_picked":["Reinforced Body","Redo"],"picked":"Conserve Battery","floor":1},{"not_picked":["Redo","Blizzard"],"picked":"Ball Lightning","floor":2},{"not_picked":["Rebound","Stack"],"picked":"Cold Snap","floor":4},{"not_picked":["Hologram","Hyperbeam"],"picked":"Conserve Battery","floor":7},{"not_picked":["Rip and Tear","Ball Lightning"],"picked":"Defragment","floor":10},{"not_picked":["Beam Cell","Ball Lightning"],"picked":"BootSequence","floor":11},{"not_picked":["Streamline","Redo"],"picked":"Double Energy","floor":13},{"not_picked":["Hyperbeam","All For One"],"picked":"Fission","floor":16},{"not_picked":["Rebound","Stack+1"],"picked":"Redo+1","floor":18},{"not_picked":["Beam Cell","Fusion"],"picked":"Go for the Eyes+1","floor":21}],"player_experience":240449,"relics_obtained":[{"floor":7,"key":"Letter Opener"},{"floor":9,"key":"Sundial"},{"floor":12,"key":"MawBank"},{"floor":20,"key":"Nilry\u0027s Codex"}],"event_choices":[{"event_name":"Match and Keep!","player_choice":"1 cards matched","floor":3,"damage_taken":0},{"event_name":"Wheel of Change","player_choice":"Relic","floor":12,"damage_taken":0},{"event_name":"Big Fish","player_choice":"Box","floor":14,"damage_taken":0},{"event_name":"Cursed Tome","player_choice":"Obtained Book","floor":20,"damage_taken":0}],"is_beta":false,"boss_relics":[{"not_picked":["Astrolabe","Orrery"],"picked":"Coffee Dripper"}],"items_purged_floors":[19],"is_endless":false,"potions_floor_spawned":[4,7,11,16,18],"killed_by":"Chosen and Byrds","ascension_level":5}