{"gold_per_floor":[114,114,127,52,52,96,96,139,188,213,213,233,233,233,233,352,352,371,371,48,48,48,48,72,72,72,72,72,72,91,130,130,255,255,274,274,274,294,307,307,326,345,345,345,345,152,173,193,193,193],"floor_reached":51,"playtime":2914,"items_purged":["Strike_R","Strike_R","Bash"],"score":1023,"play_id":"5cd764ab-d639-4fdb-b289-922f7d04f0e3","local_time":"20190223182029","is_ascension_mode":false,"campfire_choices":[{"data":"Whirlwind","floor":7,"key":"SMITH"},{"data":"Bludgeon","floor":11,"key":"SMITH"},{"data":"Disarm","floor":13,"key":"SMITH"},{"data":"Shockwave","floor":15,"key":"SMITH"},{"data":"Barricade","floor":23,"key":"SMITH"},{"data":"Battle Trance","floor":25,"key":"SMITH"},{"data":"Shrug It Off","floor":27,"key":"SMITH"},{"data":"Defend_R","floor":32,"key":"SMITH"},{"data":"Double Tap","floor":40,"key":"SMITH"},{"data":"Body Slam","floor":44,"key":"SMITH"},{"data":"Juggernaut","floor":49,"key":"SMITH"}],"neow_cost":"NONE","seed_source_timestamp":16342343788690,"circlet_count":0,"master_deck":["Defend_R","Defend_R","Defend_R","Defend_R+1","Bludgeon+1","Disarm+1","Shockwave+1","Whirlwind+1","Barricade+1","Battle Trance+1","Shrug It Off+1","Double Tap+1","Body Slam+1","Juggernaut+1"],"relics":["Burning Blood","Golden Idol","Ancient Tea Set","Smiling Mask","Potion Belt","Orichalcum","Coffee Dripper","Anchor","Mummified Hand","Pen Nib","Enchiridion","PreservedInsect","Sozu","Bottled Lightning"],"potions_floor_usage":[50,50,50],"damage_taken":[{"damage":0,"enemies":"Small Slimes","floor":1,"turns":2},{"damage":9,"enemies":"Jaw Worm","floor":3,"turns":2},{"damage":3,"enemies":"Gremlin Nob","floor":6,"turns":3},{"damage":23,"enemies":"Lagavulin","floor":8,"turns":5},{"damage":0,"enemies":"Cultist","floor":10,"turns":2},{"damage":1,"enemies":"2 Fungi Beasts","floor":12,"turns":3},{"damage":0,"enemies":"Slime Boss","floor":16,"turns":5},{"damage":1,"enemies":"Shell Parasite","floor":18,"turns":4},{"damage":12,"enemies":"Spheric Guardian","floor":24,"turns":5},{"damage":0,"enemies":"3 Cultists","floor":30,"turns":1},{"damage":0,"enemies":"Gremlin Leader","floor":31,"turns":7},{"damage":0,"enemies":"Collector","floor":33,"turns":10},{"damage":0,"enemies":"Orb Walker","floor":35,"turns":3},{"damage":1,"enemies":"3 Shapes","floor":38,"turns":2},{"damage":0,"enemies":"Maw","floor":39,"turns":5},{"damage":0,"enemies":"Writhing Mass","floor":41,"turns":5},{"damage":0,"enemies":"Spire Growth","floor":42,"turns":3},{"damage":0,"enemies":"Transient","floor":47,"turns":5},{"damage":0,"enemies":"4 Shapes","floor":48,"turns":3},{"damage":0,"enemies":"Time Eater","floor":50,"turns":4}],"seed_played":"-4884906615093004918","potions_obtained":[{"floor":3,"key":"Energy Potion"},{"floor":6,"key":"SkillPotion"},{"floor":8,"key":"SpeedPotion"},{"floor":18,"key":"LiquidBronze"},{"floor":30,"key":"Weak Potion"}],"is_trial":false,"path_per_floor":["M","?","M","$","?","E","R","E","T","M","R","M","R","?","R","B",null,"M","?","$","T","?","R","M","R","T","R","?","?","M","E","R","B",null,"M","?","?","M","M","R","M","M","T","R","?","$","M","M","R","B",null],"character_chosen":"IRONCLAD","items_purchased":["Battle Trance","Dexterity Potion","Anchor","Juggernaut"],"campfire_rested":0,"item_purchase_floors":[20,20,20,46],"current_hp_per_floor":[80,60,57,57,57,60,60,43,43,49,49,54,54,51,51,57,80,80,80,80,80,80,80,74,74,74,74,58,58,64,70,70,76,80,80,80,80,80,80,80,80,80,80,80,80,80,80,80,80,80],"gold":193,"neow_bonus":"TRANSFORM_CARD","is_prod":false,"is_daily":false,"chose_seed":false,"campfire_upgraded":11,"win_rate":0,"timestamp":1550964029,"path_taken":["M","?","M","$","?","E","R","E","T","M","R","?","R","?","R","BOSS","M","?","$","?","?","R","M","R","T","R","?","?","?","E","R","BOSS","M","?","?","M","M","R","M","?","T","R","?","$","?","M","R","BOSS"],"build_version":"2019-01-23","purchased_purges":3,"victory":true,"max_hp_per_floor":[80,80,80,80,80,80,80,80,80,80,80,80,80,80,80,80,80,80,80,80,80,80,80,80,80,80,80,80,80,80,80,80,80,80,80,80,80,80,80,80,80,80,80,80,80,80,80,80,80,80],"card_choices":[{"not_picked":["Perfected Strike","Headbutt"],"picked":"Disarm","floor":1},{"not_picked":["Wild Strike","Flex"],"picked":"Shockwave","floor":3},{"not_picked":["Dropkick","Armaments"],"picked":"Whirlwind","floor":6},{"not_picked":["Searing Blow","Sentinel","True Grit"],"picked":"SKIP","floor":8},{"not_picked":["Searing Blow","Blood for Blood","Wild Strike"],"picked":"SKIP","floor":10},{"not_picked":["Searing Blow","Clash","Pommel Strike"],"picked":"SKIP","floor":12},{"not_picked":["Immolate","Feed"],"picked":"Barricade","floor":16},{"not_picked":["Pommel Strike+1","Intimidate","Warcry"],"picked":"SKIP","floor":18},{"not_picked":["Ghostly Armor","Rage","Armaments"],"picked":"SKIP","floor":24},{"not_picked":["Thunderclap","Clothesline","Anger+1"],"picked":"SKIP","floor":30},{"not_picked":["Havoc+1","Blood for Blood+1","Limit Break"],"picked":"SKIP","floor":31},{"not_picked":["Fiend Fire","Offering"],"picked":"Double Tap","floor":33},{"not_picked":["Reckless Charge+1","Uppercut+1","Rampage"],"picked":"SKIP","floor":35},{"not_picked":["Clash","Shockwave+1","Armaments"],"picked":"SKIP","floor":38},{"not_picked":["Heavy Blade+1","Pummel+1"],"picked":"Body Slam","floor":39},{"not_picked":["Evolve+1","Cleave","Heavy Blade"],"picked":"SKIP","floor":41},{"not_picked":["Sentinel","Bloodletting+1","Perfected Strike+1"],"picked":"SKIP","floor":42},{"not_picked":["Thunderclap","Perfected Strike","Pummel"],"picked":"SKIP","floor":47},{"not_picked":["Feel No Pain+1","Thunderclap","Rage"],"picked":"SKIP","floor":48}],"player_experience":434407,"relics_obtained":[{"floor":6,"key":"Ancient Tea Set"},{"floor":8,"key":"Smiling Mask"},{"floor":9,"key":"Potion Belt"},{"floor":21,"key":"Mummified Hand"},{"floor":26,"key":"Pen Nib"},{"floor":28,"key":"Enchiridion"},{"floor":31,"key":"PreservedInsect"},{"floor":43,"key":"Bottled Lightning"}],"event_choices":[{"damage_healed":0,"gold_gain":0,"player_choice":"Take Damage","damage_taken":20,"relics_obtained":["Golden Idol"],"max_hp_gain":0,"max_hp_loss":0,"event_name":"Golden Idol","floor":2,"gold_loss":0},{"cards_removed":["Strike_R"],"damage_healed":0,"gold_gain":0,"player_choice":"Purged","damage_taken":0,"max_hp_gain":0,"max_hp_loss":0,"event_name":"Purifier","floor":5,"gold_loss":0},{"damage_healed":0,"gold_gain":0,"player_choice":"Success","damage_taken":3,"relics_obtained":["Orichalcum"],"max_hp_gain":0,"max_hp_loss":0,"event_name":"Scrap Ooze","floor":14,"gold_loss":0},{"damage_healed":0,"gold_gain":0,"player_choice":"Ignored","damage_taken":0,"max_hp_gain":0,"max_hp_loss":0,"event_name":"N\u0027loth","floor":19,"gold_loss":0},{"damage_healed":0,"gold_gain":0,"player_choice":"Read","damage_taken":0,"max_hp_gain":0,"max_hp_loss":0,"event_name":"The Library","floor":22,"gold_loss":0,"cards_obtained":["Shrug It Off"]},{"damage_healed":0,"gold_gain":0,"player_choice":"Obtained Book","damage_taken":16,"max_hp_gain":0,"max_hp_loss":0,"event_name":"Cursed Tome","floor":28,"gold_loss":0},{"damage_healed":0,"gold_gain":0,"player_choice":"Ignored","damage_taken":0,"max_hp_gain":0,"max_hp_loss":0,"event_name":"The Mausoleum","floor":29,"gold_loss":0},{"damage_healed":0,"gold_gain":0,"player_choice":"Ignored","damage_taken":0,"max_hp_gain":0,"max_hp_loss":0,"event_name":"Tomb of Lord Red Mask","floor":36,"gold_loss":0},{"damage_healed":0,"gold_gain":0,"player_choice":"Full Heal","damage_taken":0,"max_hp_gain":0,"max_hp_loss":0,"event_name":"Wheel of Change","floor":37,"gold_loss":0},{"cards_removed":["Strike_R"],"damage_healed":0,"gold_gain":0,"player_choice":"Purged","damage_taken":0,"max_hp_gain":0,"max_hp_loss":0,"event_name":"Purifier","floor":45,"gold_loss":0}],"is_beta":false,"boss_relics":[{"not_picked":["Runic Cube","Orrery"],"picked":"Coffee Dripper"},{"not_picked":["Fusion Hammer","Astrolabe"],"picked":"Sozu"}],"items_purged_floors":[4,20,46],"is_endless":false,"potions_floor_spawned":[3,6,8,18,24,30,33,35,39,47],"ascension_level":0}