{"gold_per_floor":[115,128,203,218,233,233,262,262,262,262,291,261,271,289,289,289],"floor_reached":16,"playtime":862,"items_purged":[],"score":196,"play_id":"4eaae633-e6b9-4fb8-8a96-3b3be0fa5356","local_time":"20190301225215","is_ascension_mode":true,"campfire_choices":[{"data":"Neutralize","floor":6,"key":"SMITH"},{"floor":8,"key":"REST"},{"data":"Cloak And Dagger","floor":10,"key":"SMITH"},{"floor":15,"key":"REST"}],"neow_cost":"NONE","seed_source_timestamp":1314748028659400,"circlet_count":0,"master_deck":["AscendersBane","Defend_G","Defend_G","Defend_G","Defend_G","Defend_G","Strike_G","Strike_G","Strike_G","Strike_G","Strike_G","Survivor","Neutralize+1","Blade Dance","Deadly Poison","Poisoned Stab","Cloak And Dagger+1","PiercingWail","PiercingWail"],"relics":["Ring of the Snake","FossilizedHelix","Singing Bowl","Molten Egg 2"],"potions_floor_usage":[7,11,13,14],"damage_taken":[{"damage":0,"enemies":"Small Slimes","floor":1,"turns":5},{"damage":0,"enemies":"2 Louse","floor":2,"turns":4},{"damage":0,"enemies":"Cultist","floor":4,"turns":4},{"damage":18,"enemies":"Gremlin Gang","floor":5,"turns":9},{"damage":25,"enemies":"Gremlin Nob","floor":7,"turns":4},{"damage":30,"enemies":"Lagavulin","floor":11,"turns":9},{"damage":0,"enemies":"2 Fungi Beasts","floor":13,"turns":3},{"damage":0,"enemies":"Lots of Slimes","floor":14,"turns":5},{"damage":35,"enemies":"Slime Boss","floor":16,"turns":8}],"seed_played":"5856746324475898616","potions_obtained":[{"floor":4,"key":"PowerPotion"},{"floor":7,"key":"EssenceOfSteel"},{"floor":12,"key":"Dexterity Potion"},{"floor":12,"key":"SpeedPotion"},{"floor":13,"key":"Poison Potion"}],"is_trial":false,"path_per_floor":["M","M","?","M","M","R","E","R","T","R","E","?","M","M","R","B"],"character_chosen":"THE_SILENT","items_purchased":[],"campfire_rested":2,"item_purchase_floors":[],"current_hp_per_floor":[65,65,54,54,36,36,11,32,32,32,4,4,4,6,28,0],"gold":289,"neow_bonus":"TEN_PERCENT_HP_BONUS","is_prod":false,"is_daily":false,"chose_seed":false,"campfire_upgraded":2,"win_rate":0,"timestamp":1551451935,"path_taken":["M","M","?","M","M","R","E","R","T","R","E","?","?","M","R","BOSS"],"build_version":"2019-01-23","purchased_purges":0,"victory":false,"max_hp_per_floor":[72,72,72,72,72,72,72,72,72,72,74,74,74,76,76,76],"card_choices":[{"not_picked":["Choke","Quick Slash"],"picked":"Blade Dance","floor":1},{"not_picked":["Dodge and Roll","Eviscerate"],"picked":"Deadly Poison","floor":2},{"not_picked":["Dagger Throw","Outmaneuver"],"picked":"Poisoned Stab","floor":4},{"not_picked":["Quick Slash","Poisoned Stab"],"picked":"Cloak And Dagger","floor":5},{"not_picked":["Doppelganger","Reflex"],"picked":"PiercingWail","floor":7},{"not_picked":["Bouncing Flask","Bane","Flying Knee"],"picked":"Singing Bowl","floor":11},{"not_picked":["Skewer+1","Slice+1"],"picked":"PiercingWail","floor":13},{"not_picked":["Setup","Slice+1","Cloak And Dagger"],"picked":"Singing Bowl","floor":14}],"player_experience":718549,"relics_obtained":[{"floor":7,"key":"FossilizedHelix"},{"floor":9,"key":"Singing Bowl"},{"floor":11,"key":"Molten Egg 2"}],"event_choices":[{"damage_healed":0,"gold_gain":75,"player_choice":"Gather Gold","damage_taken":11,"max_hp_gain":0,"max_hp_loss":0,"event_name":"World of Goop","floor":3,"gold_loss":0},{"damage_healed":0,"gold_gain":0,"player_choice":"Bought 2 Potions","damage_taken":0,"max_hp_gain":0,"max_hp_loss":0,"event_name":"The Woman in Blue","floor":12,"gold_loss":0}],"is_beta":false,"boss_relics":[],"items_purged_floors":[],"is_endless":false,"potions_floor_spawned":[4,7,13],"killed_by":"Slime Boss","ascension_level":15}