{"gold_per_floor":[215,235,235,137,37,37,48,48,48,83,83,112,135,147,159,171],"floor_reached":16,"playtime":540,"items_purged":["Strike_R","Strike_R"],"score":108,"play_id":"f425c47e-66b2-4a49-9932-792fb4e6cfa9","local_time":"20190225010122","is_ascension_mode":false,"campfire_choices":[{"data":"Cleave","floor":6.0,"key":"SMITH"},{"data":"Bash","floor":8.0,"key":"SMITH"},{"floor":15,"key":"REST"}],"neow_cost":"NONE","seed_source_timestamp":129089530310101,"circlet_count":0,"master_deck":["Strike_R+1","Strike_R","Strike_R","Defend_R","Defend_R","Defend_R+1","Defend_R","Bash+1","Cleave+1"],"special_seed":0,"relics":["Burning Blood","Mummified Hand","Ancient Tea Set","MawBank"],"potions_floor_usage":[12,16],"damage_taken":[{"damage":10.0,"enemies":"Jaw Worm","floor":1.0,"turns":4.0},{"damage":1.0,"enemies":"Cultist","floor":2.0,"turns":4.0},{"damage":7.0,"enemies":"2 Louse","floor":7.0,"turns":2.0},{"damage":36.0,"enemies":"Lagavulin","floor":10.0,"turns":5.0},{"damage":20,"enemies":"3 Sentries","floor":12,"turns":6},{"damage":10,"enemies":"Large Slime","floor":13,"turns":5},{"damage":50,"enemies":"Slime Boss","floor":16,"turns":8}],"seed_played":"-5815161894837037512","potions_obtained":[{"floor":2.0,"key":"Regen Potion"},{"floor":7.0,"key":"Explosive Potion"},{"floor":13,"key":"Block Potion"}],"is_trial":false,"path_per_floor":["M","M","?","$","$","R","M","R","T","E","$","E","M","?","R","B"],"character_chosen":"IRONCLAD","items_purchased":["Cleave"],"campfire_rested":1,"item_purchase_floors":[4],"current_hp_per_floor":[76,80,80,80,80,80,79,79,79,58,58,44,40,24,48,0],"gold":171,"neow_bonus":"HUNDRED_GOLD","is_prod":false,"is_daily":false,"chose_seed":false,"campfire_upgraded":2,"win_rate":0,"timestamp":1551074482,"path_taken":["M","M","?","?","$","R","M","R","T","E","?","E","M","?","R","BOSS"],"build_version":"2019-01-23","purchased_purges":2,"victory":false,"max_hp_per_floor":[80,80,80,80,80,80,80,80,80,80,80,80,80,80,80,80],"card_choices":[{"not_picked":["Sword Boomerang","Armaments","Clothesline"],"picked":"SKIP","floor":1.0},{"not_picked":["Havoc","Pommel Strike","Wild Strike"],"picked":"SKIP","floor":2.0},{"not_picked":["Anger","Clash","Brutality"],"picked":"SKIP","floor":7.0},{"not_picked":["Perfected Strike","Pommel Strike","Anger"],"picked":"SKIP","floor":10.0},{"not_picked":["Pommel Strike","Fiend Fire","Armaments"],"picked":"SKIP","floor":12},{"not_picked":["Iron Wave","Wild Strike","Clash"],"picked":"SKIP","floor":13}],"player_experience":461014,"relics_obtained":[{"floor":9.0,"key":"Mummified Hand"},{"floor":10.0,"key":"Ancient Tea Set"},{"floor":12,"key":"MawBank"}],"event_choices":[{"damage_healed":0.0,"max_hp_gain":0.0,"max_hp_loss":0.0,"gold_gain":0.0,"event_name":"Match and Keep!","player_choice":"0 cards matched","floor":3.0,"gold_loss":0.0,"damage_taken":0.0,"cards_obtained":[]},{"damage_healed":0,"gold_gain":0,"player_choice":"Entered Light","damage_taken":16,"max_hp_gain":0,"max_hp_loss":0,"event_name":"Shining Light","floor":14,"gold_loss":0,"cards_upgraded":["Defend_R","Strike_R"]}],"is_beta":false,"boss_relics":[],"items_purged_floors":[4,5],"is_endless":false,"potions_floor_spawned":[2,7,13],"killed_by":"Slime Boss","ascension_level":0}