{"gold_per_floor":[118,131,206,77,92,92,123,123,148,164,164,196,25,56,56,153,153,169,84,84,104,119,119,149,149,175,175,206,59,7,27,27,27],"floor_reached":33,"playtime":2657,"items_purged":["Defend_R","Defend_R"],"score":406,"play_id":"10205c14-499d-4c3b-a5fd-f40d507c110a","local_time":"20181116025337","is_ascension_mode":true,"campfire_choices":[{"data":"Armaments","floor":6,"key":"SMITH"},{"floor":8,"key":"REST"},{"floor":11,"key":"REST"},{"floor":15,"key":"REST"},{"data":"Demon Form","floor":23,"key":"SMITH"},{"data":"Heavy Blade","floor":25,"key":"SMITH"},{"data":"Reaper","floor":32,"key":"SMITH"}],"neow_cost":"NONE","seed_source_timestamp":168098823201742,"circlet_count":0,"master_deck":["Strike_R","Strike_R","Strike_R","Strike_R","Strike_R","Defend_R","Defend_R","Bash","Ghostly Armor","Shrug It Off","Armaments+1","Shrug It Off","Spot Weakness","Shockwave","Reaper+1","Demon Form+1","Heavy Blade+1","RitualDagger","Shockwave+1","Offering+1"],"relics":["Burning Blood","Orichalcum","PreservedInsect","Bottled Lightning","Toxic Egg 2","Coffee Dripper","Omamori","Molten Egg 2","Regal Pillow","MutagenicStrength","Pantograph","Centennial Puzzle","Kunai"],"potions_floor_usage":[12,16,16,24,28,28],"damage_taken":[{"damage":4,"enemies":"Small Slimes","floor":1,"turns":4},{"damage":3,"enemies":"Jaw Worm","floor":2,"turns":5},{"damage":6,"enemies":"2 Louse","floor":5,"turns":3},{"damage":45,"enemies":"Lagavulin","floor":7,"turns":9},{"damage":30,"enemies":"Gremlin Gang","floor":10,"turns":7},{"damage":4,"enemies":"3 Sentries","floor":12,"turns":5},{"damage":7,"enemies":"Lagavulin","floor":14,"turns":6},{"damage":23,"enemies":"Slime Boss","floor":16,"turns":12},{"damage":28,"enemies":"Spheric Guardian","floor":18,"turns":7},{"damage":18,"enemies":"3 Byrds","floor":21,"turns":5},{"damage":18,"enemies":"Shelled Parasite and Fungi","floor":22,"turns":6},{"damage":24,"enemies":"Gremlin Leader","floor":24,"turns":5},{"damage":29,"enemies":"Slavers","floor":28,"turns":4},{"damage":13,"enemies":"3 Cultists","floor":31,"turns":5},{"damage":78,"enemies":"Champ","floor":33,"turns":7}],"seed_played":"4707286918222883354","potions_obtained":[{"floor":2,"key":"SmokeBomb"},{"floor":7,"key":"AttackPotion"},{"floor":12,"key":"EntropicBrew"},{"floor":16,"key":"Poison Potion"},{"floor":21,"key":"Ancient Potion"},{"floor":31,"key":"SteroidPotion"}],"is_trial":false,"path_per_floor":["M","M","?","$","M","R","E","R","T","M","R","E","$","E","R","B",null,"M","?","?","M","M","R","E","R","T","?","E","$","?","M","R","B"],"character_chosen":"IRONCLAD","items_purchased":["Armaments","Shockwave","Centennial Puzzle"],"campfire_rested":3,"item_purchase_floors":[4,13,29],"current_hp_per_floor":[74,77,66,66,66,66,27,51,51,27,51,53,53,52,76,79,80,62,62,56,58,46,46,72,72,72,72,49,49,49,42,42,0],"gold":27,"neow_bonus":"THREE_CARDS","is_prod":false,"is_daily":false,"chose_seed":false,"campfire_upgraded":4,"win_rate":0,"timestamp":1542365617,"path_taken":["M","M","?","$","M","R","E","R","T","M","R","E","$","E","R","BOSS","M","?","?","M","M","R","E","R","T","?","E","$","?","M","R","BOSS"],"build_version":"2018-11-15","purchased_purges":2,"victory":false,"max_hp_per_floor":[80,80,80,80,80,80,80,80,80,80,80,80,80,80,80,80,80,80,80,80,80,80,80,80,80,80,80,80,80,80,80,80,80],"card_choices":[{"not_picked":["Headbutt","Anger"],"picked":"Ghostly Armor","floor":1},{"not_picked":["Clash","Heavy Blade"],"picked":"Shrug It Off","floor":2},{"not_picked":["Cleave","Body Slam","Armaments"],"picked":"SKIP","floor":5},{"not_picked":["Hemokinesis","Feel No Pain","Sever Soul"],"picked":"SKIP","floor":7},{"not_picked":["Reckless Charge","Wild Strike"],"picked":"Shrug It Off","floor":10},{"not_picked":["Wild Strike","Headbutt"],"picked":"Spot Weakness","floor":12},{"not_picked":["Heavy Blade","Cleave"],"picked":"Reaper","floor":14},{"not_picked":["Limit Break+1","Impervious+1"],"picked":"Demon Form","floor":16},{"not_picked":["Burning Pact+1","Reckless Charge+1"],"picked":"Heavy Blade","floor":18},{"not_picked":["Wild Strike+1","Headbutt","Twin Strike+1"],"picked":"SKIP","floor":21},{"not_picked":["Dual Wield+1","Clothesline+1","Perfected Strike+1"],"picked":"SKIP","floor":22},{"not_picked":["Havoc+1","Thunderclap"],"picked":"Shockwave+1","floor":24},{"not_picked":["Sever Soul+1","Metallicize+1"],"picked":"Offering+1","floor":28},{"not_picked":["Shrug It Off+1","Wild Strike+1","Armaments+1"],"picked":"SKIP","floor":31}],"player_experience":254018,"relics_obtained":[{"floor":7,"key":"Orichalcum"},{"floor":9,"key":"PreservedInsect"},{"floor":12,"key":"Bottled Lightning"},{"floor":14,"key":"Toxic Egg 2"},{"floor":24,"key":"Molten Egg 2"},{"floor":26,"key":"Regal Pillow"},{"floor":28,"key":"Pantograph"}],"event_choices":[{"damage_healed":0,"gold_gain":75,"player_choice":"Gather Gold","damage_taken":11,"max_hp_gain":0,"max_hp_loss":0,"event_name":"World of Goop","floor":3,"gold_loss":0},{"damage_healed":0,"gold_gain":0,"player_choice":"Obtained Relic","damage_taken":0,"relics_obtained":["Omamori"],"max_hp_gain":0,"max_hp_loss":0,"event_name":"Addict","floor":19,"gold_loss":85},{"damage_healed":0,"gold_gain":0,"player_choice":"Joined the Cult","damage_taken":6,"max_hp_gain":0,"max_hp_loss":0,"event_name":"Nest","floor":20,"gold_loss":0,"cards_obtained":["RitualDagger"]},{"damage_healed":0,"gold_gain":0,"player_choice":"Inject Mutagens","damage_taken":0,"relics_obtained":["MutagenicStrength"],"max_hp_gain":0,"max_hp_loss":0,"event_name":"Drug Dealer","floor":27,"gold_loss":0},{"damage_healed":0,"gold_gain":0,"player_choice":"Paid Gold","damage_taken":0,"relics_obtained":["Kunai"],"max_hp_gain":0,"max_hp_loss":0,"event_name":"WeMeetAgain","floor":30,"gold_loss":52}],"is_beta":false,"boss_relics":[{"not_picked":["Eternal Feather","Runic Dome"],"picked":"Coffee Dripper"}],"items_purged_floors":[4,13],"is_endless":false,"potions_floor_spawned":[2,7,12,16,21,31],"killed_by":"Champ","ascension_level":7}