{"gold_per_floor":[110,110,110,110,125,125,145,145,145,145,158,158,175,192,192,192],"floor_reached":16,"playtime":1164,"items_purged":[],"score":110,"play_id":"7a5c9816-6760-4067-b9a6-999a183bb1b9","local_time":"20190123101131","is_ascension_mode":true,"campfire_choices":[{"data":"Shrug It Off","floor":6.0,"key":"SMITH"},{"data":"Battle Trance","floor":10.0,"key":"SMITH"},{"data":"Bash","floor":12.0,"key":"SMITH"},{"data":"Defend_R","floor":15,"key":"SMITH"}],"neow_cost":"NONE","seed_source_timestamp":0,"circlet_count":0,"master_deck":["Strike_R","Strike_R","Defend_R+1","Defend_R","Defend_R+1","Defend_R+1","Bash+1","Battle Trance+1","Shrug It Off+1"],"special_seed":0,"relics":["Burning Blood","Meat on the Bone"],"potions_floor_usage":[16,16,16],"damage_taken":[{"damage":6.0,"enemies":"Cultist","floor":1.0,"turns":4.0},{"damage":0.0,"enemies":"2 Louse","floor":5.0,"turns":3.0},{"damage":0.0,"enemies":"Small Slimes","floor":7.0,"turns":4.0},{"damage":0.0,"enemies":"Red Slaver","floor":11.0,"turns":11.0},{"damage":17,"enemies":"Exordium Thugs","floor":13,"turns":16},{"damage":3,"enemies":"Exordium Wildlife","floor":14,"turns":7},{"damage":73,"enemies":"Hexaghost","floor":16,"turns":16}],"seed_played":"6275052837920414","potions_obtained":[{"floor":5.0,"key":"SkillPotion"},{"floor":11.0,"key":"SkillPotion"},{"floor":13,"key":"EssenceOfSteel"}],"is_trial":false,"path_per_floor":["M","?","?","?","M","R","M","?","T","R","M","R","M","M","R","B"],"character_chosen":"IRONCLAD","items_purchased":[],"campfire_rested":0,"item_purchase_floors":[],"current_hp_per_floor":[88,81,81,63,69,69,75,75,75,75,81,81,70,73,73,0],"gold":192,"neow_bonus":"TEN_PERCENT_HP_BONUS","is_prod":false,"is_daily":false,"chose_seed":false,"campfire_upgraded":4,"win_rate":0,"timestamp":1548259891,"path_taken":["M","?","?","?","M","R","M","?","T","R","?","R","M","M","R","BOSS"],"build_version":"2019-01-17v2","purchased_purges":0,"victory":false,"max_hp_per_floor":[88,88,88,88,88,88,88,88,88,88,88,88,88,88,88,88],"card_choices":[{"not_picked":["True Grit","Flex"],"picked":"Battle Trance","floor":1.0},{"not_picked":["Feel No Pain","Cleave"],"picked":"Shrug It Off","floor":5.0},{"not_picked":["Headbutt","Thunderclap","Heavy Blade"],"picked":"SKIP","floor":7.0},{"not_picked":["Heavy Blade","Pummel","Havoc"],"picked":"SKIP","floor":11.0},{"not_picked":["Fire Breathing","Evolve","Twin Strike"],"picked":"SKIP","floor":13},{"not_picked":["Sword Boomerang","Fire Breathing","Wild Strike"],"picked":"SKIP","floor":14}],"player_experience":1137417,"relics_obtained":[{"floor":9.0,"key":"Meat on the Bone"}],"event_choices":[{"cards_removed":["Strike_R"],"damage_healed":0.0,"max_hp_gain":0.0,"max_hp_loss":0.0,"gold_gain":0.0,"event_name":"Golden Wing","player_choice":"Card Removal","floor":2.0,"gold_loss":0.0,"damage_taken":7.0},{"cards_removed":["Strike_R"],"damage_healed":0.0,"max_hp_gain":0.0,"max_hp_loss":0.0,"gold_gain":0.0,"event_name":"Living Wall","player_choice":"Forget","floor":3.0,"gold_loss":0.0,"damage_taken":0.0},{"damage_healed":0.0,"max_hp_gain":0.0,"max_hp_loss":0.0,"gold_gain":0.0,"event_name":"Shining Light","player_choice":"Entered Light","floor":4.0,"gold_loss":0.0,"damage_taken":18.0,"cards_upgraded":["Defend_R","Defend_R"]},{"cards_removed":["Strike_R"],"damage_healed":0.0,"max_hp_gain":0.0,"max_hp_loss":0.0,"gold_gain":0.0,"event_name":"Bonfire Elementals","player_choice":"Offered Basic","floor":8.0,"gold_loss":0.0,"damage_taken":0.0}],"is_beta":false,"boss_relics":[],"items_purged_floors":[],"is_endless":false,"potions_floor_spawned":[5,11,13],"killed_by":"Hexaghost","ascension_level":4}