{"gold_per_floor":[113,128,138,88,88,117,117,117,117,147,147,166,166,191,191,288,288,304,315,328,341,187,187,207,232,255,255,587,604,604,604,604,699,699,711,711,711,736,762,774,797,319,345,373,373,386,186,212,212,212,212,212,15,47,47],"floor_reached":55,"playtime":3799,"items_purged":["Strike_B"],"score":1279,"play_id":"48572a67-1174-4e3f-8a28-a825c7a23d49","local_time":"20181119200148","is_ascension_mode":true,"campfire_choices":[{"floor":7,"key":"REST"},{"floor":11,"key":"REST"},{"floor":15,"key":"REST"},{"floor":23,"key":"REST"},{"data":"Buffer","floor":27,"key":"SMITH"},{"floor":30,"key":"REST"},{"floor":32,"key":"REST"},{"floor":40,"key":"REST"},{"floor":45,"key":"REST"},{"floor":49,"key":"RECALL"},{"floor":52,"key":"REST"}],"neow_cost":"NONE","seed_source_timestamp":198678791254789,"circlet_count":0,"master_deck":["Defend_B","Zap","Dualcast","Ball Lightning+1","Hologram","Ball Lightning","Coolheaded","FTL","Buffer+1","Chaos+1","Tempest+1","Go for the Eyes+1","Melter+1","Genetic Algorithm+1","Beam Cell+1","Streamline+1","Sunder+1","Cold Snap","Machine Learning","Cold Snap+1","Blind","Chill+1","Glacier+1","Go for the Eyes+1","Conserve Battery+1","Echo Form","Aggregate+1","White Noise+1"],"relics":["Cracked Core","Pantograph","FossilizedHelix","Shuriken","Omamori","Vajra","Astrolabe","Matryoshka","Potion Belt","Old Coin","Lizard Tail","MawBank","Pen Nib","Thread and Needle","Toxic Egg 2","Bronze Scales","Gambling Chip","Strawberry","Happy Flower","Whetstone"],"potions_floor_usage":[6,31,31,38,38,44,48,48,48,50,50,50,54,55,55,55],"damage_taken":[{"damage":8,"enemies":"2 Louse","floor":1,"turns":2},{"damage":3,"enemies":"Small Slimes","floor":2,"turns":3},{"damage":1,"enemies":"Cultist","floor":3,"turns":3},{"damage":40,"enemies":"Lagavulin","floor":6,"turns":6},{"damage":0,"enemies":"Gremlin Nob","floor":10,"turns":3},{"damage":17,"enemies":"Gremlin Gang","floor":12,"turns":4},{"damage":18,"enemies":"3 Sentries","floor":14,"turns":5},{"damage":37,"enemies":"The Guardian","floor":16,"turns":10},{"damage":19,"enemies":"2 Thieves","floor":18,"turns":3},{"damage":0,"enemies":"Chosen","floor":19,"turns":3},{"damage":0,"enemies":"Shelled Parasite and Fungi","floor":20,"turns":3},{"damage":8,"enemies":"Snake Plant","floor":21,"turns":3},{"damage":0,"enemies":"Centurion and Healer","floor":24,"turns":4},{"damage":14,"enemies":"Gremlin Leader","floor":25,"turns":6},{"damage":25,"enemies":"Book of Stabbing","floor":28,"turns":4},{"damage":23,"enemies":"Shelled Parasite and Fungi","floor":29,"turns":4},{"damage":0,"enemies":"Colosseum Slavers","floor":31,"turns":3},{"damage":0,"enemies":"Champ","floor":33,"turns":9},{"damage":20,"enemies":"3 Shapes","floor":35,"turns":4},{"damage":34,"enemies":"3 Darklings","floor":38,"turns":7},{"damage":21,"enemies":"Jaw Worm Horde","floor":39,"turns":5},{"damage":0,"enemies":"Maw","floor":41,"turns":7},{"damage":28,"enemies":"Nemesis","floor":44,"turns":9},{"damage":1,"enemies":"Transient","floor":46,"turns":5},{"damage":0,"enemies":"Reptomancer","floor":48,"turns":7},{"damage":51,"enemies":"Donu and Deca","floor":50,"turns":10},{"damage":61,"enemies":"Shield and Spear","floor":54,"turns":6},{"damage":110,"enemies":"The Heart","floor":55,"turns":6}],"seed_played":"2362842708079117838","potions_obtained":[{"floor":2,"key":"SpeedPotion"},{"floor":10,"key":"Swift Potion"},{"floor":16,"key":"Fire Potion"},{"floor":19,"key":"SteroidPotion"},{"floor":28,"key":"GamblersBrew"},{"floor":29,"key":"Fire Potion"},{"floor":33,"key":"Fire Potion"},{"floor":35,"key":"Strength Potion"},{"floor":41,"key":"SteroidPotion"},{"floor":46,"key":"EntropicBrew"},{"floor":54,"key":"LiquidBronze"}],"is_trial":false,"path_per_floor":["M","M","M","?","?","E","R","?","T","E","R","M","?","E","R","B",null,"M","M","M","M","$","R","M","E","T","R","E","M","R","?","R","B",null,"M","?","?","M","M","R","M","$","T","E","R","M","$","E","R","B",null,"R","$","E","B"],"character_chosen":"DEFECT","items_purchased":["Sunder","Pen Nib","Thread and Needle","Poison Potion","Conserve Battery+1","Echo Form","Happy Flower","Swift Potion"],"campfire_rested":9,"item_purchase_floors":[22,42,42,42,47,47,53,53],"current_hp_per_floor":[67,64,63,63,56,16,40,33,33,33,57,40,40,22,46,34,70,51,51,51,43,43,67,67,53,53,53,28,5,29,29,53,78,81,61,61,61,27,6,30,30,30,30,2,26,25,25,32,32,6,68,89,89,28,0],"gold":47,"neow_bonus":"TEN_PERCENT_HP_BONUS","is_prod":false,"is_daily":false,"chose_seed":false,"campfire_upgraded":1,"win_rate":0,"timestamp":1542686508,"path_taken":["M","M","M","?","?","E","R","?","T","E","R","M","?","E","R","BOSS","M","?","M","?","$","R","M","E","T","R","E","M","R","?","R","BOSS","M","?","?","?","M","R","M","?","T","E","R","M","$","E","R","BOSS","R","$","E","BOSS"],"build_version":"2018-11-15","purchased_purges":1,"victory":false,"max_hp_per_floor":[82,82,82,82,82,82,82,82,82,82,82,82,82,82,82,82,82,82,82,82,82,82,82,82,82,82,82,82,82,82,82,82,82,82,82,82,82,82,82,82,82,82,82,82,82,82,82,89,89,89,89,89,89,89,89],"card_choices":[{"not_picked":["Chaos","Redo"],"picked":"Ball Lightning","floor":1},{"not_picked":["Beam Cell","Ball Lightning"],"picked":"Hologram","floor":2},{"not_picked":["Turbo","Hologram","Rebound"],"picked":"SKIP","floor":3},{"not_picked":["Compile Driver","Heatsinks"],"picked":"Ball Lightning","floor":6},{"not_picked":["Aggregate","Force Field"],"picked":"Coolheaded","floor":10},{"not_picked":["Capacitor","Conserve Battery"],"picked":"FTL","floor":12},{"not_picked":["Genetic Algorithm","Streamline"],"picked":"Buffer","floor":14},{"not_picked":["Rebound","Hologram"],"picked":"Melter+1","floor":18},{"not_picked":["Doom and Gloom+1","Fusion+1"],"picked":"Genetic Algorithm+1","floor":19},{"not_picked":["Static Discharge","Redo"],"picked":"Beam Cell+1","floor":20},{"not_picked":["Redo","Consume"],"picked":"Streamline+1","floor":21},{"not_picked":["Streamline","Compile Driver"],"picked":"Cold Snap","floor":24},{"not_picked":["Chaos+1","Turbo","Leap"],"picked":"SKIP","floor":25},{"not_picked":["Compile Driver","Steam","Coolheaded"],"picked":"SKIP","floor":28},{"not_picked":["Recycle","Skim+1"],"picked":"Machine Learning","floor":29},{"not_picked":["Redo+1","Leap"],"picked":"Cold Snap+1","floor":35},{"not_picked":["Jack Of All Trades","Purity"],"picked":"Blind","floor":36},{"not_picked":["Skim+1","Sweeping Beam","Fusion"],"picked":"SKIP","floor":38},{"not_picked":["Gash","Turbo+1"],"picked":"Chill+1","floor":39},{"not_picked":["Rip and Tear+1","Storm","Blizzard+1"],"picked":"SKIP","floor":41},{"not_picked":["Leap+1","Scrape+1"],"picked":"Glacier+1","floor":44},{"not_picked":["Stack+1","Ball Lightning+1"],"picked":"Go for the Eyes+1","floor":46},{"not_picked":["Gash","Go for the Eyes+1"],"picked":"Aggregate+1","floor":48},{"not_picked":["Barrage+1","Consume+1"],"picked":"White Noise+1","floor":54}],"player_experience":294980,"relics_obtained":[{"floor":6,"key":"Pantograph"},{"floor":9,"key":"Shuriken"},{"floor":10,"key":"Omamori"},{"floor":14,"key":"Vajra"},{"floor":25,"key":"Matryoshka"},{"floor":26,"key":"Potion Belt"},{"floor":28,"key":"Old Coin"},{"floor":37,"key":"MawBank"},{"floor":43,"key":"Toxic Egg 2"},{"floor":43,"key":"Bronze Scales"},{"floor":44,"key":"Gambling Chip"},{"floor":48,"key":"Strawberry"},{"floor":54,"key":"Whetstone"}],"event_choices":[{"cards_removed":["Strike_B"],"damage_healed":0,"gold_gain":0,"player_choice":"Card Removal","damage_taken":0,"max_hp_gain":0,"max_hp_loss":0,"event_name":"The Cleric","floor":4,"gold_loss":50},{"cards_removed":["Defend_B"],"damage_healed":0,"gold_gain":0,"player_choice":"Card Removal","damage_taken":7,"max_hp_gain":0,"max_hp_loss":0,"event_name":"Golden Wing","floor":5,"gold_loss":0},{"damage_healed":0,"gold_gain":0,"player_choice":"Success","damage_taken":7,"relics_obtained":["FossilizedHelix"],"max_hp_gain":0,"max_hp_loss":0,"event_name":"Scrap Ooze","floor":8,"gold_loss":0},{"cards_removed":["Defend_B"],"damage_healed":0,"gold_gain":0,"player_choice":"Purged","damage_taken":0,"max_hp_gain":0,"max_hp_loss":0,"event_name":"Purifier","floor":13,"gold_loss":0},{"damage_healed":0,"gold_gain":0,"player_choice":"Fight","damage_taken":0,"max_hp_gain":0,"max_hp_loss":0,"event_name":"Colosseum","floor":31,"gold_loss":0},{"damage_healed":0,"gold_gain":0,"player_choice":"Fled From Nobs","damage_taken":0,"max_hp_gain":0,"max_hp_loss":0,"event_name":"Colosseum","floor":31,"gold_loss":0},{"damage_healed":0,"gold_gain":0,"player_choice":"Memory 1","damage_taken":0,"max_hp_gain":0,"max_hp_loss":0,"event_name":"SensoryStone","floor":36,"gold_loss":0},{"damage_healed":0,"gold_gain":0,"player_choice":"Relic","damage_taken":0,"max_hp_gain":0,"max_hp_loss":0,"event_name":"Wheel of Change","floor":37,"gold_loss":0}],"is_beta":false,"boss_relics":[{"not_picked":["Black Star","Nuclear Battery"],"picked":"Astrolabe"},{"not_picked":["Pandora\u0027s Box","Empty Cage"],"picked":"Lizard Tail"}],"items_purged_floors":[22],"is_endless":false,"potions_floor_spawned":[2,10,16,19,24,28,29,33,35,41,46,54],"killed_by":"The Heart","ascension_level":9}