{"gold_per_floor":[109,119,119,136,286,286,133,133,133,160,160,172,172,235,235,235],"floor_reached":16,"playtime":574,"items_purged":["Doubt"],"score":172,"play_id":"a2744418-e116-4fb8-8ccf-aac7cbe61ec4","local_time":"20190119211431","is_ascension_mode":true,"campfire_choices":[{"data":"Neutralize","floor":6,"key":"SMITH"},{"data":"Well Laid Plans","floor":8,"key":"SMITH"},{"data":"Skewer","floor":11,"key":"SMITH"},{"data":"Dash","floor":15,"key":"SMITH"}],"neow_cost":"NONE","seed_source_timestamp":790790935094100,"circlet_count":0,"master_deck":["AscendersBane","Defend_G","Defend_G","Defend_G","Defend_G","Defend_G","Strike_G","Strike_G","Strike_G","Strike_G","Strike_G","Survivor","Neutralize+1","Dash+1","Skewer+1","Deflect","Well Laid Plans+1","Blur","Poisoned Stab"],"relics":["Ring of the Snake","Happy Flower","Paper Crane","Letter Opener","Snake Skull","Shovel"],"potions_floor_usage":[],"damage_taken":[{"damage":4,"enemies":"Small Slimes","floor":1,"turns":4},{"damage":0,"enemies":"Jaw Worm","floor":2,"turns":5},{"damage":0,"enemies":"2 Louse","floor":4,"turns":2},{"damage":30,"enemies":"Gremlin Nob","floor":10,"turns":6},{"damage":1,"enemies":"Large Slime","floor":12,"turns":6},{"damage":8,"enemies":"3 Sentries","floor":14,"turns":11},{"damage":17,"enemies":"Hexaghost","floor":16,"turns":10}],"seed_played":"13462598226168233","potions_obtained":[{"floor":1,"key":"FairyPotion"}],"is_trial":false,"path_per_floor":["M","M","?","M","?","R","$","R","T","E","R","M","?","?","R","B"],"character_chosen":"THE_SILENT","items_purchased":["Well Laid Plans"],"campfire_rested":0,"item_purchase_floors":[7],"current_hp_per_floor":[55,55,44,44,44,44,44,44,44,14,14,13,13,5,5,0],"gold":235,"neow_bonus":"RANDOM_COMMON_RELIC","is_prod":false,"is_daily":false,"chose_seed":false,"campfire_upgraded":4,"win_rate":0,"timestamp":1547903671,"path_taken":["M","M","?","M","?","R","$","R","T","E","R","M","?","?","R","BOSS"],"build_version":"2019-01-17v2","purchased_purges":1,"victory":false,"max_hp_per_floor":[66,66,66,66,66,66,66,66,66,66,66,66,66,66,66,66],"card_choices":[{"not_picked":["PiercingWail","Slice"],"picked":"Dash","floor":1},{"not_picked":["All Out Attack","Slice"],"picked":"Skewer","floor":2},{"not_picked":["Underhanded Strike","Dagger Throw"],"picked":"Deflect","floor":4},{"not_picked":["Dagger Throw","Infinite Blades"],"picked":"Blur","floor":10},{"not_picked":["Acrobatics","Reflex"],"picked":"Poisoned Stab","floor":12}],"player_experience":660927,"relics_obtained":[{"floor":9,"key":"Letter Opener"},{"floor":10,"key":"Snake Skull"},{"floor":14,"key":"Shovel"}],"event_choices":[{"damage_healed":0,"gold_gain":0,"player_choice":"Success","damage_taken":11,"relics_obtained":["Paper Crane"],"max_hp_gain":0,"max_hp_loss":0,"event_name":"Scrap Ooze","floor":3,"gold_loss":0},{"damage_healed":0,"gold_gain":150,"player_choice":"AGREE","damage_taken":0,"max_hp_gain":0,"max_hp_loss":0,"event_name":"Liars Game","floor":5,"gold_loss":0,"cards_obtained":["Doubt"]},{"damage_healed":0,"gold_gain":0,"player_choice":"Ignored","damage_taken":0,"max_hp_gain":0,"max_hp_loss":0,"event_name":"Shining Light","floor":13,"gold_loss":0},{"damage_healed":0,"gold_gain":0,"player_choice":"Searched \u00271\u0027 times","damage_taken":0,"max_hp_gain":0,"max_hp_loss":0,"event_name":"Dead Adventurer","floor":14,"gold_loss":0}],"is_beta":false,"boss_relics":[],"items_purged_floors":[7],"is_endless":false,"potions_floor_spawned":[1],"killed_by":"Hexaghost","ascension_level":15}