{"gold_per_floor":[19,19,19,38,57,57,70,100,100,116,116,134,145,170,170,170],"floor_reached":16,"playtime":746,"items_purged":[],"score":182,"play_id":"1d6f3927-1f8b-4e99-ab52-9ead83f90307","local_time":"20190228225752","is_ascension_mode":true,"campfire_choices":[{"data":"Armaments","floor":6,"key":"SMITH"},{"data":"Juggernaut","floor":11,"key":"SMITH"},{"data":"Armaments","floor":15,"key":"SMITH"}],"neow_cost":"NO_GOLD","seed_source_timestamp":579214809660513,"circlet_count":0,"master_deck":["AscendersBane","Strike_R","Strike_R","Strike_R","Strike_R","Strike_R","Defend_R","Defend_R","Defend_R","Defend_R","Bash","Twin Strike","Armaments+1","True Grit","Juggernaut+1","Pommel Strike","Armaments+1","Sentinel","Entrench"],"relics":["Burning Blood","Mango","Odd Mushroom","Ancient Tea Set","Question Card"],"potions_floor_usage":[8,13,14,16],"damage_taken":[{"damage":1,"enemies":"Cultist","floor":1,"turns":3},{"damage":0,"enemies":"Small Slimes","floor":4,"turns":3},{"damage":4,"enemies":"2 Louse","floor":5,"turns":3},{"damage":8,"enemies":"2 Fungi Beasts","floor":7,"turns":4},{"damage":16,"enemies":"The Mushroom Lair","floor":8,"turns":5},{"damage":20,"enemies":"Large Slime","floor":10,"turns":7},{"damage":0,"enemies":"Blue Slaver","floor":12,"turns":2},{"damage":12,"enemies":"Exordium Thugs","floor":13,"turns":5},{"damage":25,"enemies":"3 Sentries","floor":14,"turns":7},{"damage":46,"enemies":"Slime Boss","floor":16,"turns":5}],"seed_played":"6800989567523224302","potions_obtained":[{"floor":4,"key":"SkillPotion"},{"floor":8,"key":"Energy Potion"},{"floor":10,"key":"SkillPotion"},{"floor":14,"key":"AttackPotion"}],"is_trial":false,"path_per_floor":["M","$","?","M","M","R","M","?","T","M","R","M","M","E","R","B"],"character_chosen":"IRONCLAD","items_purchased":[],"campfire_rested":0,"item_purchase_floors":[],"current_hp_per_floor":[87,87,87,89,89,89,87,77,77,63,63,69,63,44,44,0],"gold":170,"neow_bonus":"ONE_RARE_RELIC","is_prod":false,"is_daily":false,"chose_seed":false,"campfire_upgraded":3,"win_rate":0,"timestamp":1551362272,"path_taken":["M","?","?","M","M","R","M","?","T","M","R","M","M","E","R","BOSS"],"build_version":"2019-01-23","purchased_purges":0,"victory":false,"max_hp_per_floor":[89,89,89,89,89,89,89,89,89,89,89,89,89,89,89,89],"card_choices":[{"not_picked":["Wild Strike","Hemokinesis"],"picked":"Twin Strike","floor":1},{"not_picked":["Entrench","Havoc"],"picked":"Armaments","floor":4},{"not_picked":["Clothesline","Corruption"],"picked":"True Grit","floor":5},{"not_picked":["Warcry","Seeing Red"],"picked":"Juggernaut","floor":7},{"not_picked":["Sword Boomerang","Heavy Blade"],"picked":"Pommel Strike","floor":10},{"not_picked":["Thunderclap","Carnage"],"picked":"Armaments","floor":12},{"not_picked":["Combust","Wild Strike"],"picked":"Sentinel","floor":13},{"not_picked":["Pummel","Clothesline"],"picked":"Entrench","floor":14}],"player_experience":134387,"relics_obtained":[{"floor":8,"key":"Odd Mushroom"},{"floor":9,"key":"Ancient Tea Set"},{"floor":14,"key":"Question Card"}],"event_choices":[{"damage_healed":0,"gold_gain":0,"player_choice":"Leave","damage_taken":0,"max_hp_gain":0,"max_hp_loss":0,"event_name":"The Cleric","floor":3,"gold_loss":0},{"damage_healed":0,"gold_gain":0,"player_choice":"Fought Mushrooms","damage_taken":0,"max_hp_gain":0,"max_hp_loss":0,"event_name":"Mushrooms","floor":8,"gold_loss":0}],"is_beta":false,"boss_relics":[],"items_purged_floors":[],"is_endless":false,"potions_floor_spawned":[4,8,10,12,14],"killed_by":"Slime Boss","ascension_level":15}