{"gold_per_floor":[112,124,124,134,146,174,174,201,252,262,262,277,289,289,289,289],"floor_reached":16,"playtime":1018,"items_purged":[],"score":125,"play_id":"0012d741-d940-4abc-b337-2b75862a583e","local_time":"20180925180200","is_ascension_mode":true,"campfire_choices":[{"data":"Armaments","floor":7,"key":"SMITH"},{"data":"Body Slam","floor":11,"key":"SMITH"},{"data":"Perfected Strike","floor":15,"key":"SMITH"}],"neow_cost":"NONE","seed_source_timestamp":641986275928928,"circlet_count":0,"master_deck":["Strike_R","Strike_R","Strike_R","Strike_R","Strike_R+1","Defend_R","Defend_R","Defend_R","Bash","Armaments+1","Pommel Strike+1","Ghostly Armor","Sever Soul","Perfected Strike","Perfected Strike+1","Barricade+1","Body Slam+1","Battle Trance","Clash","Twin Strike"],"relics":["Burning Blood","Shuriken","Frozen Egg 2","Juzu Bracelet"],"potions_floor_usage":[8,8,10,12],"damage_taken":[{"damage":6,"enemies":"Small Slimes","floor":1,"turns":4},{"damage":3,"enemies":"Jaw Worm","floor":2,"turns":4},{"damage":8,"enemies":"2 Louse","floor":4,"turns":3},{"damage":1,"enemies":"Exordium Thugs","floor":5,"turns":4},{"damage":50,"enemies":"Lagavulin","floor":6,"turns":6},{"damage":8,"enemies":"3 Sentries","floor":8,"turns":5},{"damage":0,"enemies":"3 Louse","floor":10,"turns":2},{"damage":5,"enemies":"Red Slaver","floor":12,"turns":3},{"damage":8,"enemies":"Blue Slaver","floor":13,"turns":3},{"damage":39,"enemies":"The Guardian","floor":16,"turns":7}],"seed_played":"-7844528632040754567","potions_obtained":[{"floor":1,"key":"Dexterity Potion"},{"floor":2,"key":"Energy Potion"},{"floor":4,"key":"Fire Potion"},{"floor":5,"key":"AttackPotion"},{"floor":10,"key":"Weak Potion"}],"is_trial":false,"path_per_floor":["M","M","?","M","M","E","R","E","T","M","R","M","M","?","R"],"character_chosen":"IRONCLAD","items_purchased":[],"campfire_rested":0,"item_purchase_floors":[],"current_hp_per_floor":[80,80,64,62,67,23,23,29,29,35,35,36,34,34,34,0],"gold":289,"neow_bonus":"THREE_CARDS","is_prod":false,"is_daily":false,"chose_seed":false,"campfire_upgraded":3,"win_rate":0,"timestamp":1537873320,"path_taken":["M","M","?","M","?","E","R","E","T","M","R","M","M","?","R","BOSS"],"build_version":"2018-09-20","purchased_purges":0,"victory":false,"max_hp_per_floor":[80,80,80,80,80,80,80,80,80,80,80,80,80,80,80,80],"card_choices":[{"not_picked":["Power Through","Shrug It Off"],"picked":"Armaments","floor":0},{"not_picked":["Body Slam","Twin Strike"],"picked":"Pommel Strike","floor":1},{"not_picked":["Armaments","Corruption"],"picked":"Ghostly Armor","floor":2},{"not_picked":["Armaments","Havoc"],"picked":"Sever Soul","floor":4},{"not_picked":["Rampage","Dropkick"],"picked":"Perfected Strike","floor":5},{"not_picked":["True Grit","Fire Breathing"],"picked":"Perfected Strike","floor":6},{"not_picked":["Spot Weakness","Sever Soul"],"picked":"Barricade","floor":8},{"not_picked":["Blood for Blood","Thunderclap"],"picked":"Body Slam","floor":10},{"not_picked":["Spot Weakness","Shockwave"],"picked":"Battle Trance","floor":12},{"not_picked":["Clothesline","Cleave"],"picked":"Clash","floor":13}],"player_experience":146461,"relics_obtained":[{"floor":6,"key":"Shuriken"},{"floor":8,"key":"Frozen Egg 2"},{"floor":9,"key":"Juzu Bracelet"}],"event_choices":[{"event_name":"Shining Light","player_choice":"Entered Light","floor":3,"damage_taken":0},{"event_name":"Transmorgrifier","player_choice":"Transform","floor":14,"damage_taken":0}],"is_beta":false,"boss_relics":[],"items_purged_floors":[],"is_endless":false,"potions_floor_spawned":[1,2,4,5,10],"killed_by":"The Guardian","ascension_level":2}