{"gold_per_floor":[369,369,64,64,78,78,78,78,104,121,121,139,152,152,152,248,248,261,65,65,55,55,55,55,69,93,105,115,125,25,38,38,38],"floor_reached":33,"playtime":1543,"items_purged":["Decay","Uppercut"],"score":299,"play_id":"ffba729e-e6fa-4cd8-96ba-7fd90fcb793d","local_time":"20190203130310","is_ascension_mode":true,"campfire_choices":[{"data":"Immolate","floor":6,"key":"SMITH"},{"data":"Flame Barrier","floor":8,"key":"SMITH"},{"data":"Ghostly Armor","floor":11,"key":"SMITH"},{"data":"Entrench","floor":15,"key":"SMITH"},{"data":"Apotheosis","floor":23,"key":"SMITH"},{"floor":32,"key":"REST"}],"neow_cost":"CURSE","seed_source_timestamp":2103730871464714,"circlet_count":0,"master_deck":["Strike_R+1","Defend_R+1","Defend_R","Defend_R","Defend_R","Bash","Iron Wave","Immolate+1","Ghostly Armor+1","Flame Barrier+1","Entrench+1","Demon Form","Apotheosis+1","Immolate+1","Whirlwind","Entrench","Body Slam","Shrug It Off+1"],"relics":["Burning Blood","Vajra","Empty Cage","Omamori"],"potions_floor_usage":[16,16,16,25,33],"damage_taken":[{"damage":0,"enemies":"Small Slimes","floor":1,"turns":3},{"damage":0,"enemies":"Cultist","floor":5,"turns":3},{"damage":0,"enemies":"2 Louse","floor":10,"turns":1},{"damage":3,"enemies":"Large Slime","floor":12,"turns":5},{"damage":0,"enemies":"2 Fungi Beasts","floor":13,"turns":1},{"damage":33,"enemies":"Hexaghost","floor":16,"turns":13},{"damage":2,"enemies":"Chosen","floor":18,"turns":6},{"damage":17,"enemies":"2 Thieves","floor":21,"turns":5},{"damage":29,"enemies":"Snake Plant","floor":25,"turns":6},{"damage":24,"enemies":"3 Cultists","floor":27,"turns":5},{"damage":9,"enemies":"Centurion and Healer","floor":28,"turns":6},{"damage":0,"enemies":"Snake Plant","floor":29,"turns":4},{"damage":22,"enemies":"Shelled Parasite and Fungi","floor":31,"turns":8},{"damage":50,"enemies":"Automaton","floor":33,"turns":8}],"seed_played":"2190012981272106747","potions_obtained":[{"floor":5,"key":"AttackPotion"},{"floor":10,"key":"Energy Potion"},{"floor":13,"key":"Weak Potion"},{"floor":18,"key":"PowerPotion"},{"floor":21,"key":"SmokeBomb"},{"floor":25,"key":"FearPotion"}],"is_trial":false,"path_per_floor":["M","?","$","?","M","R","?","R","T","M","R","M","M","?","R","B",null,"M","$","?","M","?","R","?","M","T","M","M","M","$","M","R","B"],"character_chosen":"IRONCLAD","items_purchased":["Immolate","Ghostly Armor","Apotheosis"],"campfire_rested":1,"item_purchase_floors":[3,3,19],"current_hp_per_floor":[80,85,85,85,85,85,78,78,78,84,84,85,85,68,68,41,74,78,78,78,67,67,67,67,44,44,26,23,29,29,13,38,0],"gold":38,"neow_bonus":"TWO_FIFTY_GOLD","is_prod":false,"is_daily":false,"chose_seed":false,"campfire_upgraded":5,"win_rate":0,"timestamp":1549220590,"path_taken":["M","?","$","?","?","R","?","R","T","M","R","M","M","?","R","BOSS","M","$","?","M","?","R","?","M","T","M","M","?","$","M","R","BOSS"],"build_version":"2019-01-23","purchased_purges":2,"victory":false,"max_hp_per_floor":[80,85,85,85,85,85,85,85,85,85,85,85,85,85,85,85,85,85,85,85,85,85,85,85,85,85,85,85,85,85,85,85,85],"card_choices":[{"not_picked":["True Grit","Rampage"],"picked":"Iron Wave","floor":1},{"not_picked":["Clothesline","Flex"],"picked":"Flame Barrier","floor":5},{"not_picked":["Armaments","Cleave"],"picked":"Uppercut","floor":10},{"not_picked":["Twin Strike","Flex","Rupture"],"picked":"SKIP","floor":12},{"not_picked":["Heavy Blade","Anger"],"picked":"Entrench","floor":13},{"not_picked":["Impervious","Offering"],"picked":"Demon Form","floor":16},{"not_picked":["Clothesline","Feel No Pain","Warcry"],"picked":"SKIP","floor":18},{"not_picked":["Thunderclap","Shrug It Off"],"picked":"Immolate","floor":21},{"not_picked":["Sever Soul","Pommel Strike"],"picked":"Whirlwind","floor":25},{"not_picked":["Hemokinesis","Cleave","Sword Boomerang"],"picked":"SKIP","floor":27},{"not_picked":["Warcry","Cleave+1"],"picked":"Entrench","floor":28},{"not_picked":["Cleave+1","Uppercut"],"picked":"Body Slam","floor":29},{"not_picked":["Entrench","Corruption"],"picked":"Shrug It Off+1","floor":31}],"player_experience":1247732,"relics_obtained":[{"floor":9,"key":"Vajra"},{"floor":26,"key":"Omamori"}],"event_choices":[{"damage_healed":0,"gold_gain":0,"player_choice":"Donut","damage_taken":0,"max_hp_gain":5,"max_hp_loss":0,"event_name":"Big Fish","floor":2,"gold_loss":0},{"cards_removed":["Strike_R"],"damage_healed":0,"gold_gain":0,"player_choice":"Purged","damage_taken":0,"max_hp_gain":0,"max_hp_loss":0,"event_name":"Purifier","floor":4,"gold_loss":0},{"cards_removed":["Strike_R"],"damage_healed":0,"gold_gain":0,"player_choice":"Card Removal","damage_taken":7,"max_hp_gain":0,"max_hp_loss":0,"event_name":"Golden Wing","floor":7,"gold_loss":0},{"damage_healed":0,"gold_gain":0,"player_choice":"Entered Light","damage_taken":17,"max_hp_gain":0,"max_hp_loss":0,"event_name":"Shining Light","floor":14,"gold_loss":0,"cards_upgraded":["Defend_R","Strike_R"]},{"damage_healed":0,"gold_gain":0,"player_choice":"Ignored","damage_taken":0,"max_hp_gain":0,"max_hp_loss":0,"event_name":"Vampires","floor":22,"gold_loss":0},{"damage_healed":0,"gold_gain":0,"player_choice":"Forge","damage_taken":0,"max_hp_gain":0,"max_hp_loss":0,"event_name":"Accursed Blacksmith","floor":24,"gold_loss":0,"cards_upgraded":["Immolate"]}],"is_beta":false,"boss_relics":[{"not_picked":["Snecko Eye","Runic Dome"],"picked":"Empty Cage"}],"items_purged_floors":[3,30],"is_endless":false,"potions_floor_spawned":[5,10,13,18,21,25],"killed_by":"Automaton","ascension_level":5}