{"gold_per_floor":[115,126,140,20,31,31,46,66,66,66,66,84,84,99,99,194,194,119,0,0,0,0,0],"floor_reached":23,"playtime":3111,"items_purged":["Strike_G"],"score":208,"play_id":"e17d613e-5566-4ae6-9441-23749bb08a50","local_time":"20180905200305","is_ascension_mode":true,"campfire_choices":[{"data":"Eviscerate","floor":6,"key":"SMITH"},{"floor":11,"key":"REST"},{"data":"Footwork","floor":13,"key":"SMITH"},{"floor":15,"key":"REST"}],"neow_cost":"NONE","seed_source_timestamp":1819461096375461,"circlet_count":0,"master_deck":["Defend_G","Defend_G","Defend_G","Defend_G","Defend_G","Strike_G","Strike_G","Strike_G","Survivor","Neutralize","Tactician","Dagger Spray","Footwork+1","Acrobatics","Eviscerate+1","Dagger Throw","Underhanded Strike","Prepared","Deflect","Tools of the Trade","Underhanded Strike+1","Reflex","PiercingWail","Cloak And Dagger"],"relics":["Runic Pyramid","Darkstone Periapt","Ectoplasm"],"potions_floor_usage":[8,12,16,16,20,22,23],"damage_taken":[{"damage":0,"enemies":"Jaw Worm","floor":1,"turns":4},{"damage":3,"enemies":"2 Louse","floor":2,"turns":3},{"damage":0,"enemies":"Cultist","floor":3,"turns":4},{"damage":2,"enemies":"Blue Slaver","floor":5,"turns":5},{"damage":6,"enemies":"Looter","floor":7,"turns":4},{"damage":15,"enemies":"Lots of Slimes","floor":8,"turns":4},{"damage":0,"enemies":"Gremlin Gang","floor":12,"turns":4},{"damage":0,"enemies":"Blue Slaver","floor":14,"turns":3},{"damage":15,"enemies":"Slime Boss","floor":16,"turns":10},{"damage":26,"enemies":"2 Thieves","floor":18,"turns":5},{"damage":0,"enemies":"3 Byrds","floor":20,"turns":3},{"damage":21,"enemies":"3 Cultists","floor":21,"turns":7},{"damage":3,"enemies":"Snecko","floor":22,"turns":4},{"damage":31,"enemies":"Slavers","floor":23,"turns":3}],"seed_played":"8237445194701118036","potions_obtained":[{"floor":1,"key":"EssenceOfSteel"},{"floor":7,"key":"Strength Potion"},{"floor":8,"key":"Energy Potion"},{"floor":14,"key":"Weak Potion"},{"floor":16,"key":"GamblersBrew"},{"floor":18,"key":"LiquidBronze"},{"floor":22,"key":"Block Potion"}],"is_trial":false,"path_per_floor":["M","M","M","$","M","R","M","M","T","?","R","M","R","M","R","B",null,"M","?","M","M","M"],"character_chosen":"THE_SILENT","items_purchased":["Acrobatics"],"campfire_rested":2,"item_purchase_floors":[4],"current_hp_per_floor":[70,67,67,67,65,65,59,44,44,37,58,58,58,58,70,55,70,44,44,44,23,20,0],"gold":0,"neow_bonus":"BOSS_RELIC","is_prod":false,"is_daily":false,"chose_seed":false,"campfire_upgraded":2,"win_rate":0,"timestamp":1536202985,"path_taken":["M","M","M","$","M","R","M","M","T","?","R","M","R","M","R","BOSS","M","?","M","?","M","E"],"build_version":"2018-08-30","purchased_purges":1,"victory":false,"max_hp_per_floor":[70,70,70,70,70,70,70,70,70,70,70,70,70,70,70,70,70,70,70,70,70,70,70],"card_choices":[{"not_picked":["Dodge and Roll","Outmaneuver"],"picked":"Tactician","floor":1},{"not_picked":["Skewer","Cloak And Dagger"],"picked":"Dagger Spray","floor":2},{"not_picked":["Caltrops","Infinite Blades"],"picked":"Footwork","floor":3},{"not_picked":["Blade Dance","Endless Agony"],"picked":"Eviscerate","floor":5},{"not_picked":["Terror","Backflip"],"picked":"Dagger Throw","floor":7},{"not_picked":["Dash","Deadly Poison"],"picked":"Underhanded Strike","floor":8},{"not_picked":["Acrobatics","Slice"],"picked":"Prepared","floor":12},{"not_picked":["Acrobatics","Outmaneuver"],"picked":"Deflect","floor":14},{"not_picked":["Glass Knife","Wraith Form v2"],"picked":"Tools of the Trade","floor":16},{"not_picked":["Flying Knee","PiercingWail"],"picked":"Underhanded Strike+1","floor":18},{"not_picked":["Outmaneuver+1","Poisoned Stab"],"picked":"Reflex","floor":20},{"not_picked":["Well Laid Plans+1","Prepared"],"picked":"PiercingWail","floor":21},{"not_picked":["Acrobatics","Sucker Punch"],"picked":"Cloak And Dagger","floor":22}],"player_experience":153052,"relics_obtained":[{"floor":9,"key":"Darkstone Periapt"}],"event_choices":[{"event_name":"Golden Wing","player_choice":"Card Removal","floor":10,"damage_taken":0},{"event_name":"Masked Bandits","player_choice":"Paid Fearfully","floor":19,"damage_taken":0}],"is_beta":false,"boss_relics":[{"not_picked":["Orrery","Fusion Hammer"],"picked":"Ectoplasm"}],"items_purged_floors":[4],"is_endless":false,"potions_floor_spawned":[1,7,8,14,16,18,22],"killed_by":"Slavers","ascension_level":2}