{"gold_per_floor":[111,128,128,144,157,192,192,211,211,241,241,255,13,113,113,212,212,212,152,152,152,152,152,152,152,152,152,152,152,20,20,20,20,20,20,20,20,20,20,20,20,20,20,20,20,20,20,0,0,0],"floor_reached":51,"playtime":4345,"items_purged":[],"score":926,"play_id":"8d63e511-2243-449c-aa1a-8182311ee705","local_time":"20190127191640","is_ascension_mode":true,"campfire_choices":[{"data":"Neutralize","floor":7.0,"key":"SMITH"},{"data":"Leg Sweep","floor":11.0,"key":"SMITH"},{"floor":15.0,"key":"REST"},{"data":"Noxious Fumes","floor":23.0,"key":"SMITH"},{"data":"Footwork","floor":29.0,"key":"SMITH"},{"data":"Noxious Fumes","floor":32.0,"key":"SMITH"},{"data":"After Image","floor":40.0,"key":"SMITH"},{"data":"Cloak And Dagger","floor":42,"key":"SMITH"},{"floor":49,"key":"REST"}],"neow_cost":"NONE","seed_source_timestamp":322808059796171,"circlet_count":0,"master_deck":["Defend_G","Defend_G","Defend_G","Defend_G","Defend_G","Strike_G","Strike_G","Strike_G","Strike_G","Strike_G","Survivor","Neutralize+1","Noxious Fumes+1","Dagger Throw","Leg Sweep+1","Dash","PiercingWail","Caltrops","Dagger Throw","Crippling Poison","Infinite Blades","Cloak And Dagger","Adrenaline","Footwork+1","Backstab","Noxious Fumes+1","After Image+1","Expertise","Backstab","Cloak And Dagger+1","Backflip+1","Writhe","Catalyst+1"],"special_seed":0,"relics":["Ring of the Snake","FaceOfCleric","Art of War","Ginger","Blue Candle","Bronze Scales","Ectoplasm","Peace Pipe","Bottled Lightning","Strawberry","Sozu","Gambling Chip","Dodecahedron","Darkstone Periapt","Red Mask"],"potions_floor_usage":[],"damage_taken":[{"damage":1.0,"enemies":"Small Slimes","floor":1.0,"turns":4.0},{"damage":0.0,"enemies":"Cultist","floor":2.0,"turns":6.0},{"damage":1.0,"enemies":"Jaw Worm","floor":4.0,"turns":4.0},{"damage":24.0,"enemies":"Gremlin Gang","floor":5.0,"turns":6.0},{"damage":5.0,"enemies":"Gremlin Nob","floor":6.0,"turns":4.0},{"damage":6.0,"enemies":"Large Slime","floor":8.0,"turns":9.0},{"damage":25.0,"enemies":"3 Sentries","floor":10.0,"turns":8.0},{"damage":1.0,"enemies":"Looter","floor":12.0,"turns":4.0},{"damage":8.0,"enemies":"Hexaghost","floor":16.0,"turns":10.0},{"damage":5.0,"enemies":"Spheric Guardian","floor":18.0,"turns":5.0},{"damage":0.0,"enemies":"2 Thieves","floor":19.0,"turns":4.0},{"damage":3.0,"enemies":"Snecko","floor":20.0,"turns":6.0},{"damage":9.0,"enemies":"Snake Plant","floor":22.0,"turns":4.0},{"damage":17.0,"enemies":"Slavers","floor":25.0,"turns":7.0},{"damage":11.0,"enemies":"Book of Stabbing","floor":27.0,"turns":5.0},{"damage":9.0,"enemies":"3 Cultists","floor":28.0,"turns":6.0},{"damage":3.0,"enemies":"Centurion and Healer","floor":31.0,"turns":6.0},{"damage":45.0,"enemies":"Automaton","floor":33.0,"turns":10.0},{"damage":6.0,"enemies":"3 Darklings","floor":35.0,"turns":5.0},{"damage":0.0,"enemies":"Mind Bloom Boss Battle","floor":36.0,"turns":7.0},{"damage":11.0,"enemies":"Orb Walker","floor":38.0,"turns":5.0},{"damage":21.0,"enemies":"Spire Growth","floor":39.0,"turns":6.0},{"damage":2,"enemies":"4 Shapes","floor":41,"turns":4},{"damage":31,"enemies":"Transient","floor":45,"turns":5},{"damage":66,"enemies":"Awakened One","floor":50,"turns":16}],"seed_played":"4353586729075872515","potions_obtained":[{"floor":1.0,"key":"EssenceOfSteel"},{"floor":5.0,"key":"SteroidPotion"},{"floor":6.0,"key":"Energy Potion"},{"floor":12.0,"key":"Block Potion"},{"floor":18.0,"key":"Weak Potion"},{"floor":20.0,"key":"Weak Potion"},{"floor":27.0,"key":"EssenceOfSteel"},{"floor":31.0,"key":"Weak Potion"}],"is_trial":false,"path_per_floor":["M","M","?","M","M","E","R","M","T","E","R","M","$","?","R","B",null,"M","M","M","?","M","R","?","E","T","E","M","R","$","M","R","B",null,"M","?","?","M","M","R","M","R","T","?","M","T","$","?","R","B",null],"character_chosen":"THE_SILENT","items_purchased":["Bronze Scales","Infinite Blades","Cloak And Dagger","Noxious Fumes","Fire Potion"],"campfire_rested":2,"item_purchase_floors":[13,13,13,30,30],"current_hp_per_floor":[69,69,69,69,46,42,42,37,37,13,13,13,13,13,37,30,71,67,68,66,66,58,58,87,71,71,68,60,60,60,58,58,14,79,74,75,75,65,45,45,44,44,44,70,40,40,40,40,71,6],"gold":0,"neow_bonus":"TEN_PERCENT_HP_BONUS","is_prod":false,"is_daily":false,"chose_seed":false,"campfire_upgraded":7,"win_rate":0,"timestamp":1548645400,"path_taken":["M","M","?","M","?","E","R","M","T","E","R","M","$","?","R","BOSS","M","?","M","?","M","R","?","E","T","E","M","R","?","M","R","BOSS","M","?","?","M","M","R","M","R","T","?","M","?","?","?","R","BOSS"],"build_version":"2019-01-23","purchased_purges":0,"victory":true,"max_hp_per_floor":[77,77,77,78,79,80,80,81,81,82,82,83,83,83,83,84,84,85,86,87,87,88,88,88,89,89,97,98,98,98,99,99,100,100,101,102,102,103,104,104,105,105,105,105,106,106,106,106,106,107],"card_choices":[{"not_picked":["Finisher","All Out Attack"],"picked":"Noxious Fumes","floor":1.0},{"not_picked":["Deflect","Heel Hook"],"picked":"Dagger Throw","floor":2.0},{"not_picked":["Accuracy","Well Laid Plans"],"picked":"Leg Sweep","floor":4.0},{"not_picked":["Flechettes","Deflect"],"picked":"Dash","floor":5.0},{"not_picked":["Deflect","Blade Dance"],"picked":"PiercingWail","floor":6.0},{"not_picked":["Setup","Distraction"],"picked":"Caltrops","floor":8.0},{"not_picked":["Quick Slash","Heel Hook"],"picked":"Dagger Throw","floor":10.0},{"not_picked":["All Out Attack","Leg Sweep"],"picked":"Crippling Poison","floor":12.0},{"not_picked":["Envenom","Night Terror"],"picked":"Adrenaline","floor":16.0},{"not_picked":["Finisher","Backstab+1"],"picked":"Footwork","floor":18.0},{"not_picked":["PiercingWail","Backflip"],"picked":"Backstab","floor":19.0},{"not_picked":["Bane","Poisoned Stab","Deadly Poison"],"picked":"SKIP","floor":20.0},{"not_picked":["Quick Slash","Setup","Bane"],"picked":"SKIP","floor":22.0},{"not_picked":["Sucker Punch","Blade Dance","Grand Finale"],"picked":"SKIP","floor":25.0},{"not_picked":["Sucker Punch","Dagger Throw","Poisoned Stab"],"picked":"SKIP","floor":27.0},{"not_picked":["Sucker Punch","Dagger Throw","Poisoned Stab"],"picked":"SKIP","floor":27.0},{"not_picked":["Sucker Punch+1","PiercingWail","Dagger Throw"],"picked":"SKIP","floor":28.0},{"not_picked":["Venomology","Escape Plan+1","Dagger Throw"],"picked":"SKIP","floor":31.0},{"not_picked":["Venomology","Burst"],"picked":"After Image","floor":33.0},{"not_picked":["Deflect","Bane+1","Dagger Spray"],"picked":"SKIP","floor":35.0},{"not_picked":["Poisoned Stab+1","Bouncing Flask+1"],"picked":"Expertise","floor":36.0},{"not_picked":["Prepared","Expertise"],"picked":"Backstab","floor":38.0},{"not_picked":["Catalyst+1","Dodge and Roll+1"],"picked":"Cloak And Dagger","floor":39.0},{"not_picked":["Poisoned Stab+1","Acrobatics+1"],"picked":"Backflip+1","floor":41},{"not_picked":["Prepared","Deadly Poison+1"],"picked":"Catalyst+1","floor":45}],"player_experience":393766,"relics_obtained":[{"floor":6.0,"key":"Art of War"},{"floor":9.0,"key":"Ginger"},{"floor":10.0,"key":"Blue Candle"},{"floor":25.0,"key":"Peace Pipe"},{"floor":26.0,"key":"Bottled Lightning"},{"floor":27.0,"key":"Strawberry"},{"floor":36.0,"key":"Gambling Chip"},{"floor":43,"key":"Dodecahedron"},{"floor":46,"key":"Darkstone Periapt"}],"event_choices":[{"damage_healed":0.0,"max_hp_gain":0.0,"max_hp_loss":0.0,"gold_gain":0.0,"event_name":"FaceTrader","player_choice":"Trade","floor":3.0,"gold_loss":0.0,"damage_taken":0.0,"relics_obtained":["FaceOfCleric"]},{"damage_healed":0.0,"max_hp_gain":0.0,"max_hp_loss":0.0,"gold_gain":100.0,"event_name":"Wheel of Change","player_choice":"Gold","floor":14.0,"gold_loss":0.0,"damage_taken":0.0},{"damage_healed":0.0,"max_hp_gain":0.0,"max_hp_loss":0.0,"gold_gain":0.0,"event_name":"Ghosts","player_choice":"Ignored","floor":21.0,"gold_loss":0.0,"damage_taken":0.0},{"damage_healed":29.0,"max_hp_gain":0.0,"max_hp_loss":0.0,"gold_gain":0.0,"event_name":"The Library","player_choice":"Heal","floor":24.0,"gold_loss":0.0,"damage_taken":0.0},{"damage_healed":0.0,"max_hp_gain":0.0,"max_hp_loss":0.0,"gold_gain":0.0,"event_name":"MindBloom","player_choice":"Fight","floor":36.0,"gold_loss":0.0,"damage_taken":0.0},{"damage_healed":0.0,"max_hp_gain":0.0,"max_hp_loss":0.0,"gold_gain":0.0,"event_name":"SensoryStone","player_choice":"Memory 1","floor":37.0,"gold_loss":0.0,"damage_taken":0.0},{"damage_healed":26,"gold_gain":0,"player_choice":"Writhe","damage_taken":0,"max_hp_gain":0,"max_hp_loss":0,"event_name":"Winding Halls","floor":44,"gold_loss":0,"cards_obtained":["Writhe"]},{"damage_healed":0,"gold_gain":0,"player_choice":"Paid","damage_taken":0,"relics_obtained":["Red Mask"],"max_hp_gain":0,"max_hp_loss":0,"event_name":"Tomb of Lord Red Mask","floor":48,"gold_loss":20}],"is_beta":false,"boss_relics":[{"not_picked":["Busted Crown","HoveringKite"],"picked":"Ectoplasm"},{"not_picked":["WristBlade","Coffee Dripper"],"picked":"Sozu"}],"items_purged_floors":[],"is_endless":false,"potions_floor_spawned":[1,5,6,12,18,20,27,31,36,39,41],"ascension_level":7}