{"gold_per_floor":[117,133,143,143,143,143,68,99,124,124,134,148,148,177,177,177],"floor_reached":16,"playtime":571,"items_purged":["Strike_R"],"score":143,"play_id":"9c790785-e1ab-4086-b3b4-0db2f0cfbdef","local_time":"20190221062025","is_ascension_mode":true,"campfire_choices":[{"data":"Warcry","floor":6,"key":"SMITH"},{"data":"Corruption","floor":10,"key":"SMITH"},{"floor":13,"key":"REST"},{"floor":15,"key":"REST"}],"neow_cost":"NONE","seed_source_timestamp":351680072462447,"circlet_count":0,"master_deck":["Strike_R","Strike_R","Strike_R","Defend_R","Defend_R","Defend_R","Defend_R","Bash","Warcry+1","Flex","Dropkick","Corruption+1","Flex","Evolve"],"relics":["Burning Blood","NeowsBlessing","Bag of Marbles","Sundial","Dream Catcher","Bronze Scales"],"potions_floor_usage":[8,11,16,16],"damage_taken":[{"damage":0,"enemies":"Cultist","floor":1,"turns":1},{"damage":0,"enemies":"2 Louse","floor":2,"turns":1},{"damage":0,"enemies":"Small Slimes","floor":3,"turns":1},{"damage":30,"enemies":"Lagavulin","floor":8,"turns":4},{"damage":20,"enemies":"Exordium Wildlife","floor":11,"turns":4},{"damage":1,"enemies":"2 Fungi Beasts","floor":12,"turns":3},{"damage":55,"enemies":"3 Sentries","floor":14,"turns":11},{"damage":43,"enemies":"The Guardian","floor":16,"turns":6}],"seed_played":"3708149635233894950","potions_obtained":[{"floor":1,"key":"SpeedPotion"},{"floor":2,"key":"Dexterity Potion"},{"floor":3,"key":"Poison Potion"},{"floor":12,"key":"SkillPotion"}],"is_trial":false,"path_per_floor":["M","M","M","?","?","R","$","E","T","R","M","M","R","E","R","B"],"character_chosen":"IRONCLAD","items_purchased":[],"campfire_rested":2,"item_purchase_floors":[],"current_hp_per_floor":[78,80,80,80,77,77,77,53,53,53,39,44,68,19,43,0],"gold":177,"neow_bonus":"THREE_ENEMY_KILL","is_prod":false,"is_daily":false,"chose_seed":false,"campfire_upgraded":2,"win_rate":0,"timestamp":1550697625,"path_taken":["M","?","M","?","?","R","?","E","T","R","?","M","R","E","R","BOSS"],"build_version":"2019-01-23","purchased_purges":1,"victory":false,"max_hp_per_floor":[80,80,80,80,80,80,80,80,80,80,80,80,80,80,80,80],"card_choices":[{"not_picked":["Searing Blow","Sentinel"],"picked":"Warcry","floor":1},{"not_picked":["Carnage","Sword Boomerang"],"picked":"Flex","floor":2},{"not_picked":["Ghostly Armor","Iron Wave"],"picked":"Dropkick","floor":3},{"not_picked":["Headbutt","Warcry"],"picked":"Corruption","floor":8},{"not_picked":["Wild Strike","Cleave"],"picked":"Flex","floor":11},{"not_picked":["Thunderclap","Corruption","Cleave"],"picked":"SKIP","floor":12},{"not_picked":["Hemokinesis","Feed"],"picked":"Evolve","floor":14}],"player_experience":27312,"relics_obtained":[{"floor":8,"key":"Sundial"},{"floor":9,"key":"Dream Catcher"},{"floor":14,"key":"Bronze Scales"}],"event_choices":[{"cards_removed":["Strike_R"],"damage_healed":0,"gold_gain":0,"player_choice":"Forget","damage_taken":0,"max_hp_gain":0,"max_hp_loss":0,"event_name":"Living Wall","floor":4,"gold_loss":0},{"damage_healed":0,"gold_gain":0,"player_choice":"Success","damage_taken":3,"relics_obtained":["Bag of Marbles"],"max_hp_gain":0,"max_hp_loss":0,"event_name":"Scrap Ooze","floor":5,"gold_loss":0}],"is_beta":false,"boss_relics":[],"items_purged_floors":[7],"is_endless":false,"potions_floor_spawned":[1,2,3,12],"killed_by":"The Guardian","ascension_level":6}