{"path_per_floor":["M","?","$","M","?","R","E","?","T","R","M","$","M","$","R","B",null,"M","?","?","?","$","R","E","R","T","M","?","E"],"character_chosen":"DEFECT","items_purchased":["Cold Snap","Recycle","Coolheaded"],"gold_per_floor":[114,114,16,31,31,31,61,236,260,260,279,103,116,116,116,212,212,232,157,72,342,164,164,192,192,192,209,209,239,239],"floor_reached":30,"campfire_rested":0,"playtime":1005,"item_purchase_floors":[3,12,22],"current_hp_per_floor":[75,75,75,75,75,75,75,75,75,75,75,75,65,65,65,50,75,75,75,75,43,43,43,36,36,36,21,21,16,0],"items_purged":["Regret","Doubt","Defend_B"],"gold":239,"score":344,"play_id":"b964b9f1-766d-4e17-a909-5feb6d3244a1","local_time":"20180614212008","is_prod":false,"is_daily":false,"chose_seed":false,"is_ascension_mode":true,"campfire_upgraded":5,"win_rate":0,"timestamp":1528982408,"campfire_choices":[{"data":"Zap","floor":6,"key":"SMITH"},{"data":"Hologram","floor":10,"key":"SMITH"},{"data":"Recycle","floor":15,"key":"SMITH"},{"data":"Go for the Eyes","floor":23,"key":"SMITH"},{"data":"Electrodynamics","floor":25,"key":"SMITH"}],"path_taken":["M","?","?","M","?","R","E","?","T","R","M","$","M","$","R","BOSS","M","?","?","?","$","R","E","R","T","?","?","E","?"],"build_version":"2018-06-07v3","seed_source_timestamp":11536837771294,"purchased_purges":3,"victory":false,"master_deck":["Strike_B","Strike_B","Defend_B","Defend_B","Defend_B","Zap+1","Dualcast","Glacier","Cold Snap","Ball Lightning","Auto Shields","Hologram+1","Sweeping Beam","Recycle+1","Cold Snap","Multi-Cast","Go for the Eyes+1","Coolheaded","Electrodynamics+1","Conserve Battery","Decay","Reinforced Body"],"max_hp_per_floor":[75,75,75,75,75,75,75,75,75,75,75,75,75,75,75,75,75,75,75,75,75,75,75,85,85,85,85,85,85,85],"relics":["Cracked Core","NeowsBlessing","Blood Vial","Bird Faced Urn","Happy Flower","Runic Pyramid","Bag of Marbles","Pear","Toolbox","Pantograph"],"card_choices":[{"not_picked":["Steam","Hello World"],"picked":"Glacier","floor":1},{"not_picked":["Reinforced Body","Hologram"],"picked":"Ball Lightning","floor":4},{"not_picked":["Turbo","Heatsinks"],"picked":"Hologram","floor":7},{"not_picked":["Turbo","Steam Power"],"picked":"Sweeping Beam","floor":11},{"not_picked":["Rebound","Chaos"],"picked":"Cold Snap","floor":13},{"not_picked":["Amplify","Hyperbeam"],"picked":"Multi-Cast","floor":16},{"not_picked":["Compile Driver","Capacitor"],"picked":"Go for the Eyes","floor":18},{"not_picked":["Coolheaded","Steam Power"],"picked":"Electrodynamics","floor":24},{"not_picked":["Static Discharge","Auto Shields"],"picked":"Conserve Battery","floor":27},{"not_picked":["Auto Shields","Barrage"],"picked":"Reinforced Body","floor":29}],"player_experience":452290,"potions_floor_usage":[24,24],"damage_taken":[{"damage":0,"enemies":"Cultist","floor":1,"turns":1},{"damage":0,"enemies":"Jaw Worm","floor":4,"turns":1},{"damage":0,"enemies":"Gremlin Nob","floor":7,"turns":1},{"damage":0,"enemies":"Small Slimes","floor":11,"turns":3},{"damage":10,"enemies":"Exordium Thugs","floor":13,"turns":5},{"damage":17,"enemies":"The Guardian","floor":16,"turns":12},{"damage":0,"enemies":"Shell Parasite","floor":18,"turns":7},{"damage":19,"enemies":"Slavers","floor":24,"turns":7},{"damage":19,"enemies":"2 Thieves","floor":27,"turns":2},{"damage":9,"enemies":"Book of Stabbing","floor":29,"turns":7},{"damage":27,"enemies":"Cultist and Chosen","floor":30,"turns":3}],"relics_obtained":[{"floor":7,"key":"Bird Faced Urn"},{"floor":9,"key":"Happy Flower"},{"floor":24,"key":"Pear"},{"floor":26,"key":"Toolbox"},{"floor":29,"key":"Pantograph"}],"event_choices":[{"event_name":"Big Fish","player_choice":"Box","floor":2,"damage_taken":0},{"event_name":"Living Wall","player_choice":"Change","floor":5,"damage_taken":0},{"event_name":"Liars Game","player_choice":"agreed","floor":8,"damage_taken":0},{"event_name":"Beggar","player_choice":"Gave Gold","floor":19,"damage_taken":0},{"event_name":"Addict","player_choice":"Obtained Relic","floor":20,"damage_taken":0},{"event_name":"Knowing Skull","player_choice":"GOLD GOLD GOLD ","floor":21,"damage_taken":0},{"event_name":"Forgotten Altar","player_choice":"Smashed Altar","floor":28,"damage_taken":0}],"boss_relics":[{"not_picked":["Tiny House","Astrolabe"],"picked":"Runic Pyramid"}],"items_purged_floors":[3,12,22],"potions_floor_spawned":[1,7,29],"seed_played":"-665581140192832786","killed_by":"Cultist and Chosen","ascension_level":4,"potions_obtained":[{"floor":1,"key":"EssenceOfSteel"},{"floor":7,"key":"Explosive Potion"},{"floor":29,"key":"LiquidBronze"}],"is_trial":false}