{"gold_per_floor":[109,109,184,196,196,196,221,221,247,279,279,294,324,335,335,440,440,450,550,550,566,584,584,584,56,83,83,5,104,132,132,132,132],"floor_reached":33,"playtime":3134,"items_purged":["Defend_B"],"score":319,"play_id":"4666fceb-9c23-4302-9296-bf533b2df43c","local_time":"20190223013349","is_ascension_mode":true,"campfire_choices":[{"data":"Fusion","floor":6,"key":"SMITH"},{"data":"Go for the Eyes","floor":8,"key":"SMITH"},{"data":"Chaos","floor":11,"key":"SMITH"},{"floor":15,"key":"REST"},{"floor":23,"key":"REST"},{"floor":27,"key":"REST"},{"floor":32,"key":"REST"}],"neow_cost":"NONE","seed_source_timestamp":270272763413551,"circlet_count":0,"master_deck":["Strike_B","Strike_B","Strike_B","Strike_B","Defend_B","Defend_B","Defend_B","Zap","Dualcast","Sweeping Beam","Fusion+1","Go for the Eyes+1","Chaos+1","Leap","Compile Driver","Redo","Electrodynamics","Defragment","Beam Cell+1","Redo+1","Doom and Gloom+1","Self Repair","Streamline+1","Beam Cell+1","FTL+1","Aggregate"],"relics":["Cracked Core","NeowsBlessing","Potion Belt","Anchor","Turnip","Bag of Marbles","Lizard Tail","Nunchaku","Molten Egg 2","Emotion Chip","Omamori","Orichalcum","Nilry\u0027s Codex"],"potions_floor_usage":[10,13,18,19,22,30],"damage_taken":[{"damage":0,"enemies":"Jaw Worm","floor":1,"turns":1},{"damage":0,"enemies":"2 Louse","floor":4,"turns":1},{"damage":0,"enemies":"Gremlin Nob","floor":7,"turns":1},{"damage":17,"enemies":"Lagavulin","floor":10,"turns":8},{"damage":0,"enemies":"Cultist","floor":12,"turns":3},{"damage":22,"enemies":"3 Sentries","floor":13,"turns":5},{"damage":0,"enemies":"Looter","floor":14,"turns":4},{"damage":37,"enemies":"The Guardian","floor":16,"turns":10},{"damage":11,"enemies":"Spheric Guardian","floor":18,"turns":4},{"damage":10,"enemies":"Colosseum Slavers","floor":19,"turns":3},{"damage":54,"enemies":"Colosseum Nobs","floor":19,"turns":5},{"damage":0,"enemies":"3 Byrds","floor":21,"turns":2},{"damage":14,"enemies":"Snecko","floor":22,"turns":5},{"damage":34,"enemies":"Slavers","floor":30,"turns":5},{"damage":70,"enemies":"Automaton","floor":33,"turns":6}],"seed_played":"-827341384688177603","potions_obtained":[{"floor":1,"key":"SteroidPotion"},{"floor":7,"key":"PowerPotion"},{"floor":12,"key":"SteroidPotion"},{"floor":18,"key":"FocusPotion"},{"floor":21,"key":"PowerPotion"},{"floor":22,"key":"EssenceOfSteel"}],"is_trial":false,"path_per_floor":["M","?","?","M","$","R","E","R","T","E","R","M","E","M","R","B",null,"M","?","?","M","M","R","?","$","T","R","$","?","E","?","R","B"],"character_chosen":"DEFECT","items_purchased":["Self Repair","Emotion Chip","Streamline+1","Beam Cell+1","FTL+1"],"campfire_rested":4,"item_purchase_floors":[25,25,25,25,28],"current_hp_per_floor":[75,75,64,64,64,64,64,64,64,47,47,47,25,25,47,10,75,64,37,37,37,23,45,31,31,31,55,55,55,28,12,36,0],"gold":132,"neow_bonus":"THREE_ENEMY_KILL","is_prod":false,"is_daily":false,"chose_seed":false,"campfire_upgraded":3,"win_rate":0,"timestamp":1550907229,"path_taken":["M","?","?","M","?","R","E","R","T","E","R","?","E","M","R","BOSS","M","?","?","M","M","R","?","$","T","R","$","?","E","?","R","BOSS"],"build_version":"2019-01-23","purchased_purges":1,"victory":false,"max_hp_per_floor":[75,75,75,75,75,75,75,75,75,75,75,75,75,75,75,75,75,75,75,75,75,75,75,80,80,80,80,80,80,80,80,80,80],"card_choices":[{"not_picked":["Genetic Algorithm","Go for the Eyes"],"picked":"Sweeping Beam","floor":1},{"not_picked":["Conserve Battery","Undo"],"picked":"Fusion","floor":4},{"not_picked":["Beam Cell","Barrage"],"picked":"Go for the Eyes","floor":7},{"not_picked":["Gash","Scrape"],"picked":"Chaos","floor":10},{"not_picked":["Force Field","Coolheaded"],"picked":"Leap","floor":12},{"not_picked":["Lockon","Gash"],"picked":"Compile Driver","floor":13},{"not_picked":["Force Field","Stack"],"picked":"Redo","floor":14},{"not_picked":["Hyperbeam","Reboot"],"picked":"Electrodynamics","floor":16},{"not_picked":["Chaos","Blizzard"],"picked":"Defragment","floor":18},{"not_picked":["Static Discharge","Force Field"],"picked":"Beam Cell+1","floor":19},{"not_picked":["Gash+1","Go for the Eyes+1"],"picked":"Redo+1","floor":21},{"not_picked":["Chaos","Leap"],"picked":"Doom and Gloom+1","floor":22},{"not_picked":["BootSequence","Compile Driver+1"],"picked":"Aggregate","floor":30}],"player_experience":148798,"relics_obtained":[{"floor":7,"key":"Potion Belt"},{"floor":9,"key":"Anchor"},{"floor":10,"key":"Turnip"},{"floor":13,"key":"Bag of Marbles"},{"floor":19,"key":"Nunchaku"},{"floor":19,"key":"Molten Egg 2"},{"floor":26,"key":"Omamori"},{"floor":30,"key":"Orichalcum"},{"floor":31,"key":"Nilry\u0027s Codex"}],"event_choices":[{"damage_healed":0,"gold_gain":0,"player_choice":"Ignored","damage_taken":0,"max_hp_gain":0,"max_hp_loss":0,"event_name":"Shining Light","floor":2,"gold_loss":0},{"damage_healed":0,"gold_gain":75,"player_choice":"Gather Gold","damage_taken":11,"max_hp_gain":0,"max_hp_loss":0,"event_name":"World of Goop","floor":3,"gold_loss":0},{"damage_healed":0,"gold_gain":0,"player_choice":"Fight","damage_taken":0,"max_hp_gain":0,"max_hp_loss":0,"event_name":"Colosseum","floor":19,"gold_loss":0},{"damage_healed":0,"gold_gain":0,"player_choice":"Fought Nobs","damage_taken":0,"max_hp_gain":0,"max_hp_loss":0,"event_name":"Colosseum","floor":19,"gold_loss":0},{"damage_healed":0,"gold_gain":0,"player_choice":"Ignored","damage_taken":0,"max_hp_gain":0,"max_hp_loss":0,"event_name":"Vampires","floor":20,"gold_loss":0},{"damage_healed":0,"gold_gain":0,"player_choice":"Shed Blood","damage_taken":19,"max_hp_gain":5,"max_hp_loss":0,"event_name":"Forgotten Altar","floor":24,"gold_loss":0},{"damage_healed":0,"gold_gain":99,"player_choice":"Stole From Cult","damage_taken":0,"max_hp_gain":0,"max_hp_loss":0,"event_name":"Nest","floor":29,"gold_loss":0},{"damage_healed":0,"gold_gain":0,"player_choice":"Obtained Book","damage_taken":16,"max_hp_gain":0,"max_hp_loss":0,"event_name":"Cursed Tome","floor":31,"gold_loss":0}],"is_beta":false,"boss_relics":[{"not_picked":["Tiny House","Eternal Feather"],"picked":"Lizard Tail"}],"items_purged_floors":[25],"is_endless":false,"potions_floor_spawned":[1,7,12,18,21,22],"killed_by":"Automaton","ascension_level":1}