{"gold_per_floor":[144,144,144,189,234,324,324,369,369,369,40,85,130,175,175,475,475,520,565,610,655,655,655,655],"floor_reached":24,"playtime":4457,"items_purged":[],"score":227,"play_id":"6b20b55a-f359-4ed3-83ad-4c759cf7501a","local_time":"20190106030659","daily_mods":["Chimera","Uncertain Future","Midas"],"is_ascension_mode":false,"campfire_choices":[{"floor":7,"key":"REST"},{"floor":10,"key":"REST"},{"floor":15,"key":"REST"},{"floor":23,"key":"REST"}],"neow_cost":"","seed_source_timestamp":0,"circlet_count":0,"master_deck":["Bash","Survivor","Zap","Defend_R","Defend_B+1","Outmaneuver","Finisher","Dagger Spray","Underhanded Strike","Dagger Throw","Corpse Explosion","Prepared","Underhanded Strike","Blade Dance","Tools of the Trade+1","Underhanded Strike","Accuracy+1","Reflex","Backflip","Bite","Bite","Bite","Bite","Bite"],"special_seed":17901,"relics":["Ring of the Snake","Frozen Egg 2","Letter Opener","Pantograph","Velvet Choker"],"potions_floor_usage":[6,14,16,16,19,24,24],"damage_taken":[{"damage":1,"enemies":"Cultist","floor":1,"turns":4},{"damage":0,"enemies":"Small Slimes","floor":4,"turns":3},{"damage":7,"enemies":"Jaw Worm","floor":5,"turns":3},{"damage":10,"enemies":"Lagavulin","floor":6,"turns":7},{"damage":2,"enemies":"Exordium Wildlife","floor":8,"turns":3},{"damage":0,"enemies":"2 Fungi Beasts","floor":12,"turns":1},{"damage":0,"enemies":"Large Slime","floor":13,"turns":4},{"damage":0,"enemies":"Blue Slaver","floor":14,"turns":2},{"damage":67,"enemies":"The Guardian","floor":16,"turns":11},{"damage":25,"enemies":"Spheric Guardian","floor":18,"turns":4},{"damage":16,"enemies":"Shell Parasite","floor":19,"turns":5},{"damage":25,"enemies":"Snecko","floor":20,"turns":4},{"damage":15,"enemies":"Snake Plant","floor":21,"turns":4},{"damage":22,"enemies":"Slavers","floor":24,"turns":1}],"seed_played":"4277757570811761034","potions_obtained":[{"floor":4,"key":"Block Potion"},{"floor":5,"key":"Swift Potion"},{"floor":6,"key":"Energy Potion"},{"floor":8,"key":"AttackPotion"},{"floor":16,"key":"Regen Potion"},{"floor":19,"key":"Dexterity Potion"},{"floor":21,"key":"AttackPotion"}],"is_trial":false,"path_per_floor":["M","?","?","M","M","E","R","M","T","R","$","M","M","M","R","B",null,"M","M","M","M","?","R","E"],"character_chosen":"THE_SILENT","items_purchased":["Corpse Explosion","Pantograph"],"campfire_rested":4,"item_purchase_floors":[11,11],"current_hp_per_floor":[69,55,55,55,48,38,59,57,57,70,70,70,70,70,70,3,70,45,43,18,3,3,17,0],"gold":655,"neow_bonus":"","is_prod":false,"is_daily":true,"chose_seed":false,"campfire_upgraded":0,"win_rate":1,"timestamp":1546740419,"path_taken":["M","?","?","M","M","E","R","M","T","R","$","?","M","M","R","BOSS","M","M","M","M","?","R","E"],"build_version":"2019-01-03v4","purchased_purges":0,"victory":false,"max_hp_per_floor":[70,70,70,70,70,70,70,70,70,70,70,70,70,70,70,70,70,70,70,70,70,49,49,49],"card_choices":[{"not_picked":["Dodge and Roll","Expertise"],"picked":"Outmaneuver","floor":1},{"not_picked":["Quick Slash","PiercingWail"],"picked":"Finisher","floor":4},{"not_picked":["Riddle With Holes","Acrobatics"],"picked":"Dagger Spray","floor":5},{"not_picked":["Backflip","Sucker Punch"],"picked":"Underhanded Strike","floor":6},{"not_picked":["Sucker Punch","Wraith Form v2+1"],"picked":"Dagger Throw","floor":8},{"not_picked":["Backflip","Dodge and Roll"],"picked":"Prepared","floor":12},{"not_picked":["Slice","Dagger Throw"],"picked":"Underhanded Strike","floor":13},{"not_picked":["Sucker Punch","Riddle With Holes"],"picked":"Blade Dance","floor":14},{"not_picked":["Venomology","Envenom+1"],"picked":"Tools of the Trade+1","floor":16},{"not_picked":["Crippling Poison","Riddle With Holes+1"],"picked":"Underhanded Strike","floor":18},{"not_picked":["Dagger Throw","Sucker Punch"],"picked":"Accuracy+1","floor":19},{"not_picked":["PiercingWail+1","Acrobatics"],"picked":"Reflex","floor":20},{"not_picked":["Bullet Time","Acrobatics+1"],"picked":"Backflip","floor":21}],"player_experience":29577,"relics_obtained":[{"floor":6,"key":"Frozen Egg 2"},{"floor":9,"key":"Letter Opener"}],"event_choices":[{"damage_healed":0,"gold_gain":0,"player_choice":"Entered Light","damage_taken":14,"max_hp_gain":0,"max_hp_loss":0,"event_name":"Shining Light","floor":2,"gold_loss":0,"cards_upgraded":["Strike_R","Defend_B"]},{"cards_removed":["Defend_G"],"damage_healed":0,"gold_gain":0,"player_choice":"Offered Basic","damage_taken":0,"max_hp_gain":0,"max_hp_loss":0,"event_name":"Bonfire Elementals","floor":3,"gold_loss":0},{"damage_healed":0,"gold_gain":0,"player_choice":"Became a vampire","damage_taken":0,"max_hp_gain":0,"max_hp_loss":21,"event_name":"Vampires","floor":22,"gold_loss":0,"cards_obtained":["Bite","Bite","Bite","Bite","Bite"]}],"is_beta":false,"boss_relics":[{"not_picked":["White Beast Statue","Eternal Feather"],"picked":"Velvet Choker"}],"items_purged_floors":[],"is_endless":false,"potions_floor_spawned":[4,5,6,8,16,19,21],"killed_by":"Slavers","ascension_level":0}