{"gold_per_floor":[110,122,72,247,258,292,305,305,332,287],"floor_reached":10,"playtime":679,"items_purged":[],"score":68,"play_id":"3249c0e1-b87e-465c-928f-37174ab0c11d","local_time":"20180925070413","is_ascension_mode":false,"campfire_choices":[{"data":"Offering","floor":8,"key":"SMITH"}],"neow_cost":"","seed_source_timestamp":602857589751873,"circlet_count":0,"master_deck":["Strike_R","Strike_R","Strike_R","Strike_R","Strike_R","Defend_R","Defend_R","Defend_R","Bash","Corruption","Shockwave","Doubt","Infernal Blade","Offering+1","Clash"],"relics":["Burning Blood","Art of War","Blood Vial"],"potions_floor_usage":[6],"damage_taken":[{"damage":17,"enemies":"Jaw Worm","floor":1,"turns":7},{"damage":8,"enemies":"Small Slimes","floor":2,"turns":4},{"damage":1,"enemies":"2 Louse","floor":5,"turns":3},{"damage":67,"enemies":"3 Sentries","floor":6,"turns":10},{"damage":10,"enemies":"Blue Slaver","floor":7,"turns":4},{"damage":17,"enemies":"Looter","floor":10,"turns":3}],"seed_played":"264845736471397911","potions_obtained":[{"floor":1,"key":"Fire Potion"},{"floor":5,"key":"Dexterity Potion"},{"floor":7,"key":"BloodPotion"}],"is_trial":false,"path_per_floor":["M","M","?","?","M","E","M","R","T"],"character_chosen":"IRONCLAD","items_purchased":[],"campfire_rested":0,"item_purchase_floors":[],"current_hp_per_floor":[69,67,67,67,72,11,7,7,7,0],"gold":287,"neow_bonus":"","is_prod":false,"is_daily":false,"chose_seed":false,"campfire_upgraded":1,"win_rate":0.0,"timestamp":1537833853,"path_taken":["M","M","?","?","M","E","M","R","T","?"],"build_version":"2018-09-20","purchased_purges":0,"victory":false,"max_hp_per_floor":[80,80,80,80,80,80,80,80,80,80],"card_choices":[{"not_picked":["Rupture","Perfected Strike"],"picked":"Corruption","floor":1},{"not_picked":["Power Through","Cleave"],"picked":"Shockwave","floor":2},{"not_picked":["Ghostly Armor","Burning Pact"],"picked":"Infernal Blade","floor":5},{"not_picked":["Anger","Cleave"],"picked":"Offering","floor":6},{"not_picked":["Heavy Blade","Spot Weakness"],"picked":"Clash","floor":7}],"player_experience":119312,"relics_obtained":[{"floor":6,"key":"Art of War"},{"floor":9,"key":"Blood Vial"}],"event_choices":[{"event_name":"The Cleric","player_choice":"Card Removal","floor":3,"damage_taken":0},{"event_name":"Liars Game","player_choice":"agreed","floor":4,"damage_taken":0}],"is_beta":false,"boss_relics":[],"items_purged_floors":[],"is_endless":false,"potions_floor_spawned":[1,5,7],"killed_by":"Looter","ascension_level":0}