{"gold_per_floor":[111,37,52,65,65,65,95,107,169,199,229,261,273,313,325,441,453,476,488,425,448,9,38,38,52,52,52,71,101,112,174,174,270,270,287,287,300,313,313,313,36,48,48,48,63,63,89,103,103,103,103,103,33,59,59],"floor_reached":56,"playtime":4762,"items_purged":["Strike_B"],"score":1468,"play_id":"520a7c80-178c-440d-afcc-8c70d5a63c94","local_time":"20190210110158","is_ascension_mode":true,"campfire_choices":[{"data":"Go for the Eyes","floor":6.0,"key":"SMITH"},{"data":"Self Repair","floor":8.0,"key":"SMITH"},{"data":"Chaos","floor":15.0,"key":"SMITH"},{"data":"Hologram","floor":24.0,"key":"SMITH"},{"data":"Creative AI","floor":27.0,"key":"SMITH"},{"data":"Darkness","floor":32.0,"key":"SMITH"},{"data":"Fission","floor":40.0,"key":"SMITH"},{"data":"White Noise","floor":44.0,"key":"SMITH"},{"data":"Defragment","floor":46.0,"key":"SMITH"},{"floor":49,"key":"RECALL"},{"data":"Blizzard","floor":52,"key":"SMITH"}],"neow_cost":"NONE","seed_source_timestamp":0,"circlet_count":0,"master_deck":["Strike_B","Strike_B+1","Defend_B","Defend_B","Defend_B","Defend_B","Zap+1","Dualcast+1","Cold Snap","Self Repair+1","Go for the Eyes+1","Defragment+1","Hologram+1","Darkness+1","BootSequence","Chaos+1","Creative AI+1","Glacier+1","Glacier","Blizzard+1","Ball Lightning","Coolheaded+1","Loop","Conserve Battery+1","Capacitor+1","Compile Driver","Fission+1","Cold Snap+1","White Noise+1","Defragment+1","Glacier+1","Go for the Eyes+1","White Noise","Hologram+1"],"special_seed":0,"relics":["FrozenCore","MawBank","Orichalcum","Letter Opener","ClockworkSouvenir","Unceasing Top","Ancient Tea Set","DataDisk","Tiny Chest","Sozu","Ginger","Mummified Hand","Girya","War Paint"],"potions_floor_usage":[55,55],"damage_taken":[{"damage":1.0,"enemies":"Cultist","floor":1.0,"turns":3.0},{"damage":7.0,"enemies":"Jaw Worm","floor":3.0,"turns":3.0},{"damage":0.0,"enemies":"2 Louse","floor":4.0,"turns":2.0},{"damage":8.0,"enemies":"Lagavulin","floor":7.0,"turns":8.0},{"damage":6.0,"enemies":"Looter","floor":10.0,"turns":4.0},{"damage":0.0,"enemies":"Blue Slaver","floor":11.0,"turns":4.0},{"damage":0.0,"enemies":"Gremlin Gang","floor":12.0,"turns":5.0},{"damage":12.0,"enemies":"Gremlin Nob","floor":14.0,"turns":4.0},{"damage":22.0,"enemies":"Hexaghost","floor":16.0,"turns":10.0},{"damage":14.0,"enemies":"Shell Parasite","floor":18.0,"turns":5.0},{"damage":1.0,"enemies":"Spheric Guardian","floor":21.0,"turns":6.0},{"damage":10.0,"enemies":"Book of Stabbing","floor":23.0,"turns":7.0},{"damage":9.0,"enemies":"Centurion and Healer","floor":25.0,"turns":8.0},{"damage":23.0,"enemies":"3 Cultists","floor":28.0,"turns":6.0},{"damage":32.0,"enemies":"Gremlin Leader","floor":29.0,"turns":7.0},{"damage":0.0,"enemies":"Snake Plant","floor":30.0,"turns":7.0},{"damage":13.0,"enemies":"Book of Stabbing","floor":31.0,"turns":9.0},{"damage":7.0,"enemies":"Collector","floor":33.0,"turns":14.0},{"damage":18.0,"enemies":"3 Darklings","floor":35.0,"turns":7.0},{"damage":6.0,"enemies":"Orb Walker","floor":37.0,"turns":6.0},{"damage":0.0,"enemies":"Maw","floor":38.0,"turns":8.0},{"damage":4.0,"enemies":"Transient","floor":42.0,"turns":5.0},{"damage":0.0,"enemies":"Sphere and 2 Shapes","floor":45.0,"turns":4.0},{"damage":0.0,"enemies":"Giant Head","floor":47.0,"turns":8.0},{"damage":0,"enemies":"Spire Growth","floor":48,"turns":4},{"damage":16,"enemies":"Awakened One","floor":50,"turns":13},{"damage":11,"enemies":"Shield and Spear","floor":54,"turns":8},{"damage":4,"enemies":"The Heart","floor":55,"turns":14}],"seed_played":"3244004125897091702","potions_obtained":[{"floor":4.0,"key":"SkillPotion"},{"floor":7.0,"key":"Ancient Potion"},{"floor":11.0,"key":"Poison Potion"},{"floor":16.0,"key":"Energy Potion"},{"floor":23.0,"key":"AttackPotion"},{"floor":25.0,"key":"Poison Potion"},{"floor":29.0,"key":"PowerPotion"},{"floor":31.0,"key":"Block Potion"},{"floor":33.0,"key":"Block Potion"}],"is_trial":false,"path_per_floor":["M","$","M","M","?","R","E","R","T","M","M","M","?","E","R","B",null,"M","?","?","M","$","E","R","M","T","R","M","E","M","E","R","B",null,"M","?","M","M","T","R","$","M","T","R","M","R","E","M","R","B",null,"R","$","E","B",null],"character_chosen":"DEFECT","items_purchased":["GamblersBrew","Blizzard","Ball Lightning","ClockworkSouvenir","Coolheaded","PowerPotion","Mummified Hand","White Noise","White Noise"],"campfire_rested":0,"item_purchase_floors":[2,22,22,22,22,22,41,41,53],"current_hp_per_floor":[74,74,67,67,72,72,71,71,71,75,80,80,64,62,62,50,73,69,69,69,78,78,78,78,79,79,79,66,44,54,51,51,54,74,66,66,70,80,80,80,80,80,80,80,80,80,80,80,80,74,79,79,79,78,80],"gold":59,"neow_bonus":"UPGRADE_CARD","is_prod":false,"is_daily":false,"chose_seed":false,"campfire_upgraded":10,"win_rate":0,"timestamp":1549825318,"path_taken":["M","?","?","M","?","R","E","R","T","M","M","M","?","E","R","BOSS","M","?","?","M","$","E","R","M","T","R","M","E","M","E","R","BOSS","M","?","M","M","?","R","$","M","T","R","M","R","E","M","R","BOSS","R","$","E","BOSS"],"build_version":"2019-01-23","purchased_purges":1,"victory":true,"max_hp_per_floor":[75,75,75,75,80,80,80,80,80,80,80,80,80,80,80,80,80,80,80,80,80,80,80,80,80,80,80,80,80,80,80,80,80,80,80,80,80,80,80,80,80,80,80,80,80,80,80,80,80,80,80,80,80,80,80],"card_choices":[{"not_picked":["Stack","Redo"],"picked":"Cold Snap","floor":1.0},{"not_picked":["Steam","Go for the Eyes"],"picked":"Self Repair","floor":3.0},{"not_picked":["Beam Cell","Hologram"],"picked":"Go for the Eyes","floor":4.0},{"not_picked":["Reboot","Compile Driver"],"picked":"Defragment","floor":7.0},{"not_picked":["Rip and Tear","Rebound"],"picked":"Hologram","floor":10.0},{"not_picked":["Force Field","Sunder"],"picked":"Darkness","floor":11.0},{"not_picked":["Barrage","Turbo"],"picked":"BootSequence","floor":12.0},{"not_picked":["Gash","Fission"],"picked":"Chaos","floor":14.0},{"not_picked":["Machine Learning","Meteor Strike"],"picked":"Creative AI","floor":16.0},{"not_picked":["Stack","Sunder"],"picked":"Glacier+1","floor":18.0},{"not_picked":["Rebound","Skim"],"picked":"Glacier","floor":21.0},{"not_picked":["Hologram+1","Scrape"],"picked":"Loop","floor":23.0},{"not_picked":["Compile Driver","Rebound"],"picked":"Conserve Battery+1","floor":25.0},{"not_picked":["Gash+1","Auto Shields+1"],"picked":"Capacitor+1","floor":28.0},{"not_picked":["Leap","Reinforced Body","Creative AI"],"picked":"SKIP","floor":29.0},{"not_picked":["Rebound+1","Leap+1","Conserve Battery"],"picked":"SKIP","floor":30.0},{"not_picked":["Leap+1","Stack+1"],"picked":"Compile Driver","floor":31.0},{"not_picked":["Core Surge","Reboot"],"picked":"Fission","floor":33.0},{"not_picked":["Turbo","Coolheaded+1","Conserve Battery+1"],"picked":"SKIP","floor":35.0},{"not_picked":["Sweeping Beam","Darkness","Stack"],"picked":"SKIP","floor":37.0},{"not_picked":["Coolheaded+1","Stack"],"picked":"Cold Snap+1","floor":38.0},{"not_picked":["Conserve Battery","Streamline+1","Cold Snap+1"],"picked":"SKIP","floor":42.0},{"not_picked":["Seek","Lockon"],"picked":"Defragment","floor":45.0},{"not_picked":["Redo","Undo+1"],"picked":"Glacier+1","floor":47.0},{"not_picked":["Ball Lightning+1","Stack"],"picked":"Go for the Eyes+1","floor":48},{"not_picked":["Turbo","Hello World"],"picked":"Hologram+1","floor":54}],"player_experience":432540,"relics_obtained":[{"floor":7.0,"key":"MawBank"},{"floor":9.0,"key":"Orichalcum"},{"floor":14.0,"key":"Letter Opener"},{"floor":23.0,"key":"Unceasing Top"},{"floor":26.0,"key":"Ancient Tea Set"},{"floor":29.0,"key":"DataDisk"},{"floor":31.0,"key":"Tiny Chest"},{"floor":39.0,"key":"Ginger"},{"floor":47.0,"key":"Girya"},{"floor":54,"key":"War Paint"}],"event_choices":[{"damage_healed":0.0,"max_hp_gain":5.0,"max_hp_loss":0.0,"gold_gain":0.0,"event_name":"Big Fish","player_choice":"Donut","floor":5.0,"gold_loss":0.0,"damage_taken":0.0},{"damage_healed":0.0,"max_hp_gain":0.0,"max_hp_loss":0.0,"gold_gain":0.0,"event_name":"Shining Light","player_choice":"Entered Light","floor":13.0,"gold_loss":0.0,"damage_taken":16.0,"cards_upgraded":["Defragment","Strike_B"]},{"damage_healed":0.0,"max_hp_gain":0.0,"max_hp_loss":0.0,"gold_gain":0.0,"event_name":"Vampires","player_choice":"Ignored","floor":19.0,"gold_loss":0.0,"damage_taken":0.0},{"cards_removed":["Strike_B"],"damage_healed":0.0,"max_hp_gain":0.0,"max_hp_loss":0.0,"gold_gain":0.0,"event_name":"Beggar","player_choice":"Gave Gold","floor":20.0,"gold_loss":75.0,"damage_taken":0.0},{"damage_healed":0.0,"max_hp_gain":0.0,"max_hp_loss":0.0,"gold_gain":0.0,"event_name":"Tomb of Lord Red Mask","player_choice":"Ignored","floor":36.0,"gold_loss":0.0,"damage_taken":0.0}],"is_beta":false,"boss_relics":[{"not_picked":["Cursed Key","Calling Bell"],"picked":"FrozenCore"},{"not_picked":["Empty Cage","Pandora\u0027s Box"],"picked":"Sozu"}],"items_purged_floors":[22],"is_endless":false,"potions_floor_spawned":[4,7,11,16,23,25,29,31,33,37,38,47],"ascension_level":5}