{"gold_per_floor":[14,14,25,41,58,58,78,91,91,103,103,103,123,140,140,238,238,251,123,48,48,65,65,65,65,65,65,65,76,76,92,92,190,190,208,208,32,45,45,45,45,45,69,89,104,0,12,12],"floor_reached":48,"playtime":5447,"items_purged":["Strike_G","Survivor"],"score":541,"play_id":"be14b6fd-0980-487d-a942-e5c4a3cb644c","local_time":"20190127155855","is_ascension_mode":true,"campfire_choices":[{"data":"Poisoned Stab","floor":6,"key":"SMITH"},{"floor":11,"key":"REST"},{"data":"Deadly Poison","floor":15,"key":"SMITH"},{"data":"After Image","floor":23,"key":"SMITH"},{"data":"Footwork","floor":25,"key":"SMITH"},{"floor":32,"key":"REST"},{"floor":40,"key":"RECALL"},{"data":"Footwork","floor":42,"key":"SMITH"}],"neow_cost":"NO_GOLD","seed_source_timestamp":1505496102974552,"circlet_count":0,"master_deck":["Defend_G+1","Defend_G+1","Defend_G+1","Defend_G+1","Defend_G+1","Neutralize","Deadly Poison+1","After Image+1","Deadly Poison+1","Poisoned Stab","Setup","Footwork+1","Crippling Poison","Deadly Poison","Corpse Explosion","Well Laid Plans+1","Footwork+1","After Image","Footwork"],"relics":["Ring of the Snake","Juzu Bracelet","Sozu","Question Card","MutagenicStrength","Nilry\u0027s Codex","Lizard Tail","Red Mask"],"potions_floor_usage":[16,16,16,33],"damage_taken":[{"damage":11,"enemies":"Jaw Worm","floor":1,"turns":11},{"damage":0,"enemies":"2 Louse","floor":3,"turns":3},{"damage":4,"enemies":"Cultist","floor":4,"turns":6},{"damage":1,"enemies":"3 Louse","floor":5,"turns":7},{"damage":1,"enemies":"Large Slime","floor":7,"turns":5},{"damage":11,"enemies":"Exordium Thugs","floor":8,"turns":7},{"damage":8,"enemies":"3 Louse","floor":10,"turns":4},{"damage":0,"enemies":"Large Slime","floor":13,"turns":5},{"damage":0,"enemies":"Looter","floor":14,"turns":4},{"damage":38,"enemies":"Hexaghost","floor":16,"turns":8},{"damage":0,"enemies":"Shell Parasite","floor":18,"turns":4},{"damage":2,"enemies":"3 Byrds","floor":22,"turns":6},{"damage":0,"enemies":"Centurion and Healer","floor":29,"turns":5},{"damage":3,"enemies":"Sentry and Sphere","floor":31,"turns":5},{"damage":51,"enemies":"Collector","floor":33,"turns":7},{"damage":0,"enemies":"Orb Walker","floor":35,"turns":4},{"damage":21,"enemies":"3 Darklings","floor":38,"turns":4},{"damage":28,"enemies":"Maw","floor":44,"turns":9},{"damage":18,"enemies":"Sphere and 2 Shapes","floor":45,"turns":7},{"damage":23,"enemies":"Transient","floor":47,"turns":5},{"damage":17,"enemies":"Reptomancer","floor":48,"turns":2}],"seed_played":"-1726319995674871826","potions_obtained":[{"floor":4,"key":"GhostInAJar"},{"floor":5,"key":"FearPotion"},{"floor":10,"key":"Energy Potion"},{"floor":16,"key":"Dexterity Potion"}],"is_trial":false,"path_per_floor":["M","$","M","M","M","R","M","M","T","M","R","?","M","M","R","B",null,"M","$","?","?","M","R","?","R","T","?","?","M","?","M","R","B",null,"M","?","$","M","?","R","?","R","T","M","M","?","M","E"],"character_chosen":"THE_SILENT","items_purchased":["Poisoned Stab","Footwork"],"campfire_rested":2,"item_purchase_floors":[19,37],"current_hp_per_floor":[59,59,59,55,54,54,53,42,42,34,55,55,55,55,55,17,70,70,70,70,70,68,68,68,68,68,68,68,68,52,49,70,19,70,70,70,70,49,49,49,49,49,49,21,3,3,14,0],"gold":12,"neow_bonus":"REMOVE_TWO","is_prod":false,"is_daily":false,"chose_seed":false,"campfire_upgraded":5,"win_rate":0,"timestamp":1548626335,"path_taken":["M","$","M","M","M","R","M","M","T","M","R","?","M","M","R","BOSS","M","$","?","?","M","R","?","R","T","?","?","M","?","M","R","BOSS","M","?","$","M","?","R","?","R","T","M","M","?","M","E"],"build_version":"2019-01-23","purchased_purges":2,"victory":false,"max_hp_per_floor":[70,70,70,70,70,70,70,70,70,70,70,70,70,70,70,70,70,70,70,70,70,70,70,70,70,70,70,70,70,70,70,70,70,70,70,70,70,70,70,70,66,66,66,66,66,66,66,66],"card_choices":[{"not_picked":["PiercingWail","Dodge and Roll","Quick Slash"],"picked":"SKIP","floor":1},{"not_picked":["Glass Knife","Outmaneuver"],"picked":"Poisoned Stab","floor":3},{"not_picked":["Deflect","Escape Plan"],"picked":"Poisoned Stab","floor":4},{"not_picked":["Deflect","Escape Plan","Sucker Punch"],"picked":"SKIP","floor":5},{"not_picked":["Outmaneuver","Skewer","Tactician"],"picked":"SKIP","floor":7},{"not_picked":["Riddle With Holes","Quick Slash","Deflect"],"picked":"SKIP","floor":8},{"not_picked":["Setup","Poisoned Stab"],"picked":"Deadly Poison","floor":10},{"not_picked":["Tools of the Trade","Dodge and Roll","Backflip"],"picked":"SKIP","floor":13},{"not_picked":["Caltrops","Riddle With Holes","Backflip"],"picked":"SKIP","floor":14},{"not_picked":["Wraith Form v2","Tools of the Trade"],"picked":"After Image","floor":16},{"not_picked":["Cloak And Dagger","Slice"],"picked":"Deadly Poison+1","floor":18},{"not_picked":["Poisoned Stab+1","Bane"],"picked":"Footwork","floor":22},{"not_picked":["Dagger Spray","Prepared","Endless Agony"],"picked":"Crippling Poison","floor":29},{"not_picked":["Prepared","Quick Slash","Bane"],"picked":"Deadly Poison","floor":31},{"not_picked":["Malaise","A Thousand Cuts","Wraith Form v2"],"picked":"Corpse Explosion","floor":33},{"not_picked":["Flying Knee+1","Quick Slash","Poisoned Stab"],"picked":"Well Laid Plans+1","floor":35},{"not_picked":["Flying Knee","Predator+1","Outmaneuver","Backflip+1"],"picked":"SKIP","floor":38},{"not_picked":["Underhanded Strike+1","Prepared","Flying Knee+1"],"picked":"After Image","floor":44},{"not_picked":["Deflect+1","Eviscerate+1","Distraction","Reflex+1"],"picked":"SKIP","floor":45},{"not_picked":["Catalyst+1","Concentrate+1","All Out Attack"],"picked":"Footwork","floor":47}],"player_experience":1149536,"relics_obtained":[{"floor":9,"key":"Juzu Bracelet"},{"floor":26,"key":"Question Card"},{"floor":30,"key":"Nilry\u0027s Codex"}],"event_choices":[{"damage_healed":0,"gold_gain":0,"player_choice":"Ignored","damage_taken":0,"max_hp_gain":0,"max_hp_loss":0,"event_name":"Liars Game","floor":12,"gold_loss":0},{"cards_removed":["Strike_G"],"damage_healed":0,"gold_gain":0,"player_choice":"Gave Gold","damage_taken":0,"max_hp_gain":0,"max_hp_loss":0,"event_name":"Beggar","floor":20,"gold_loss":75},{"damage_healed":0,"gold_gain":0,"cards_transformed":["Strike_G"],"player_choice":"Transformed","damage_taken":0,"max_hp_gain":0,"max_hp_loss":0,"event_name":"Transmorgrifier","floor":21,"gold_loss":0,"cards_obtained":["Setup"]},{"damage_healed":0,"gold_gain":0,"player_choice":"Simplicity","damage_taken":0,"max_hp_gain":0,"max_hp_loss":0,"event_name":"Back to Basics","floor":24,"gold_loss":0,"cards_upgraded":["Defend_G","Defend_G","Defend_G","Defend_G","Defend_G"]},{"damage_healed":0,"gold_gain":0,"player_choice":"Inject Mutagens","damage_taken":0,"relics_obtained":["MutagenicStrength"],"max_hp_gain":0,"max_hp_loss":0,"event_name":"Drug Dealer","floor":27,"gold_loss":0},{"damage_healed":0,"gold_gain":0,"player_choice":"Obtained Book","damage_taken":16,"max_hp_gain":0,"max_hp_loss":0,"event_name":"Cursed Tome","floor":30,"gold_loss":0},{"cards_removed":["Poisoned Stab"],"damage_healed":0,"gold_gain":0,"player_choice":"Removed Attack","damage_taken":0,"max_hp_gain":0,"max_hp_loss":0,"event_name":"Falling","floor":36,"gold_loss":0},{"cards_removed":["Poisoned Stab"],"damage_healed":0,"gold_gain":0,"player_choice":"Purged","damage_taken":0,"max_hp_gain":0,"max_hp_loss":0,"event_name":"Purifier","floor":39,"gold_loss":0},{"damage_healed":0,"gold_gain":0,"player_choice":"Max HP","damage_taken":0,"max_hp_gain":0,"max_hp_loss":4,"event_name":"Winding Halls","floor":41,"gold_loss":0},{"damage_healed":0,"gold_gain":0,"player_choice":"Paid","damage_taken":0,"relics_obtained":["Red Mask"],"max_hp_gain":0,"max_hp_loss":0,"event_name":"Tomb of Lord Red Mask","floor":46,"gold_loss":104}],"is_beta":false,"boss_relics":[{"not_picked":["Astrolabe","Pandora\u0027s Box"],"picked":"Sozu"},{"not_picked":["Busted Crown","Runic Pyramid"],"picked":"Lizard Tail"}],"items_purged_floors":[19,37],"is_endless":false,"potions_floor_spawned":[4,5,10,14,16,29,33,35,38,44],"killed_by":"Reptomancer","ascension_level":4}