{"gold_per_floor":[115,125,140,155,155,181,26,26,104,104,123,138,138,172,172,277,277,289,307,324,18,18,18,47,47],"floor_reached":25,"playtime":2013,"items_purged":["Defend_G"],"score":268,"play_id":"8f2f9a59-b07b-4ac2-b521-ff3e09df24c7","local_time":"20181026200251","is_ascension_mode":true,"campfire_choices":[{"floor":8,"key":"REST"},{"data":"Dagger Spray","floor":10,"key":"SMITH"},{"floor":15,"key":"REST"},{"floor":23,"key":"REST"}],"neow_cost":"NONE","seed_source_timestamp":1439942470464103,"circlet_count":0,"master_deck":["Defend_G","Defend_G","Defend_G","Defend_G","Strike_G","Strike_G","Strike_G","Survivor","Neutralize","Dagger Spray","Dagger Spray+1","Calculated Gamble","Blade Dance","Die Die Die","Prepared","Envenom+1","Terror","Infinite Blades+1","PiercingWail","Cloak And Dagger","Riddle With Holes","Finisher","Endless Agony"],"relics":["Ring of the Snake","Bird Faced Urn","Vajra","Frozen Egg 2","Omamori","Orrery","Regal Pillow","Prayer Wheel"],"potions_floor_usage":[14,16,16,20,25],"damage_taken":[{"damage":0,"enemies":"Cultist","floor":1,"turns":5},{"damage":6,"enemies":"2 Louse","floor":2,"turns":2},{"damage":1,"enemies":"Jaw Worm","floor":3,"turns":3},{"damage":6,"enemies":"Lots of Slimes","floor":4,"turns":2},{"damage":24,"enemies":"3 Sentries","floor":6,"turns":5},{"damage":9,"enemies":"Large Slime","floor":11,"turns":4},{"damage":6,"enemies":"Looter","floor":12,"turns":2},{"damage":8,"enemies":"Gremlin Nob","floor":14,"turns":3},{"damage":35,"enemies":"Hexaghost","floor":16,"turns":11},{"damage":16,"enemies":"3 Byrds","floor":18,"turns":4},{"damage":12,"enemies":"Chosen","floor":19,"turns":3},{"damage":35,"enemies":"Snake Plant","floor":20,"turns":3},{"damage":42,"enemies":"Book of Stabbing","floor":24,"turns":5},{"damage":17,"enemies":"Cultist and Chosen","floor":25,"turns":4}],"seed_played":"-9116674782183570236","potions_obtained":[{"floor":2,"key":"FearPotion"},{"floor":6,"key":"LiquidBronze"},{"floor":14,"key":"Swift Potion"},{"floor":16,"key":"Poison Potion"},{"floor":18,"key":"Fire Potion"},{"floor":24,"key":"GamblersBrew"}],"is_trial":false,"path_per_floor":["M","M","M","M","?","E","$","R","T","R","M","M","?","E","R","B",null,"M","M","M","$","?","R","E"],"character_chosen":"THE_SILENT","items_purchased":["Vajra","Endless Agony","Regal Pillow"],"campfire_rested":3,"item_purchase_floors":[7,21,21],"current_hp_per_floor":[70,64,63,57,57,33,33,54,54,54,45,39,32,24,45,10,70,54,46,15,15,15,51,13,0],"gold":47,"neow_bonus":"REMOVE_CARD","is_prod":false,"is_daily":false,"chose_seed":false,"campfire_upgraded":1,"win_rate":0,"timestamp":1540609371,"path_taken":["M","?","M","M","?","E","$","R","T","R","M","M","?","E","R","BOSS","M","M","M","$","?","R","E","?"],"build_version":"2018-10-25v2","purchased_purges":1,"victory":false,"max_hp_per_floor":[70,70,70,70,70,70,70,70,70,70,70,70,70,70,70,70,70,70,70,70,70,70,70,70,70],"card_choices":[{"not_picked":["Slice","Choke"],"picked":"Dagger Spray","floor":1},{"not_picked":["Bane","Deflect"],"picked":"Dagger Spray","floor":2},{"not_picked":["Expertise","Flechettes"],"picked":"Calculated Gamble","floor":3},{"not_picked":["Underhanded Strike","Choke"],"picked":"Blade Dance","floor":4},{"not_picked":["Dagger Spray","Blur"],"picked":"Die Die Die","floor":6},{"not_picked":["Predator","Dodge and Roll"],"picked":"Prepared","floor":11},{"not_picked":["Dagger Spray","Outmaneuver","Caltrops+1"],"picked":"SKIP","floor":12},{"not_picked":["Distraction","Outmaneuver","Crippling Poison"],"picked":"SKIP","floor":14},{"not_picked":["A Thousand Cuts+1","Corpse Explosion"],"picked":"Envenom+1","floor":16},{"not_picked":["Underhanded Strike","Flying Knee"],"picked":"Terror","floor":17},{"not_picked":["Sucker Punch","Concentrate"],"picked":"Infinite Blades+1","floor":17},{"not_picked":["Sucker Punch","Riddle With Holes"],"picked":"PiercingWail","floor":17},{"not_picked":["Poisoned Stab","Quick Slash"],"picked":"Cloak And Dagger","floor":17},{"not_picked":["Concentrate","Blade Dance"],"picked":"Riddle With Holes","floor":17},{"not_picked":["Caltrops+1","Slice"],"picked":"Finisher","floor":18},{"not_picked":["Acrobatics","Dash","Dagger Throw"],"picked":"SKIP","floor":19},{"not_picked":["Glass Knife","Deadly Poison","Crippling Poison"],"picked":"SKIP","floor":20},{"not_picked":["Deflect","Footwork+1","Sucker Punch"],"picked":"SKIP","floor":24}],"player_experience":120331,"relics_obtained":[{"floor":6,"key":"Bird Faced Urn"},{"floor":9,"key":"Frozen Egg 2"},{"floor":14,"key":"Omamori"},{"floor":24,"key":"Prayer Wheel"}],"event_choices":[{"damage_healed":0,"gold_gain":0,"player_choice":"Ignored","damage_taken":0,"max_hp_gain":0,"max_hp_loss":0,"event_name":"Liars Game","floor":5,"gold_loss":0},{"cards_removed":["Strike_G"],"damage_healed":0,"gold_gain":0,"player_choice":"Card Removal","damage_taken":7,"max_hp_gain":0,"max_hp_loss":0,"event_name":"Golden Wing","floor":13,"gold_loss":0},{"damage_healed":0,"gold_gain":0,"player_choice":"Ignored","damage_taken":0,"max_hp_gain":0,"max_hp_loss":0,"event_name":"Beggar","floor":22,"gold_loss":0}],"is_beta":false,"boss_relics":[{"not_picked":["Philosopher\u0027s Stone","Snecko Eye"],"picked":"Orrery"}],"items_purged_floors":[21],"is_endless":false,"potions_floor_spawned":[2,6,14,16,18,24],"killed_by":"Cultist and Chosen","ascension_level":3}