{"gold_per_floor":[209,209,134,114,129,129,143,143,167,183,208,239,260,279,279,279],"floor_reached":16,"playtime":878,"items_purged":["Strike_R"],"score":125,"play_id":"f458297c-13e0-41ed-8a14-4b4d9032e200","local_time":"20190214222921","is_ascension_mode":true,"campfire_choices":[{"data":"Warcry","floor":6.0,"key":"SMITH"},{"data":"Inflame","floor":8.0,"key":"SMITH"},{"floor":15,"key":"REST"}],"neow_cost":"NONE","seed_source_timestamp":0,"circlet_count":0,"master_deck":["Strike_R","Strike_R","Strike_R","Strike_R","Defend_R","Defend_R","Defend_R","Defend_R","Bash","Warcry+1","Inflame+1","Heavy Blade","Disarm","Battle Trance"],"special_seed":0,"relics":["Burning Blood","Golden Idol","Sundial"],"potions_floor_usage":[],"damage_taken":[{"damage":7.0,"enemies":"Jaw Worm","floor":1.0,"turns":4.0},{"damage":1.0,"enemies":"Cultist","floor":5.0,"turns":4.0},{"damage":4.0,"enemies":"2 Louse","floor":7.0,"turns":3.0},{"damage":16.0,"enemies":"Exordium Thugs","floor":10.0,"turns":4.0},{"damage":11.0,"enemies":"Blue Slaver","floor":11.0,"turns":4.0},{"damage":49.0,"enemies":"Lagavulin","floor":12.0,"turns":10.0},{"damage":10.0,"enemies":"Gremlin Gang","floor":13.0,"turns":7.0},{"damage":7.0,"enemies":"3 Louse","floor":14.0,"turns":5.0},{"damage":46,"enemies":"The Guardian","floor":16,"turns":8}],"seed_played":"-597509814660970276","potions_obtained":[{"floor":4.0,"key":"Fruit Juice"},{"floor":5.0,"key":"FearPotion"},{"floor":11.0,"key":"Energy Potion"},{"floor":13.0,"key":"Fruit Juice"},{"floor":14.0,"key":"Explosive Potion"}],"is_trial":false,"path_per_floor":["?","?"],"character_chosen":"IRONCLAD","items_purchased":[],"campfire_rested":1,"item_purchase_floors":[],"current_hp_per_floor":[79,74,74,79,79,79,79,79,79,69,64,21,22,21,46,0],"gold":279,"neow_bonus":"HUNDRED_GOLD","is_prod":false,"is_daily":false,"chose_seed":false,"campfire_upgraded":2,"win_rate":0,"timestamp":1550179761,"path_taken":["M","?","$","?","M","R","M","R","T","M","M","E","M","M","R","BOSS"],"build_version":"2019-01-23","purchased_purges":1,"victory":false,"max_hp_per_floor":[80,74,74,79,79,79,79,79,79,79,79,79,84,84,84,84],"card_choices":[{"not_picked":["Sword Boomerang","Shrug It Off"],"picked":"Warcry","floor":1.0},{"not_picked":["Twin Strike","Clash","Wild Strike"],"picked":"SKIP","floor":5.0},{"not_picked":["Havoc","Uppercut"],"picked":"Inflame","floor":7.0},{"not_picked":["Clothesline","Metallicize"],"picked":"Heavy Blade","floor":10.0},{"not_picked":["Combust","True Grit"],"picked":"Disarm","floor":11.0},{"not_picked":["Iron Wave","Heavy Blade","Bludgeon"],"picked":"SKIP","floor":12.0},{"not_picked":["Wild Strike","Seeing Red"],"picked":"Battle Trance","floor":13.0},{"not_picked":["Corruption","Pummel","Flex"],"picked":"SKIP","floor":14.0}],"player_experience":190746,"relics_obtained":[{"floor":12.0,"key":"Sundial"}],"event_choices":[{"damage_healed":0.0,"max_hp_gain":0.0,"max_hp_loss":6.0,"gold_gain":0.0,"event_name":"Golden Idol","player_choice":"Lose Max HP","floor":2.0,"gold_loss":0.0,"damage_taken":0.0,"relics_obtained":["Golden Idol"]},{"damage_healed":0.0,"max_hp_gain":0.0,"max_hp_loss":0.0,"gold_gain":0.0,"event_name":"The Woman in Blue","player_choice":"Bought 1 Potion","floor":4.0,"gold_loss":0.0,"damage_taken":0.0}],"is_beta":false,"boss_relics":[],"items_purged_floors":[3],"is_endless":false,"potions_floor_spawned":[5,11,13,14],"killed_by":"The Guardian","ascension_level":4}