{"gold_per_floor":[110,126,126,143,153,153,183,183,183,55,55,55,130,161,161,263,263,282,292,292,310,10,10,39,39,39,39,39,52,52],"floor_reached":30,"playtime":1537,"items_purged":["Strike_R"],"score":294,"play_id":"07f3fa37-43d4-4992-974c-c95f5f732de6","local_time":"20190228003617","is_ascension_mode":true,"campfire_choices":[{"data":"Flame Barrier","floor":6.0,"key":"SMITH"},{"data":"Immolate","floor":8.0,"key":"SMITH"},{"data":"Pommel Strike","floor":12.0,"key":"SMITH"},{"floor":15,"key":"REST"},{"data":"Demon Form","floor":23,"key":"SMITH"},{"floor":25,"key":"REST"},{"floor":28,"key":"REST"}],"neow_cost":"NONE","seed_source_timestamp":0,"circlet_count":0,"master_deck":["Strike_R","Strike_R","Strike_R","Strike_R","Defend_R","Defend_R","Defend_R","Bash","Heavy Blade","Flame Barrier+1","Wild Strike","Pommel Strike+1","Immolate+1","Flex","Ghostly Armor","Demon Form+1","Metallicize","Iron Wave+1","Armaments","Clash","Flex","Anger","Armaments"],"special_seed":0,"relics":["Burning Blood","Art of War","Ornamental Fan","Matryoshka","Pen Nib","Blue Candle","Question Card","Velvet Choker","Paper Frog","Regal Pillow","Ginger"],"potions_floor_usage":[14,16,21,24,30],"damage_taken":[{"damage":8.0,"enemies":"Jaw Worm","floor":1.0,"turns":4.0},{"damage":1.0,"enemies":"Cultist","floor":2.0,"turns":3.0},{"damage":0.0,"enemies":"2 Louse","floor":4.0,"turns":1.0},{"damage":30.0,"enemies":"Gremlin Gang","floor":5.0,"turns":7.0},{"damage":35.0,"enemies":"Lagavulin","floor":7.0,"turns":8.0},{"damage":26,"enemies":"Gremlin Nob","floor":14,"turns":4},{"damage":25,"enemies":"Slime Boss","floor":16,"turns":9},{"damage":27,"enemies":"Shell Parasite","floor":18,"turns":5},{"damage":0,"enemies":"Spheric Guardian","floor":19,"turns":1},{"damage":4,"enemies":"Chosen and Byrds","floor":21,"turns":4},{"damage":74,"enemies":"Slavers","floor":24,"turns":6},{"damage":25,"enemies":"Colosseum Slavers","floor":27,"turns":4},{"damage":47,"enemies":"Centurion and Healer","floor":29,"turns":7},{"damage":10,"enemies":"Snecko","floor":30,"turns":2}],"seed_played":"-7169717283984758145","potions_obtained":[{"floor":1.0,"key":"Strength Potion"},{"floor":4.0,"key":"Regen Potion"},{"floor":7.0,"key":"EssenceOfSteel"},{"floor":14,"key":"Explosive Potion"},{"floor":18,"key":"SteroidPotion"},{"floor":21,"key":"BloodPotion"},{"floor":29,"key":"Poison Potion"}],"is_trial":false,"path_per_floor":["M","M","?","M","M","R","E","R","T","$","T","R","?","E","R","B",null,"M","M","?","M","$","R","E","R","T","?","R","M","M"],"character_chosen":"IRONCLAD","items_purchased":["Flex","Paper Frog","Flex"],"campfire_rested":3,"item_purchase_floors":[10,22,22],"current_hp_per_floor":[78,80,80,80,71,71,42,42,42,42,42,42,31,11,35,16,80,59,65,65,67,67,67,7,31,31,12,51,10,0],"gold":52,"neow_bonus":"RANDOM_COMMON_RELIC","is_prod":false,"is_daily":false,"chose_seed":false,"campfire_upgraded":4,"win_rate":0,"timestamp":1551335777,"path_taken":["M","M","?","M","M","R","E","R","T","$","?","R","?","E","R","BOSS","M","M","?","?","$","R","E","R","T","?","R","M","M"],"build_version":"2019-01-23","purchased_purges":1,"victory":false,"max_hp_per_floor":[80,80,80,80,80,80,80,80,80,80,80,80,80,80,80,80,80,80,80,80,80,80,80,80,80,80,80,80,80,80],"card_choices":[{"not_picked":["Shockwave","Infernal Blade"],"picked":"Heavy Blade","floor":1.0},{"not_picked":["Headbutt","Clash"],"picked":"Flame Barrier","floor":2.0},{"not_picked":["Warcry","Wild Strike","Sever Soul"],"picked":"SKIP","floor":4.0},{"not_picked":["Body Slam","Corruption"],"picked":"Pommel Strike","floor":5.0},{"not_picked":["Havoc","Heavy Blade"],"picked":"Immolate","floor":7.0},{"not_picked":["Rampage","Searing Blow"],"picked":"Ghostly Armor","floor":14},{"not_picked":["Impervious","Bludgeon","Limit Break"],"picked":"Demon Form","floor":16},{"not_picked":["Blood for Blood","Thunderclap","Disarm"],"picked":"Metallicize","floor":18},{"not_picked":["Sentinel","Wild Strike","Searing Blow"],"picked":"Iron Wave+1","floor":19},{"not_picked":["Sword Boomerang+1","Fire Breathing","Pommel Strike"],"picked":"Clash","floor":21},{"not_picked":["Shrug It Off","Carnage","Sever Soul"],"picked":"Anger","floor":24},{"not_picked":["Burning Pact","Warcry+1","Carnage+1"],"picked":"Armaments","floor":29}],"player_experience":210685,"relics_obtained":[{"floor":7.0,"key":"Ornamental Fan"},{"floor":9.0,"key":"Matryoshka"},{"floor":11.0,"key":"Pen Nib"},{"floor":11.0,"key":"Blue Candle"},{"floor":14,"key":"Question Card"},{"floor":26,"key":"Regal Pillow"},{"floor":26,"key":"Ginger"}],"event_choices":[{"damage_healed":0.0,"max_hp_gain":0.0,"max_hp_loss":0.0,"gold_gain":0.0,"cards_transformed":["Defend_R"],"event_name":"Transmorgrifier","player_choice":"Transformed","floor":3.0,"gold_loss":0.0,"damage_taken":0.0,"cards_obtained":["Wild Strike"]},{"damage_healed":0.0,"max_hp_gain":0.0,"max_hp_loss":0.0,"gold_gain":75.0,"event_name":"World of Goop","player_choice":"Gather Gold","floor":13.0,"gold_loss":0.0,"damage_taken":11.0},{"damage_healed":0,"gold_gain":0,"player_choice":"1 cards matched","damage_taken":0,"max_hp_gain":0,"max_hp_loss":0,"event_name":"Match and Keep!","floor":20,"gold_loss":0,"cards_obtained":["Armaments"]},{"damage_healed":0,"gold_gain":0,"player_choice":"Fight","damage_taken":0,"max_hp_gain":0,"max_hp_loss":0,"event_name":"Colosseum","floor":27,"gold_loss":0},{"damage_healed":0,"gold_gain":0,"player_choice":"Fled From Nobs","damage_taken":0,"max_hp_gain":0,"max_hp_loss":0,"event_name":"Colosseum","floor":27,"gold_loss":0}],"is_beta":false,"boss_relics":[{"not_picked":["Lizard Tail","Tiny House"],"picked":"Velvet Choker"}],"items_purged_floors":[10],"is_endless":false,"potions_floor_spawned":[1,4,7,14,18,21,29],"killed_by":"Snecko","ascension_level":3}