{"gold_per_floor":[361,361,381,400,54,54,64,64,87,119,129,143,143,161,161,266,266,278,37,37,55,68,68,87,117,165,80,80,94,94,108,108,210,260,280,80,90,40,56,85,85,103,178,178,178,188,188,288,288,288,288,288,14,39,39],"floor_reached":55,"playtime":9746,"items_purged":["Strike_G","Strike_G","Strike_G","Strike_G","Strike_G"],"score":897,"play_id":"8da994b0-25db-47b4-92bc-1898f2bf34e7","local_time":"20190218195340","is_ascension_mode":true,"campfire_choices":[{"data":"Noxious Fumes","floor":6,"key":"SMITH"},{"floor":15,"key":"REST"},{"data":"Adrenaline","floor":23,"key":"SMITH"},{"floor":28,"key":"REST"},{"floor":30,"key":"REST"},{"data":"Noxious Fumes","floor":32,"key":"SMITH"},{"floor":41,"key":"REST"},{"floor":49,"key":"RECALL"},{"data":"Burst","floor":52,"key":"SMITH"}],"neow_cost":"TEN_PERCENT_HP_LOSS","seed_source_timestamp":500465389987531,"circlet_count":0,"master_deck":["Defend_G+1","Defend_G+1","Defend_G","Defend_G+1","Defend_G","Survivor","Neutralize+1","Crippling Poison+1","Noxious Fumes+1","Backflip","Well Laid Plans","PiercingWail","Infinite Blades","Adrenaline+1","Leg Sweep","Noxious Fumes+1","Backstab","Deadly Poison","Backstab+1","Burst+1","Caltrops+1","Caltrops+1","Bullet Time"],"relics":["Ring of the Snake","Oddly Smooth Stone","War Paint","Omamori","Runic Pyramid","Smiling Mask","Anchor","Bird Faced Urn","Tiny House","Art of War","Letter Opener","Blue Candle","Juzu Bracelet","Nunchaku","Bag of Marbles","Bag of Preparation"],"potions_floor_usage":[10,14,16,25,33,40,40,42,50],"damage_taken":[{"damage":0,"enemies":"Small Slimes","floor":1,"turns":5},{"damage":0,"enemies":"Cultist","floor":3,"turns":4},{"damage":5,"enemies":"Jaw Worm","floor":4,"turns":6},{"damage":0,"enemies":"Large Slime","floor":7,"turns":9},{"damage":24,"enemies":"Gremlin Nob","floor":10,"turns":5},{"damage":0,"enemies":"Blue Slaver","floor":11,"turns":5},{"damage":0,"enemies":"Exordium Thugs","floor":12,"turns":5},{"damage":0,"enemies":"Gremlin Gang","floor":14,"turns":3},{"damage":6,"enemies":"The Guardian","floor":16,"turns":12},{"damage":0,"enemies":"Shell Parasite","floor":18,"turns":7},{"damage":0,"enemies":"Spheric Guardian","floor":21,"turns":6},{"damage":3,"enemies":"Snake Plant","floor":22,"turns":6},{"damage":0,"enemies":"Cultist and Chosen","floor":24,"turns":7},{"damage":30,"enemies":"Gremlin Leader","floor":25,"turns":7},{"damage":5,"enemies":"3 Cultists","floor":29,"turns":6},{"damage":2,"enemies":"Shelled Parasite and Fungi","floor":31,"turns":7},{"damage":62,"enemies":"Champ","floor":33,"turns":15},{"damage":7,"enemies":"Orb Walker","floor":35,"turns":6},{"damage":0,"enemies":"3 Darklings","floor":37,"turns":6},{"damage":1,"enemies":"Jaw Worm Horde","floor":39,"turns":6},{"damage":20,"enemies":"Nemesis","floor":40,"turns":9},{"damage":0,"enemies":"4 Shapes","floor":42,"turns":4},{"damage":0,"enemies":"3 Darklings","floor":46,"turns":4},{"damage":0,"enemies":"Mind Bloom Boss Battle","floor":48,"turns":7},{"damage":48,"enemies":"Time Eater","floor":50,"turns":14},{"damage":27,"enemies":"Shield and Spear","floor":54,"turns":6},{"damage":55,"enemies":"The Heart","floor":55,"turns":5}],"seed_played":"-4168643896625160712","potions_obtained":[{"floor":1,"key":"AttackPotion"},{"floor":4,"key":"Explosive Potion"},{"floor":14,"key":"Strength Potion"},{"floor":18,"key":"SkillPotion"},{"floor":21,"key":"SmokeBomb"},{"floor":29,"key":"GamblersBrew"},{"floor":34,"key":"Swift Potion"},{"floor":35,"key":"Weak Potion"},{"floor":39,"key":"GamblersBrew"},{"floor":42,"key":"Ancient Potion"}],"is_trial":false,"path_per_floor":["M","?","M","M","$","R","M","$","T","E","M","M","?","M","R","B",null,"M","$","?","M","M","R","M","E","T","?","R","M","R","M","R","B",null,"M","$","M","$","M","E","R","M","T","T","T","M","?","?","R","B",null,"R","$","E","B"],"character_chosen":"THE_SILENT","items_purchased":["Well Laid Plans","PiercingWail","Oddly Smooth Stone","Noxious Fumes","Backstab","Art of War","Bullet Time","Bag of Marbles"],"campfire_rested":4,"item_purchase_floors":[5,5,5,19,19,36,53,53],"current_hp_per_floor":[63,63,63,58,58,58,58,58,58,34,34,34,21,21,39,33,56,56,56,56,56,53,53,53,23,23,23,41,44,62,63,63,1,53,54,54,62,62,67,48,68,68,68,68,68,68,68,68,68,20,56,56,56,41,0],"gold":39,"neow_bonus":"TWO_FIFTY_GOLD","is_prod":false,"is_daily":false,"chose_seed":false,"campfire_upgraded":4,"win_rate":0,"timestamp":1550541220,"path_taken":["M","?","?","M","$","R","M","$","T","E","M","M","?","M","R","BOSS","M","$","?","M","M","R","M","E","T","?","R","?","R","M","R","BOSS","M","$","M","$","?","E","R","M","T","?","?","M","?","?","R","BOSS","R","$","E","BOSS"],"build_version":"2019-01-23","purchased_purges":5,"victory":false,"max_hp_per_floor":[63,63,63,63,63,63,63,63,63,63,63,63,63,63,63,63,63,63,63,63,63,63,63,63,63,63,63,63,63,63,63,63,63,68,68,68,68,68,68,68,68,68,68,68,68,68,68,68,68,68,68,68,68,68,68],"card_choices":[{"not_picked":["Predator","Acrobatics"],"picked":"Crippling Poison","floor":1},{"not_picked":["Bane","Choke"],"picked":"Noxious Fumes","floor":3},{"not_picked":["Heel Hook","Acrobatics"],"picked":"Backflip","floor":4},{"not_picked":["Quick Slash","Masterful Stab"],"picked":"Infinite Blades","floor":7},{"not_picked":["Slice","Poisoned Stab","Setup"],"picked":"SKIP","floor":10},{"not_picked":["Terror","Sucker Punch","Quick Slash"],"picked":"SKIP","floor":11},{"not_picked":["Dodge and Roll","Die Die Die","Slice"],"picked":"SKIP","floor":12},{"not_picked":["Riddle With Holes","Terror","Acrobatics"],"picked":"SKIP","floor":14},{"not_picked":["Corpse Explosion","Wraith Form v2"],"picked":"Adrenaline","floor":16},{"not_picked":["PiercingWail","Bouncing Flask"],"picked":"Leg Sweep","floor":18},{"not_picked":["Infinite Blades","Outmaneuver","Dagger Throw+1"],"picked":"SKIP","floor":21},{"not_picked":["Expertise","Predator+1","Flechettes"],"picked":"SKIP","floor":22},{"not_picked":["Prepared","Accuracy","Quick Slash+1"],"picked":"SKIP","floor":24},{"not_picked":["Backflip","Sucker Punch"],"picked":"Deadly Poison","floor":25},{"not_picked":["PiercingWail","Quick Slash","Underhanded Strike"],"picked":"SKIP","floor":29},{"not_picked":["Sucker Punch","Infinite Blades"],"picked":"Backstab+1","floor":31},{"not_picked":["Die Die Die","Grand Finale"],"picked":"Burst","floor":33},{"not_picked":["Dodge and Roll+1","Flying Knee","Deflect+1"],"picked":"SKIP","floor":35},{"not_picked":["Well Laid Plans","Dodge and Roll","Sucker Punch"],"picked":"SKIP","floor":37},{"not_picked":["Escape Plan+1","Deadly Poison"],"picked":"Caltrops+1","floor":39},{"not_picked":["Outmaneuver+1","Leg Sweep","Slice"],"picked":"SKIP","floor":40},{"not_picked":["Poisoned Stab","Blade Dance","Distraction"],"picked":"SKIP","floor":42},{"not_picked":["Dodge and Roll","Finisher+1"],"picked":"Caltrops+1","floor":46},{"not_picked":["Flying Knee","Skewer","Blade Dance+1"],"picked":"SKIP","floor":54}],"player_experience":1451026,"relics_obtained":[{"floor":9,"key":"War Paint"},{"floor":10,"key":"Omamori"},{"floor":25,"key":"Smiling Mask"},{"floor":26,"key":"Anchor"},{"floor":40,"key":"Letter Opener"},{"floor":44,"key":"Blue Candle"},{"floor":45,"key":"Juzu Bracelet"},{"floor":48,"key":"Nunchaku"},{"floor":54,"key":"Bag of Preparation"}],"event_choices":[{"damage_healed":0,"gold_gain":0,"player_choice":"0 cards matched","damage_taken":0,"max_hp_gain":0,"max_hp_loss":0,"event_name":"Match and Keep!","floor":2,"gold_loss":0,"cards_obtained":[]},{"damage_healed":0,"gold_gain":0,"player_choice":"Entered Light","damage_taken":13,"max_hp_gain":0,"max_hp_loss":0,"event_name":"Shining Light","floor":13,"gold_loss":0,"cards_upgraded":["Neutralize","Defend_G"]},{"damage_healed":0,"gold_gain":0,"player_choice":"Ignored","damage_taken":0,"max_hp_gain":0,"max_hp_loss":0,"event_name":"Beggar","floor":20,"gold_loss":0},{"damage_healed":0,"gold_gain":0,"player_choice":"Obtained Relic","damage_taken":0,"relics_obtained":["Bird Faced Urn"],"max_hp_gain":0,"max_hp_loss":0,"event_name":"Addict","floor":27,"gold_loss":85},{"damage_healed":0,"gold_gain":0,"player_choice":"Ignored","damage_taken":0,"max_hp_gain":0,"max_hp_loss":0,"event_name":"Tomb of Lord Red Mask","floor":47,"gold_loss":0},{"damage_healed":0,"gold_gain":0,"player_choice":"Fight","damage_taken":0,"max_hp_gain":0,"max_hp_loss":0,"event_name":"MindBloom","floor":48,"gold_loss":0}],"is_beta":false,"boss_relics":[{"not_picked":["Lizard Tail","Ring of the Serpent"],"picked":"Runic Pyramid"},{"not_picked":["Pandora\u0027s Box","White Beast Statue"],"picked":"Tiny House"}],"items_purged_floors":[5,19,36,38,53],"is_endless":false,"potions_floor_spawned":[1,4,14,18,21,29,35,39,42],"killed_by":"The Heart","ascension_level":6}