{"gold_per_floor":[116,116,132,132,145,145,145,145,145,174,174,190,265,283,283,383,383,402,402,402,416,263,289,301,313],"floor_reached":25,"playtime":1055,"items_purged":["Strike_B"],"score":252,"play_id":"98e10c08-0341-4a47-9e83-d67aa06da6b5","local_time":"20181221095844","is_ascension_mode":true,"campfire_choices":[{"floor":6,"key":"RECALL"},{"data":"Zap","floor":8,"key":"SMITH"},{"floor":15,"key":"REST"},{"floor":24,"key":"REST"}],"neow_cost":"NONE","seed_source_timestamp":99031200632105,"circlet_count":0,"master_deck":["Strike_B","Strike_B","Strike_B","Defend_B","Defend_B","Defend_B","Defend_B","Zap+1","Forethought","Streamline","Electrodynamics","Sunder","Seek"],"relics":["Cracked Core","Blood Vial","WarpedTongs","Cursed Key","MutagenicStrength","MawBank"],"potions_floor_usage":[16,16,16,25],"damage_taken":[{"damage":0,"enemies":"Small Slimes","floor":1,"turns":4},{"damage":1,"enemies":"Cultist","floor":3,"turns":3},{"damage":3,"enemies":"2 Louse","floor":5,"turns":3},{"damage":32,"enemies":"Lagavulin","floor":10,"turns":6},{"damage":14,"enemies":"Large Slime","floor":12,"turns":6},{"damage":12,"enemies":"Red Slaver","floor":14,"turns":3},{"damage":28,"enemies":"The Guardian","floor":16,"turns":8},{"damage":35,"enemies":"2 Thieves","floor":18,"turns":3},{"damage":6,"enemies":"Spheric Guardian","floor":21,"turns":3},{"damage":29,"enemies":"Gremlin Leader","floor":23,"turns":7},{"damage":35,"enemies":"Slavers","floor":25,"turns":2}],"seed_played":"6314279395500091937","potions_obtained":[{"floor":3,"key":"Weak Potion"},{"floor":10,"key":"Fire Potion"},{"floor":12,"key":"Poison Potion"},{"floor":21,"key":"Dexterity Potion"},{"floor":23,"key":"FearPotion"}],"is_trial":false,"path_per_floor":["M","?","M","?","M","R","?","R","T","E","?","M","?","M","R","B",null,"M","?","?","M","$","E","R","E"],"character_chosen":"DEFECT","items_purchased":["Seek"],"campfire_rested":2,"item_purchase_floors":[22],"current_hp_per_floor":[75,75,74,74,71,71,71,71,71,39,39,27,16,6,28,2,75,40,40,40,36,36,9,31,0],"gold":313,"neow_bonus":"RANDOM_COLORLESS","is_prod":false,"is_daily":false,"chose_seed":false,"campfire_upgraded":1,"win_rate":0,"timestamp":1545407924,"path_taken":["M","?","?","?","M","R","?","R","T","E","?","?","?","M","R","BOSS","M","?","?","M","$","E","R","E"],"build_version":"2018-12-20","purchased_purges":1,"victory":false,"max_hp_per_floor":[75,75,75,75,75,75,75,75,75,75,75,75,75,75,75,75,75,75,75,75,75,75,75,75,75],"card_choices":[{"not_picked":["Doom and Gloom","Stack","Fusion"],"picked":"SKIP","floor":1},{"not_picked":["Consume","Turbo"],"picked":"Streamline","floor":3},{"not_picked":["Gash","Double Energy","Stack"],"picked":"SKIP","floor":5},{"not_picked":["Coolheaded","Reinforced Body"],"picked":"Electrodynamics","floor":10},{"not_picked":["Conserve Battery","Rip and Tear","Doom and Gloom"],"picked":"SKIP","floor":12},{"not_picked":["Static Discharge","Beam Cell"],"picked":"Sunder","floor":14},{"not_picked":["Barrage","Turbo+1","Compile Driver"],"picked":"SKIP","floor":18},{"not_picked":["Conserve Battery","Hologram","Aggregate"],"picked":"SKIP","floor":21},{"not_picked":["Genetic Algorithm","Static Discharge","Doom and Gloom+1"],"picked":"SKIP","floor":23}],"player_experience":810575,"relics_obtained":[{"floor":10,"key":"Blood Vial"},{"floor":23,"key":"MawBank"}],"event_choices":[{"damage_healed":0,"gold_gain":0,"player_choice":"Bought 0 Potions","damage_taken":0,"max_hp_gain":0,"max_hp_loss":0,"event_name":"The Woman in Blue","floor":2,"gold_loss":0},{"cards_removed":["Dualcast"],"damage_healed":0,"gold_gain":0,"player_choice":"Forget","damage_taken":0,"max_hp_gain":0,"max_hp_loss":0,"event_name":"Living Wall","floor":4,"gold_loss":0},{"damage_healed":0,"gold_gain":0,"player_choice":"Ignored","damage_taken":0,"max_hp_gain":0,"max_hp_loss":0,"event_name":"Liars Game","floor":7,"gold_loss":0},{"damage_healed":0,"gold_gain":0,"player_choice":"Rummage","damage_taken":0,"relics_obtained":["WarpedTongs"],"max_hp_gain":0,"max_hp_loss":0,"event_name":"Accursed Blacksmith","floor":11,"gold_loss":0,"cards_obtained":["Pain"]},{"damage_healed":0,"gold_gain":75,"player_choice":"Gather Gold","damage_taken":11,"max_hp_gain":0,"max_hp_loss":0,"event_name":"World of Goop","floor":13,"gold_loss":0},{"damage_healed":0,"gold_gain":0,"player_choice":"Inject Mutagens","damage_taken":0,"relics_obtained":["MutagenicStrength"],"max_hp_gain":0,"max_hp_loss":0,"event_name":"Drug Dealer","floor":19,"gold_loss":0},{"cards_removed":["Pain"],"damage_healed":0,"gold_gain":0,"player_choice":"Removed Curses","damage_taken":0,"max_hp_gain":0,"max_hp_loss":0,"event_name":"Fountain of Cleansing","floor":20,"gold_loss":0}],"is_beta":false,"boss_relics":[{"not_picked":["FrozenCore","Philosopher\u0027s Stone"],"picked":"Cursed Key"}],"items_purged_floors":[22],"is_endless":false,"potions_floor_spawned":[3,10,12,21,23],"killed_by":"Slavers","ascension_level":3}