{"gold_per_floor":[116,127,127,127,138,138,138,138,191,223,234,259,273,273,273,370,370,350,361,71,71,82,82,94,119,119,152,171,120,120,139,139,139],"floor_reached":33,"playtime":1583,"items_purged":["Strike_R"],"score":478,"play_id":"7050102a-fb98-498b-abcd-83fff4ae9277","local_time":"20190225040803","is_ascension_mode":true,"campfire_choices":[{"data":"Armaments","floor":6,"key":"SMITH"},{"data":"Rampage","floor":8,"key":"SMITH"},{"data":"Demon Form","floor":15,"key":"SMITH"},{"data":"True Grit","floor":23,"key":"SMITH"},{"floor":30,"key":"REST"},{"floor":32,"key":"REST"}],"neow_cost":"NONE","seed_source_timestamp":251376199944841,"circlet_count":0,"master_deck":["AscendersBane","Strike_R","Strike_R","Strike_R","Defend_R","Defend_R","Defend_R","Defend_R","Bash","Whirlwind","Armaments+1","Ghostly Armor","Rampage+1","Thunderclap","True Grit+1","Intimidate","Demon Form+1","Reaper","Shockwave","Mayhem","True Grit","RitualDagger","Headbutt","Evolve","Headbutt+1","Metallicize+1","Reaper"],"relics":["Burning Blood","Happy Flower","Bronze Scales","Dream Catcher","Velvet Choker","Anchor","Frozen Egg 2","Juzu Bracelet"],"potions_floor_usage":[10,10,14,22,25,27,31,33,33],"damage_taken":[{"damage":3,"enemies":"2 Louse","floor":1,"turns":5},{"damage":6,"enemies":"Cultist","floor":2,"turns":3},{"damage":7,"enemies":"Small Slimes","floor":5,"turns":4},{"damage":10,"enemies":"Gremlin Nob","floor":10,"turns":4},{"damage":0,"enemies":"3 Louse","floor":11,"turns":2},{"damage":41,"enemies":"Lagavulin","floor":12,"turns":8},{"damage":0,"enemies":"2 Fungi Beasts","floor":13,"turns":2},{"damage":0,"enemies":"Lots of Slimes","floor":14,"turns":2},{"damage":33,"enemies":"Slime Boss","floor":16,"turns":7},{"damage":19,"enemies":"2 Thieves","floor":18,"turns":4},{"damage":0,"enemies":"Chosen","floor":19,"turns":4},{"damage":14,"enemies":"Shelled Parasite and Fungi","floor":22,"turns":4},{"damage":17,"enemies":"Centurion and Healer","floor":24,"turns":6},{"damage":20,"enemies":"Book of Stabbing","floor":25,"turns":5},{"damage":20,"enemies":"Slavers","floor":27,"turns":4},{"damage":55,"enemies":"Snecko","floor":28,"turns":7},{"damage":8,"enemies":"Sentry and Sphere","floor":31,"turns":5},{"damage":76,"enemies":"Automaton","floor":33,"turns":6}],"seed_played":"7178748132835515052","potions_obtained":[{"floor":1,"key":"Explosive Potion"},{"floor":2,"key":"Weak Potion"},{"floor":10,"key":"SmokeBomb"},{"floor":16,"key":"Swift Potion"},{"floor":19,"key":"SpeedPotion"},{"floor":24,"key":"LiquidBronze"},{"floor":27,"key":"Explosive Potion"},{"floor":28,"key":"Swift Potion"},{"floor":31,"key":"Poison Potion"}],"is_trial":false,"path_per_floor":["M","M","?","$","M","R","?","R","T","E","M","E","M","M","R","B",null,"M","M","$","?","M","R","M","E","T","E","M","?","R","M","R","B"],"character_chosen":"IRONCLAD","items_purchased":["Mayhem","True Grit"],"campfire_rested":2,"item_purchase_floors":[20,20],"current_hp_per_floor":[83,83,83,83,82,82,82,82,82,78,84,49,55,61,61,34,75,62,82,82,76,74,74,82,68,68,66,17,17,43,41,67,0],"gold":139,"neow_bonus":"TEN_PERCENT_HP_BONUS","is_prod":false,"is_daily":false,"chose_seed":false,"campfire_upgraded":4,"win_rate":0,"timestamp":1551035283,"path_taken":["M","M","?","$","?","R","?","R","T","E","?","E","M","M","R","BOSS","M","M","?","?","M","R","M","E","T","E","M","?","R","M","R","BOSS"],"build_version":"2019-01-23","purchased_purges":1,"victory":false,"max_hp_per_floor":[88,88,88,88,88,88,88,88,88,88,88,88,88,88,88,88,88,88,88,88,88,88,88,88,88,88,88,88,88,88,88,88,88],"card_choices":[{"not_picked":["Cleave","Ghostly Armor"],"picked":"Whirlwind","floor":1},{"not_picked":["Metallicize","Shrug It Off"],"picked":"Armaments","floor":2},{"not_picked":["Clothesline","Heavy Blade"],"picked":"Rampage","floor":5},{"not_picked":["Battle Trance","Power Through"],"picked":"Thunderclap","floor":10},{"not_picked":["Dual Wield","Pummel"],"picked":"True Grit","floor":11},{"not_picked":["Entrench","Cleave"],"picked":"Intimidate","floor":12},{"not_picked":["Iron Wave","Cleave"],"picked":"Demon Form","floor":13},{"not_picked":["Immolate","Impervious"],"picked":"Reaper","floor":16},{"not_picked":["Rage","Wild Strike+1"],"picked":"Shockwave","floor":18},{"not_picked":["Cleave","Pommel Strike","Infernal Blade"],"picked":"SKIP","floor":19},{"not_picked":["Sword Boomerang+1","Spot Weakness","Body Slam+1"],"picked":"SKIP","floor":22},{"not_picked":["True Grit","Flex"],"picked":"Headbutt","floor":24},{"not_picked":["Flex","Whirlwind"],"picked":"Evolve","floor":25},{"not_picked":["Body Slam","Havoc"],"picked":"Headbutt+1","floor":27},{"not_picked":["Perfected Strike","Thunderclap"],"picked":"Metallicize+1","floor":28},{"not_picked":["Anger","Wild Strike","Ghostly Armor"],"picked":"SKIP","floor":31},{"not_picked":["Shockwave","Metallicize+1"],"picked":"Reaper","floor":32}],"player_experience":88859,"relics_obtained":[{"floor":9,"key":"Happy Flower"},{"floor":10,"key":"Bronze Scales"},{"floor":12,"key":"Dream Catcher"},{"floor":25,"key":"Anchor"},{"floor":27,"key":"Frozen Egg 2"}],"event_choices":[{"damage_healed":0,"gold_gain":0,"player_choice":"1 cards matched","damage_taken":0,"max_hp_gain":0,"max_hp_loss":0,"event_name":"Match and Keep!","floor":3,"gold_loss":0,"cards_obtained":["Ghostly Armor"]},{"cards_removed":["Strike_R"],"damage_healed":0,"gold_gain":0,"player_choice":"Offered Basic","damage_taken":0,"max_hp_gain":0,"max_hp_loss":0,"event_name":"Bonfire Elementals","floor":7,"gold_loss":0},{"damage_healed":0,"gold_gain":0,"player_choice":"Joined the Cult","damage_taken":6,"max_hp_gain":0,"max_hp_loss":0,"event_name":"Nest","floor":21,"gold_loss":0,"cards_obtained":["RitualDagger"]},{"damage_healed":0,"gold_gain":0,"player_choice":"Paid Gold","damage_taken":0,"relics_obtained":["Juzu Bracelet"],"max_hp_gain":0,"max_hp_loss":0,"event_name":"WeMeetAgain","floor":29,"gold_loss":51}],"is_beta":false,"boss_relics":[{"not_picked":["Runic Pyramid","Black Star"],"picked":"Velvet Choker"}],"items_purged_floors":[20],"is_endless":false,"potions_floor_spawned":[1,2,10,14,16,19,24,27,28,31],"killed_by":"Automaton","ascension_level":12}