{"gold_per_floor":[117,130,55,55,69,69,97,97,97,122,122,144,219,233,233,331,331,331,301,301,301,301,301,301,301,301,301,301,301,301,301,301,301,301,301,50,50,50,50,50,50,50,50,50,50,50,50,50,50,50],"floor_reached":50,"playtime":3516,"items_purged":["Defend_B","Strike_B"],"score":821,"play_id":"b35208c6-05fa-4d3f-bae3-2da24db978f4","local_time":"20181119024115","is_ascension_mode":true,"campfire_choices":[{"data":"Reinforced Body","floor":6,"key":"SMITH"},{"floor":8,"key":"REST"},{"data":"Conserve Battery","floor":11,"key":"SMITH"},{"data":"Zap","floor":15,"key":"SMITH"},{"floor":24,"key":"REST"},{"data":"Creative AI","floor":27,"key":"SMITH"},{"floor":29,"key":"REST"},{"floor":32,"key":"REST"},{"floor":41,"key":"REST"},{"floor":44,"key":"RECALL"},{"floor":49,"key":"REST"}],"neow_cost":"NONE","seed_source_timestamp":137082230333231,"circlet_count":0,"master_deck":["Strike_B","Strike_B","Strike_B","Defend_B","Defend_B+1","Defend_B","Zap+1","Dualcast+1","FTL","Reinforced Body+1","Ball Lightning","Conserve Battery+1","Cold Snap+1","Core Surge+1","Sunder+1","FTL+1","Creative AI+1","White Noise+1","Writhe","White Noise+1","Cold Snap+1","Electrodynamics","Heatsinks","Go for the Eyes+1","Buffer","Panache"],"relics":["Cracked Core","Regal Pillow","Gremlin Horn","Bag of Marbles","Molten Egg 2","Bronze Scales","Odd Mushroom","Ectoplasm","War Paint","Nunchaku","Orichalcum","Nloth\u0027s Gift","Sozu","DataDisk","Strawberry","Shovel","MawBank","Letter Opener"],"potions_floor_usage":[16,21,23,23,30,30,33,33,40],"damage_taken":[{"damage":0,"enemies":"2 Louse","floor":1,"turns":2},{"damage":9,"enemies":"Jaw Worm","floor":2,"turns":3},{"damage":0,"enemies":"Small Slimes","floor":5,"turns":3},{"damage":25,"enemies":"Lagavulin","floor":7,"turns":5},{"damage":10,"enemies":"3 Sentries","floor":10,"turns":6},{"damage":0,"enemies":"The Mushroom Lair","floor":12,"turns":3},{"damage":2,"enemies":"Looter","floor":14,"turns":2},{"damage":15,"enemies":"Slime Boss","floor":16,"turns":11},{"damage":0,"enemies":"Chosen","floor":18,"turns":4},{"damage":7,"enemies":"2 Thieves","floor":19,"turns":2},{"damage":14,"enemies":"Snake Plant","floor":21,"turns":3},{"damage":15,"enemies":"Slavers","floor":23,"turns":4},{"damage":18,"enemies":"Gremlin Leader","floor":25,"turns":4},{"damage":11,"enemies":"Centurion and Healer","floor":28,"turns":4},{"damage":26,"enemies":"Book of Stabbing","floor":30,"turns":5},{"damage":6,"enemies":"Automaton","floor":33,"turns":9},{"damage":0,"enemies":"3 Shapes","floor":35,"turns":5},{"damage":8,"enemies":"3 Darklings","floor":37,"turns":6},{"damage":19,"enemies":"Spire Growth","floor":38,"turns":4},{"damage":17,"enemies":"Transient","floor":39,"turns":5},{"damage":2,"enemies":"Giant Head","floor":40,"turns":7},{"damage":30,"enemies":"Reptomancer","floor":42,"turns":6},{"damage":20,"enemies":"Jaw Worm Horde","floor":46,"turns":3},{"damage":66,"enemies":"Donu and Deca","floor":50,"turns":4}],"seed_played":"5145974328580932984","potions_obtained":[{"floor":1,"key":"Dexterity Potion"},{"floor":7,"key":"EntropicBrew"},{"floor":10,"key":"Energy Potion"},{"floor":16,"key":"Swift Potion"},{"floor":21,"key":"Dexterity Potion"},{"floor":25,"key":"GamblersBrew"},{"floor":33,"key":"FocusPotion"}],"is_trial":false,"path_per_floor":["M","M","$","?","M","R","E","R","T","E","R","?","?","M","R","B",null,"M","M","?","M","?","E","R","E","T","R","M","R","E","?","R","B",null,"M","$","M","M","M","E","R","E","T","R","?","M","?","T","R","B"],"character_chosen":"DEFECT","items_purchased":["DataDisk"],"campfire_rested":6,"item_purchase_floors":[36],"current_hp_per_floor":[68,59,59,52,52,52,27,64,64,54,54,54,43,41,41,26,63,63,56,56,42,42,27,64,46,46,46,35,72,46,46,75,69,74,74,74,66,47,30,35,74,44,44,44,44,24,24,24,63,0],"gold":50,"neow_bonus":"RANDOM_COMMON_RELIC","is_prod":false,"is_daily":false,"chose_seed":false,"campfire_upgraded":4,"win_rate":0,"timestamp":1542624075,"path_taken":["M","M","$","?","M","R","E","R","T","E","R","?","?","M","R","BOSS","M","M","?","M","?","E","R","E","T","R","M","R","E","?","R","BOSS","M","$","M","M","?","E","R","E","T","R","?","M","?","?","R","BOSS"],"build_version":"2018-11-15","purchased_purges":2,"victory":false,"max_hp_per_floor":[75,75,75,75,75,75,75,75,75,75,75,75,75,75,75,75,75,75,75,75,75,75,75,75,75,75,75,75,75,75,75,75,75,75,75,75,75,75,75,82,82,82,82,82,82,82,82,82,82,82],"card_choices":[{"not_picked":["Stack","Static Discharge"],"picked":"FTL","floor":1},{"not_picked":["Hello World","Gash"],"picked":"Reinforced Body","floor":2},{"not_picked":["Blizzard","Gash"],"picked":"Ball Lightning","floor":5},{"not_picked":["Aggregate","Stack"],"picked":"Conserve Battery","floor":7},{"not_picked":["Lockon+1","Streamline+1","Gash+1"],"picked":"SKIP","floor":10},{"not_picked":["Stack","Rebound+1"],"picked":"Hologram","floor":12},{"not_picked":["Biased Cognition","Steam"],"picked":"Cold Snap+1","floor":14},{"not_picked":["Reboot","Rainbow"],"picked":"Core Surge+1","floor":16},{"not_picked":["Turbo","Barrage+1"],"picked":"Sunder+1","floor":18},{"not_picked":["Beam Cell+1","Compile Driver+1"],"picked":"FTL+1","floor":19},{"not_picked":["Cold Snap+1","Sweeping Beam+1"],"picked":"White Noise+1","floor":21},{"not_picked":["Barrage+1","Rainbow","Hologram"],"picked":"SKIP","floor":23},{"not_picked":["Hello World","Gash+1"],"picked":"White Noise+1","floor":25},{"not_picked":["Consume+1","Beam Cell+1","Darkness"],"picked":"SKIP","floor":28},{"not_picked":["Rebound+1","Reprogram"],"picked":"Cold Snap+1","floor":30},{"not_picked":["All For One+1","Rainbow"],"picked":"Electrodynamics","floor":33},{"not_picked":["Compile Driver+1","Conserve Battery+1"],"picked":"Heatsinks","floor":35},{"not_picked":["Steam Power+1","Conserve Battery+1","Steam+1"],"picked":"SKIP","floor":37},{"not_picked":["Beam Cell+1","Static Discharge"],"picked":"Go for the Eyes+1","floor":38},{"not_picked":["Blizzard+1","Go for the Eyes+1"],"picked":"Buffer","floor":39},{"not_picked":["Steam+1","Cold Snap+1","Creative AI"],"picked":"SKIP","floor":40},{"not_picked":["Tempest","Creative AI","Rebound+1"],"picked":"SKIP","floor":42},{"not_picked":["Steam+1","Thunder Strike+1","Streamline+1"],"picked":"SKIP","floor":46},{"not_picked":["Swift Strike+1","Metamorphosis"],"picked":"Panache","floor":47}],"player_experience":290985,"relics_obtained":[{"floor":7,"key":"Bag of Marbles"},{"floor":9,"key":"Molten Egg 2"},{"floor":10,"key":"Bronze Scales"},{"floor":12,"key":"Odd Mushroom"},{"floor":23,"key":"War Paint"},{"floor":25,"key":"Nunchaku"},{"floor":30,"key":"Orichalcum"},{"floor":40,"key":"Strawberry"},{"floor":42,"key":"Shovel"},{"floor":43,"key":"MawBank"},{"floor":48,"key":"Letter Opener"}],"event_choices":[{"damage_healed":0,"gold_gain":0,"player_choice":"Success","damage_taken":7,"relics_obtained":["Gremlin Horn"],"max_hp_gain":0,"max_hp_loss":0,"event_name":"Scrap Ooze","floor":4,"gold_loss":0},{"damage_healed":0,"gold_gain":0,"player_choice":"Fought Mushrooms","damage_taken":0,"max_hp_gain":0,"max_hp_loss":0,"event_name":"Mushrooms","floor":12,"gold_loss":0},{"damage_healed":0,"gold_gain":75,"player_choice":"Gather Gold","damage_taken":11,"max_hp_gain":0,"max_hp_loss":0,"event_name":"World of Goop","floor":13,"gold_loss":0},{"damage_healed":0,"gold_gain":0,"player_choice":"Read","damage_taken":0,"max_hp_gain":0,"max_hp_loss":0,"event_name":"The Library","floor":20,"gold_loss":0,"cards_obtained":["Creative AI"]},{"damage_healed":0,"gold_gain":0,"player_choice":"Opened","damage_taken":0,"relics_obtained":["Omamori"],"max_hp_gain":0,"max_hp_loss":0,"event_name":"The Mausoleum","floor":22,"gold_loss":0,"cards_obtained":["Writhe"]},{"damage_healed":0,"gold_gain":0,"player_choice":"Traded Relic","damage_taken":0,"relics_obtained":["Nloth\u0027s Gift"],"max_hp_gain":0,"max_hp_loss":0,"event_name":"N\u0027loth","floor":31,"relics_lost":["Omamori"],"gold_loss":0},{"cards_removed":["Hologram"],"damage_healed":0,"gold_gain":0,"player_choice":"Removed Skill","damage_taken":0,"max_hp_gain":0,"max_hp_loss":0,"event_name":"Falling","floor":45,"gold_loss":0},{"damage_healed":0,"gold_gain":0,"player_choice":"Memory 1","damage_taken":0,"max_hp_gain":0,"max_hp_loss":0,"event_name":"SensoryStone","floor":47,"gold_loss":0}],"is_beta":false,"boss_relics":[{"not_picked":["White Beast Statue","Runic Dome"],"picked":"Ectoplasm"},{"not_picked":["Busted Crown","Coffee Dripper"],"picked":"Sozu"}],"items_purged_floors":[3,36],"is_endless":false,"potions_floor_spawned":[1,7,10,16,21,25,33,37,38,40,42],"killed_by":"Donu and Deca","ascension_level":9}