{"gold_per_floor":[119,139,139,139,153,153,178,178,204,229,239,239,251,195,195,299,299,309,88,103,103,117,117],"floor_reached":23,"playtime":1302,"items_purged":["Strike_R"],"score":221,"play_id":"3f5a5d85-ea47-4fd9-b02d-666739fa6a1a","local_time":"20181023212401","is_ascension_mode":true,"campfire_choices":[{"data":"Carnage","floor":6,"key":"SMITH"},{"data":"Demon Form","floor":8,"key":"SMITH"},{"floor":15,"key":"REST"}],"neow_cost":"NONE","seed_source_timestamp":1186327599158935,"circlet_count":0,"master_deck":["Strike_R","Strike_R","Strike_R","Strike_R","Defend_R","Defend_R","Defend_R","Defend_R","Bash","Clothesline+1","Carnage+1","Iron Wave","Reaper","Demon Form+1","Pommel Strike","Pommel Strike","Spot Weakness","Double Tap","Bloodletting","Rampage","Cleave+1","Armaments+1"],"relics":["Burning Blood","Oddly Smooth Stone","Omamori","Red Skull","Potion Belt","Boot","Sozu"],"potions_floor_usage":[10,23],"damage_taken":[{"damage":7,"enemies":"Jaw Worm","floor":1,"turns":3},{"damage":9,"enemies":"2 Louse","floor":2,"turns":3},{"damage":0,"enemies":"Small Slimes","floor":5,"turns":3},{"damage":33,"enemies":"3 Sentries","floor":7,"turns":12},{"damage":15,"enemies":"Lagavulin","floor":10,"turns":5},{"damage":15,"enemies":"Blue Slaver","floor":11,"turns":3},{"damage":11,"enemies":"Looter","floor":13,"turns":2},{"damage":29,"enemies":"Slime Boss","floor":16,"turns":6},{"damage":32,"enemies":"3 Byrds","floor":18,"turns":5},{"damage":20,"enemies":"Shell Parasite","floor":20,"turns":3},{"damage":37,"enemies":"Snake Plant","floor":22,"turns":4},{"damage":52,"enemies":"Gremlin Leader","floor":23,"turns":3}],"seed_played":"4529579629522280655","potions_obtained":[{"floor":5,"key":"SpeedPotion"},{"floor":7,"key":"Dexterity Potion"}],"is_trial":false,"path_per_floor":["M","M","?","?","M","R","E","R","T","E","M","?","M","?","R","B",null,"M","$","M","?","M"],"character_chosen":"IRONCLAD","items_purchased":["Bloodletting","Rampage"],"campfire_rested":1,"item_purchase_floors":[19,19],"current_hp_per_floor":[79,76,76,69,75,75,60,60,60,51,42,42,37,37,61,38,80,60,60,50,76,45,0],"gold":117,"neow_bonus":"THREE_CARDS","is_prod":false,"is_daily":false,"chose_seed":false,"campfire_upgraded":2,"win_rate":0,"timestamp":1540355041,"path_taken":["M","M","?","?","M","R","E","R","T","E","M","?","M","?","R","BOSS","M","$","M","?","M","E"],"build_version":"2018-10-18","purchased_purges":1,"victory":false,"max_hp_per_floor":[80,80,80,80,80,80,80,80,80,80,80,80,80,80,80,80,80,80,80,80,80,80,80],"card_choices":[{"not_picked":["Clash","Warcry"],"picked":"Clothesline","floor":0},{"not_picked":["Clothesline","Heavy Blade"],"picked":"Carnage","floor":1},{"not_picked":["Clothesline","Armaments"],"picked":"Iron Wave","floor":2},{"not_picked":["Clash","Twin Strike"],"picked":"Reaper","floor":5},{"not_picked":["Dropkick","Ghostly Armor"],"picked":"Demon Form","floor":7},{"not_picked":["Headbutt","Burning Pact"],"picked":"Pommel Strike","floor":10},{"not_picked":["Body Slam","Feel No Pain"],"picked":"Pommel Strike","floor":11},{"not_picked":["Headbutt","Ghostly Armor"],"picked":"Spot Weakness","floor":13},{"not_picked":["Juggernaut","Offering"],"picked":"Double Tap","floor":16},{"not_picked":["Headbutt","Pommel Strike","Armaments"],"picked":"SKIP","floor":18},{"not_picked":["Sentinel","Warcry+1"],"picked":"Cleave+1","floor":20},{"not_picked":["Feel No Pain","Evolve"],"picked":"Armaments+1","floor":22}],"player_experience":95414,"relics_obtained":[{"floor":7,"key":"Omamori"},{"floor":9,"key":"Red Skull"},{"floor":10,"key":"Potion Belt"}],"event_choices":[{"damage_healed":0,"gold_gain":0,"player_choice":"Grow","damage_taken":0,"max_hp_gain":0,"max_hp_loss":0,"event_name":"Living Wall","floor":3,"gold_loss":0,"cards_upgraded":["Clothesline"]},{"damage_healed":0,"gold_gain":0,"player_choice":"Success","damage_taken":7,"relics_obtained":["Oddly Smooth Stone"],"max_hp_gain":0,"max_hp_loss":0,"event_name":"Scrap Ooze","floor":4,"gold_loss":0},{"damage_healed":0,"gold_gain":0,"player_choice":"Ignored","damage_taken":0,"max_hp_gain":0,"max_hp_loss":0,"event_name":"Liars Game","floor":12,"gold_loss":0},{"damage_healed":0,"gold_gain":0,"player_choice":"Paid Gold","damage_taken":0,"relics_obtained":["Boot"],"max_hp_gain":0,"max_hp_loss":0,"event_name":"WeMeetAgain","floor":14,"gold_loss":56},{"damage_healed":26,"gold_gain":0,"player_choice":"Heal","damage_taken":0,"max_hp_gain":0,"max_hp_loss":0,"event_name":"The Library","floor":21,"gold_loss":0}],"is_beta":false,"boss_relics":[{"not_picked":["Runic Pyramid","Empty Cage"],"picked":"Sozu"}],"items_purged_floors":[19],"is_endless":false,"potions_floor_spawned":[5,7],"killed_by":"Gremlin Leader","ascension_level":2}