{"gold_per_floor":[114,133,150,161,18,18,30,48,48,64,82,108,140,140,140,235,235,235,235,235,17,17,17,17,17,17,17,17,17,17,17,17,17,17,17,17,17,0,0,0,0,0,0,0,0,0,0,0,0,0],"floor_reached":51,"playtime":2509,"items_purged":["Strike_B","Strike_B+1"],"score":703,"play_id":"a66c8905-cf2a-4fea-af30-c77534fde442","local_time":"20190227215402","is_ascension_mode":false,"campfire_choices":[{"data":"Zap","floor":6,"key":"SMITH"},{"data":"Defragment","floor":15,"key":"SMITH"},{"data":"Defragment","floor":23,"key":"SMITH"},{"data":"Coolheaded","floor":25,"key":"SMITH"},{"data":"Capacitor","floor":29,"key":"SMITH"},{"data":"Barrage","floor":32,"key":"SMITH"},{"data":"Seek","floor":40,"key":"SMITH"},{"data":"Barrage","floor":42,"key":"SMITH"},{"data":"Chill","floor":49,"key":"SMITH"}],"neow_cost":"NONE","seed_source_timestamp":1341179174397,"circlet_count":0,"master_deck":["Strike_B+1","Defend_B+1","Defend_B+1","Defend_B+1","Defend_B+1","Zap+1","Dualcast","Capacitor+1","Go for the Eyes","Defragment+1","Cold Snap","Chill+1","Streamline","Cold Snap","Machine Learning","Defragment+1","Barrage+1","Coolheaded+1","Barrage+1","Hologram+1","Seek+1","Consume+1","Stack","Barrage+1"],"relics":["Cracked Core","NeowsBlessing","Bird Faced Urn","Juzu Bracelet","Nunchaku","Ectoplasm","Dream Catcher","Cursed Key","Prayer Wheel","Red Mask","Gambling Chip"],"potions_floor_usage":[11,16,16,18,30,39,50,50,50],"damage_taken":[{"damage":0,"enemies":"Cultist","floor":1,"turns":1},{"damage":0,"enemies":"2 Louse","floor":2,"turns":1},{"damage":0,"enemies":"Small Slimes","floor":3,"turns":1},{"damage":2,"enemies":"Blue Slaver","floor":4,"turns":5},{"damage":8,"enemies":"Looter","floor":7,"turns":4},{"damage":0,"enemies":"2 Fungi Beasts","floor":8,"turns":2},{"damage":0,"enemies":"3 Louse","floor":10,"turns":5},{"damage":14,"enemies":"Gremlin Gang","floor":11,"turns":4},{"damage":13,"enemies":"Gremlin Nob","floor":13,"turns":4},{"damage":11,"enemies":"The Guardian","floor":16,"turns":12},{"damage":5,"enemies":"3 Byrds","floor":18,"turns":3},{"damage":4,"enemies":"Chosen","floor":22,"turns":5},{"damage":2,"enemies":"Snake Plant","floor":27,"turns":4},{"damage":0,"enemies":"Snecko","floor":30,"turns":5},{"damage":3,"enemies":"Centurion and Healer","floor":31,"turns":5},{"damage":0,"enemies":"Automaton","floor":33,"turns":9},{"damage":0,"enemies":"3 Shapes","floor":35,"turns":4},{"damage":18,"enemies":"2 Orb Walkers","floor":37,"turns":6},{"damage":11,"enemies":"3 Darklings","floor":39,"turns":8},{"damage":0,"enemies":"Transient","floor":41,"turns":5},{"damage":0,"enemies":"Writhing Mass","floor":44,"turns":8},{"damage":0,"enemies":"Mind Bloom Boss Battle","floor":46,"turns":9},{"damage":0,"enemies":"Maw","floor":47,"turns":7},{"damage":0,"enemies":"Transient","floor":48,"turns":5},{"damage":5,"enemies":"Donu and Deca","floor":50,"turns":7}],"seed_played":"-974090197792545477","potions_obtained":[{"floor":7,"key":"SpeedPotion"},{"floor":8,"key":"SkillPotion"},{"floor":11,"key":"SteroidPotion"},{"floor":13,"key":"Weak Potion"},{"floor":16,"key":"LiquidBronze"},{"floor":27,"key":"Strength Potion"},{"floor":30,"key":"Fruit Juice"},{"floor":31,"key":"EssenceOfSteel"},{"floor":37,"key":"Dexterity Potion"},{"floor":48,"key":"Strength Potion"}],"is_trial":false,"path_per_floor":["M","M","M","M","$","R","M","M","T","M","M","T","E","?","R","B",null,"M","?","?","$","M","R","?","R","T","M","$","R","M","M","R","B",null,"M","?","?","?","M","R","M","R","T","M","?","?","M","M","R","B",null],"character_chosen":"DEFECT","items_purchased":["Chill","Defragment","Barrage"],"campfire_rested":0,"item_purchase_floors":[5,21,21],"current_hp_per_floor":[75,75,75,73,73,73,65,65,65,67,55,55,46,46,46,39,75,72,72,72,72,75,75,75,75,75,75,75,75,80,79,79,80,80,80,80,66,66,63,63,71,71,71,79,79,80,80,80,80,79],"gold":0,"neow_bonus":"THREE_ENEMY_KILL","is_prod":false,"is_daily":false,"chose_seed":false,"campfire_upgraded":9,"win_rate":0,"timestamp":1551272042,"path_taken":["M","M","?","M","$","R","M","M","T","M","M","?","E","?","R","BOSS","M","?","?","$","M","R","?","R","T","M","$","R","M","M","R","BOSS","M","?","?","?","M","R","M","R","T","M","?","?","M","M","R","BOSS"],"build_version":"2019-01-23","purchased_purges":2,"victory":true,"max_hp_per_floor":[75,75,75,75,75,75,75,75,75,75,75,75,75,75,75,75,75,75,75,75,75,75,75,75,75,75,75,75,75,80,80,80,80,80,80,80,80,80,80,80,80,80,80,80,80,80,80,80,80,80],"card_choices":[{"not_picked":["Coolheaded","Streamline"],"picked":"Capacitor","floor":1},{"not_picked":["Skim","Sweeping Beam"],"picked":"Go for the Eyes","floor":2},{"not_picked":["Hologram","Fusion"],"picked":"Defragment","floor":3},{"not_picked":["Beam Cell","Redo"],"picked":"Cold Snap","floor":4},{"not_picked":["Chaos","Beam Cell"],"picked":"Streamline","floor":7},{"not_picked":["Sweeping Beam","Redo"],"picked":"Cold Snap","floor":8},{"not_picked":["BootSequence","Storm","Turbo"],"picked":"SKIP","floor":10},{"not_picked":["Turbo","Beam Cell","Rainbow"],"picked":"SKIP","floor":11},{"not_picked":["BootSequence","Undo","Leap"],"picked":"SKIP","floor":13},{"not_picked":["Hyperbeam","Echo Form"],"picked":"Machine Learning","floor":16},{"not_picked":["Ball Lightning","Hello World","Steam Power"],"picked":"SKIP","floor":18},{"not_picked":["Conserve Battery","Hologram"],"picked":"Coolheaded","floor":22},{"not_picked":["Rebound","Streamline+1"],"picked":"Barrage","floor":27},{"not_picked":["Leap","Gash"],"picked":"Hologram+1","floor":30},{"not_picked":["Darkness","Static Discharge","Echo Form"],"picked":"SKIP","floor":31},{"not_picked":["Reboot","Fission"],"picked":"Seek","floor":33},{"not_picked":["Redo+1","Hologram+1","Reinforced Body"],"picked":"SKIP","floor":35},{"not_picked":["Turbo","Storm"],"picked":"Consume+1","floor":39},{"not_picked":["Stack","Redo+1","White Noise"],"picked":"SKIP","floor":39},{"not_picked":["Redo+1","White Noise"],"picked":"Stack","floor":39},{"not_picked":["Creative AI","Double Energy+1"],"picked":"Barrage+1","floor":41},{"not_picked":["Consume","Gash+1","Coolheaded"],"picked":"SKIP","floor":41},{"not_picked":["Sweeping Beam","Genetic Algorithm+1","Stack"],"picked":"SKIP","floor":44},{"not_picked":["Darkness+1","BootSequence","Gash+1"],"picked":"SKIP","floor":44},{"not_picked":["Streamline+1","Sunder","Heatsinks"],"picked":"SKIP","floor":47},{"not_picked":["Rebound+1","Auto Shields","Consume+1"],"picked":"SKIP","floor":47},{"not_picked":["Beam Cell+1","Genetic Algorithm","Aggregate"],"picked":"SKIP","floor":48},{"not_picked":["Hologram+1","Barrage+1","Go for the Eyes"],"picked":"SKIP","floor":48}],"player_experience":525784,"relics_obtained":[{"floor":9,"key":"Bird Faced Urn"},{"floor":12,"key":"Juzu Bracelet"},{"floor":13,"key":"Nunchaku"},{"floor":26,"key":"Dream Catcher"},{"floor":37,"key":"Prayer Wheel"},{"floor":46,"key":"Gambling Chip"}],"event_choices":[{"damage_healed":0,"gold_gain":0,"player_choice":"0 cards matched","damage_taken":0,"max_hp_gain":0,"max_hp_loss":0,"event_name":"Match and Keep!","floor":14,"gold_loss":0,"cards_obtained":[]},{"damage_healed":0,"gold_gain":0,"player_choice":"Ignored","damage_taken":0,"max_hp_gain":0,"max_hp_loss":0,"event_name":"Ghosts","floor":19,"gold_loss":0},{"damage_healed":0,"gold_gain":0,"player_choice":"Simplicity","damage_taken":0,"max_hp_gain":0,"max_hp_loss":0,"event_name":"Back to Basics","floor":20,"gold_loss":0,"cards_upgraded":["Strike_B","Strike_B","Strike_B","Defend_B","Defend_B","Defend_B","Defend_B"]},{"damage_healed":0,"gold_gain":99,"player_choice":"Stole From Cult","damage_taken":0,"max_hp_gain":0,"max_hp_loss":0,"event_name":"Nest","floor":24,"gold_loss":0},{"damage_healed":0,"gold_gain":0,"player_choice":"Memory 1","damage_taken":0,"max_hp_gain":0,"max_hp_loss":0,"event_name":"SensoryStone","floor":36,"gold_loss":0},{"damage_healed":0,"gold_gain":0,"player_choice":"Fight","damage_taken":0,"max_hp_gain":0,"max_hp_loss":0,"event_name":"Mysterious Sphere","floor":37,"gold_loss":0},{"damage_healed":0,"gold_gain":0,"player_choice":"Paid","damage_taken":0,"relics_obtained":["Red Mask"],"max_hp_gain":0,"max_hp_loss":0,"event_name":"Tomb of Lord Red Mask","floor":38,"gold_loss":17},{"cards_removed":["Strike_B"],"damage_healed":0,"gold_gain":0,"player_choice":"Purged","damage_taken":0,"max_hp_gain":0,"max_hp_loss":0,"event_name":"Purifier","floor":45,"gold_loss":0},{"damage_healed":0,"gold_gain":0,"player_choice":"Fight","damage_taken":0,"max_hp_gain":0,"max_hp_loss":0,"event_name":"MindBloom","floor":46,"gold_loss":0}],"is_beta":false,"boss_relics":[{"not_picked":["Coffee Dripper","White Beast Statue"],"picked":"Ectoplasm"},{"not_picked":["Runic Dome","Empty Cage"],"picked":"Cursed Key"}],"items_purged_floors":[5,21],"is_endless":false,"potions_floor_spawned":[7,8,11,13,16,27,30,31,37,48],"ascension_level":0}