{"path_per_floor":["M","?","M","M","?","E","M","$","T","$","R","T","R","M","R","B",null,"M","M","M"],"character_chosen":"DEFECT","items_purchased":["Storm","Coolheaded"],"gold_per_floor":[99,99,99,99,99,99,99,17,17,17,17,17,17,17,17,17,17,0,0,0,0],"floor_reached":21,"campfire_rested":0,"playtime":1115,"item_purchase_floors":[8,8],"current_hp_per_floor":[72,72,71,71,56,43,43,43,43,43,43,43,43,43,43,3,75,59,51,13,0],"items_purged":[],"gold":0,"score":217,"play_id":"5a860b15-6457-4686-893c-6abb52462dde","local_time":"20180617000805","is_prod":false,"is_daily":false,"chose_seed":false,"is_ascension_mode":true,"campfire_upgraded":3,"win_rate":0,"timestamp":1529165285,"campfire_choices":[{"data":"Hologram","floor":11,"key":"SMITH"},{"data":"Zap","floor":13,"key":"SMITH"},{"data":"Storm","floor":15,"key":"SMITH"}],"path_taken":["M","?","M","?","?","E","M","$","T","$","R","?","R","M","R","BOSS","M","M","M","M"],"build_version":"2018-06-14v2","seed_source_timestamp":194302801547044,"purchased_purges":0,"victory":false,"master_deck":["Strike_B","Strike_B","Strike_B","Defend_B+1","Defend_B","Defend_B","Defend_B","Zap+1","Dualcast","Heatsinks","Turbo","Glacier","Beam Cell+1","Hologram+1","Electrodynamics","Storm+1","Coolheaded","Multi-Cast","Recycle","Blizzard+1","Coolheaded"],"max_hp_per_floor":[75,75,75,75,75,75,75,75,75,75,75,75,75,75,75,75,75,75,75,75,75],"relics":["Ectoplasm","Ancient Tea Set","Potion Belt","The Courier","Black Star"],"card_choices":[{"not_picked":["Undo","Leap"],"picked":"Heatsinks","floor":1},{"not_picked":["Capacitor","Gash"],"picked":"Glacier","floor":3},{"not_picked":["Ball Lightning","Sweeping Beam"],"picked":"Beam Cell","floor":4},{"not_picked":["Chaos","Rip and Tear"],"picked":"Hologram","floor":6},{"not_picked":["Hologram","Stack"],"picked":"Electrodynamics","floor":7},{"not_picked":["Aggregate","Rebound","Hologram"],"picked":"SKIP","floor":14},{"not_picked":["All For One","Hyperbeam"],"picked":"Multi-Cast","floor":16},{"not_picked":["Compile Driver","Genetic Algorithm"],"picked":"Recycle","floor":18},{"not_picked":["Cold Snap","Conserve Battery+1"],"picked":"Blizzard+1","floor":19},{"not_picked":["Leap","Barrage"],"picked":"Coolheaded","floor":20}],"player_experience":453746,"potions_floor_usage":[16,16],"damage_taken":[{"damage":3,"enemies":"Jaw Worm","floor":1,"turns":4},{"damage":1,"enemies":"Small Slimes","floor":3,"turns":4},{"damage":0,"enemies":"Cultist","floor":4,"turns":5},{"damage":13,"enemies":"Lagavulin","floor":6,"turns":10},{"damage":0,"enemies":"Blue Slaver","floor":7,"turns":5},{"damage":0,"enemies":"2 Fungi Beasts","floor":14,"turns":2},{"damage":40,"enemies":"Slime Boss","floor":16,"turns":13},{"damage":16,"enemies":"2 Thieves","floor":18,"turns":4},{"damage":8,"enemies":"3 Byrds","floor":19,"turns":4},{"damage":38,"enemies":"Cultist and Chosen","floor":20,"turns":9},{"damage":21,"enemies":"Centurion and Healer","floor":21,"turns":1}],"relics_obtained":[{"floor":6,"key":"Ancient Tea Set"},{"floor":9,"key":"Potion Belt"},{"floor":12,"key":"The Courier"}],"event_choices":[{"event_name":"Living Wall","player_choice":"Change","floor":2,"damage_taken":0},{"event_name":"Shining Light","player_choice":"Entered Light","floor":5,"damage_taken":0}],"boss_relics":[{"not_picked":["Snecko Eye","Astrolabe"],"picked":"Black Star"}],"items_purged_floors":[],"is_endless":false,"potions_floor_spawned":[1,4,7,18],"seed_played":"-5052947070567529471","killed_by":"Centurion and Healer","ascension_level":4,"potions_obtained":[{"floor":1,"key":"Swift Potion"},{"floor":4,"key":"Strength Potion"},{"floor":7,"key":"SkillPotion"},{"floor":18,"key":"Strength Potion"}],"is_trial":false}