{"gold_per_floor":[117,117,117,134,59,89,89,89,115,135,135,175,75,150,150,275,275,294,169,109,109],"floor_reached":21,"playtime":6017,"items_purged":["Strike_G","Defend_G","Parasite"],"score":271,"play_id":"1c022e04-c268-48b6-add5-fdeff51fdf73","local_time":"20181115182433","is_ascension_mode":true,"campfire_choices":[{"data":"Footwork","floor":7,"key":"SMITH"},{"floor":15,"key":"REST"}],"neow_cost":"NONE","seed_source_timestamp":86151071492239,"circlet_count":0,"master_deck":["Defend_G+1","Defend_G","Defend_G","Strike_G","Strike_G","Strike_G+1","Strike_G","Survivor","Neutralize","Noxious Fumes","Footwork+1","Footwork","Corpse Explosion","Burst","Shame","Parasite"],"relics":["Ring of the Snake","NeowsBlessing","Ornamental Fan","PreservedInsect","Dream Catcher","Golden Idol","Ginger","Calling Bell","Bag of Marbles","Letter Opener","Ice Cream"],"potions_floor_usage":[16,16],"damage_taken":[{"damage":0,"enemies":"2 Louse","floor":1,"turns":1},{"damage":0,"enemies":"Small Slimes","floor":4,"turns":1},{"damage":0,"enemies":"Lagavulin","floor":6,"turns":1},{"damage":0,"enemies":"Cultist","floor":10,"turns":4},{"damage":1,"enemies":"3 Sentries","floor":12,"turns":8},{"damage":0,"enemies":"The Guardian","floor":16,"turns":11},{"damage":12,"enemies":"Chosen","floor":18,"turns":6},{"damage":24,"enemies":"2 Thieves","floor":20,"turns":4},{"damage":36,"enemies":"Snecko","floor":21,"turns":4}],"seed_played":"7460785412140747284","potions_obtained":[{"floor":1,"key":"EssenceOfSteel"},{"floor":6,"key":"FearPotion"}],"is_trial":false,"path_per_floor":["M","?","?","M","$","E","R","?","T","M","?","E","$","?","R","B",null,"M","$","M","M"],"character_chosen":"THE_SILENT","items_purchased":[],"campfire_rested":1,"item_purchase_floors":[],"current_hp_per_floor":[70,67,67,67,67,67,67,53,53,53,36,35,35,28,49,49,70,58,58,34,0],"gold":109,"neow_bonus":"THREE_ENEMY_KILL","is_prod":false,"is_daily":false,"chose_seed":false,"campfire_upgraded":1,"win_rate":0,"timestamp":1542327873,"path_taken":["M","?","?","?","$","E","R","?","T","M","?","E","$","?","R","BOSS","M","$","M","?"],"build_version":"2018-11-08","purchased_purges":3,"victory":false,"max_hp_per_floor":[70,70,70,70,70,70,70,70,70,70,70,70,70,70,70,70,70,70,67,67,67],"card_choices":[{"not_picked":["PiercingWail","Tactician"],"picked":"Noxious Fumes","floor":1},{"not_picked":["Crippling Poison","Acrobatics"],"picked":"Footwork","floor":4},{"not_picked":["Dagger Spray","Prepared","Skewer"],"picked":"SKIP","floor":6},{"not_picked":["Outmaneuver","Bane","Slice"],"picked":"SKIP","floor":10},{"not_picked":["Blade Dance","PiercingWail"],"picked":"Footwork","floor":12},{"not_picked":["Dagger Spray","Blur"],"picked":"Corpse Explosion","floor":15},{"not_picked":["Die Die Die","Phantasmal Killer"],"picked":"Burst","floor":16},{"not_picked":["Envenom","Dagger Throw+1","Riddle With Holes"],"picked":"SKIP","floor":18},{"not_picked":["Dagger Throw","Finisher+1","Predator+1"],"picked":"SKIP","floor":20}],"player_experience":229427,"relics_obtained":[{"floor":6,"key":"PreservedInsect"},{"floor":9,"key":"Dream Catcher"},{"floor":12,"key":"Ginger"},{"floor":17,"key":"Bag of Marbles"},{"floor":17,"key":"Letter Opener"},{"floor":17,"key":"Ice Cream"}],"event_choices":[{"damage_healed":0,"gold_gain":0,"player_choice":"Success","damage_taken":3,"relics_obtained":["Ornamental Fan"],"max_hp_gain":0,"max_hp_loss":0,"event_name":"Scrap Ooze","floor":2,"gold_loss":0},{"cards_removed":["Defend_G"],"damage_healed":0,"gold_gain":0,"player_choice":"Purged","damage_taken":0,"max_hp_gain":0,"max_hp_loss":0,"event_name":"Purifier","floor":3,"gold_loss":0},{"damage_healed":0,"gold_gain":0,"player_choice":"Entered Light","damage_taken":14,"max_hp_gain":0,"max_hp_loss":0,"event_name":"Shining Light","floor":8,"gold_loss":0,"cards_upgraded":["Defend_G","Strike_G"]},{"damage_healed":0,"gold_gain":0,"player_choice":"Take Damage","damage_taken":17,"relics_obtained":["Golden Idol"],"max_hp_gain":0,"max_hp_loss":0,"event_name":"Golden Idol","floor":11,"gold_loss":0},{"damage_healed":0,"gold_gain":75,"player_choice":"Touch","damage_taken":7,"max_hp_gain":0,"max_hp_loss":0,"event_name":"FaceTrader","floor":14,"gold_loss":0}],"is_beta":false,"boss_relics":[{"not_picked":["Coffee Dripper","Velvet Choker"],"picked":"Calling Bell"}],"items_purged_floors":[5,13,19],"is_endless":false,"potions_floor_spawned":[1,6],"killed_by":"Snecko","ascension_level":1}