{"gold_per_floor":[209,134,145,163,176,176,197,197,247,274,291,256,266,284,284,380,380,370,370,402,280,280],"floor_reached":22,"playtime":8832,"items_purged":["Strike_R","Strike_R"],"score":214,"play_id":"7f331d66-7017-46ef-8f75-1a1ba9b201ac","local_time":"20181201183954","is_ascension_mode":true,"campfire_choices":[{"floor":6,"key":"RECALL"},{"floor":8,"key":"REST"},{"floor":15,"key":"REST"}],"neow_cost":"NONE","seed_source_timestamp":603093659313303,"circlet_count":0,"master_deck":["Strike_R","Strike_R","Strike_R","Defend_R","Defend_R","Defend_R","Defend_R","Bash","Cleave","Shrug It Off","Shrug It Off","Inflame","Bludgeon","Battle Trance","Shrug It Off"],"relics":["Burning Blood","Odd Mushroom","Strawberry","Coffee Dripper","Red Mask"],"potions_floor_usage":[16,16,16],"damage_taken":[{"damage":6,"enemies":"Jaw Worm","floor":1,"turns":4},{"damage":0,"enemies":"2 Louse","floor":3,"turns":3},{"damage":16,"enemies":"Small Slimes","floor":4,"turns":4},{"damage":6,"enemies":"Looter","floor":5,"turns":5},{"damage":36,"enemies":"The Mushroom Lair","floor":7,"turns":6},{"damage":39,"enemies":"3 Sentries","floor":10,"turns":9},{"damage":8,"enemies":"Blue Slaver","floor":11,"turns":5},{"damage":0,"enemies":"2 Fungi Beasts","floor":13,"turns":5},{"damage":21,"enemies":"Exordium Thugs","floor":14,"turns":4},{"damage":58,"enemies":"The Guardian","floor":16,"turns":8},{"damage":13,"enemies":"2 Thieves","floor":18,"turns":4},{"damage":52,"enemies":"Masked Bandits","floor":20,"turns":5},{"damage":21,"enemies":"Colosseum Slavers","floor":22,"turns":3}],"seed_played":"-9215221042476570335","potions_obtained":[{"floor":1,"key":"Swift Potion"},{"floor":7,"key":"SkillPotion"},{"floor":10,"key":"PowerPotion"},{"floor":13,"key":"EssenceOfSteel"},{"floor":18,"key":"Dexterity Potion"}],"is_trial":false,"path_per_floor":["M","$","M","M","M","R","?","R","T","E","M","?","M","M","R","B",null,"M","?","?","$","?"],"character_chosen":"IRONCLAD","items_purchased":["Shrug It Off"],"campfire_rested":2,"item_purchase_floors":[21],"current_hp_per_floor":[80,80,80,70,70,70,40,64,64,38,36,57,63,48,74,22,87,80,64,18,18,0],"gold":280,"neow_bonus":"HUNDRED_GOLD","is_prod":false,"is_daily":false,"chose_seed":false,"campfire_upgraded":0,"win_rate":0,"timestamp":1543711194,"path_taken":["M","$","M","M","M","R","?","R","T","E","M","?","M","M","R","BOSS","M","?","?","$","?"],"build_version":"2018-11-15","purchased_purges":2,"victory":false,"max_hp_per_floor":[80,80,80,80,80,80,80,80,80,87,87,87,87,87,87,87,87,87,87,87,87,87],"card_choices":[{"not_picked":["Dropkick","Flex"],"picked":"Cleave","floor":1},{"not_picked":["Flex","Sever Soul","Clash"],"picked":"SKIP","floor":3},{"not_picked":["Clothesline","Corruption"],"picked":"Shrug It Off","floor":4},{"not_picked":["Dropkick","Feel No Pain","Burning Pact"],"picked":"SKIP","floor":5},{"not_picked":["Clothesline","Evolve"],"picked":"Shrug It Off","floor":7},{"not_picked":["Sword Boomerang","Corruption"],"picked":"Inflame","floor":10},{"not_picked":["Heavy Blade","Headbutt"],"picked":"Bludgeon","floor":11},{"not_picked":["Flex","Reckless Charge","Pummel"],"picked":"SKIP","floor":13},{"not_picked":["Burning Pact","Iron Wave","Headbutt"],"picked":"SKIP","floor":14},{"not_picked":["Flex+1","Uppercut"],"picked":"Battle Trance","floor":18}],"player_experience":604597,"relics_obtained":[{"floor":7,"key":"Odd Mushroom"},{"floor":10,"key":"Strawberry"},{"floor":20,"key":"Red Mask"}],"event_choices":[{"damage_healed":0,"gold_gain":0,"player_choice":"Fought Mushrooms","damage_taken":0,"max_hp_gain":0,"max_hp_loss":0,"event_name":"Mushrooms","floor":7,"gold_loss":0},{"damage_healed":21,"gold_gain":0,"player_choice":"Healed","damage_taken":0,"max_hp_gain":0,"max_hp_loss":0,"event_name":"The Cleric","floor":12,"gold_loss":35},{"damage_healed":0,"gold_gain":0,"player_choice":"Obtained Book","damage_taken":16,"max_hp_gain":0,"max_hp_loss":0,"event_name":"Cursed Tome","floor":19,"gold_loss":0},{"damage_healed":0,"gold_gain":0,"player_choice":"Fought Bandits","damage_taken":0,"max_hp_gain":0,"max_hp_loss":0,"event_name":"Masked Bandits","floor":20,"gold_loss":0},{"damage_healed":0,"gold_gain":0,"player_choice":"Fight","damage_taken":0,"max_hp_gain":0,"max_hp_loss":0,"event_name":"Colosseum","floor":22,"gold_loss":0}],"is_beta":false,"boss_relics":[{"not_picked":["Mark of Pain","Philosopher\u0027s Stone"],"picked":"Coffee Dripper"}],"items_purged_floors":[2,21],"is_endless":false,"potions_floor_spawned":[1,7,10,13,18],"killed_by":"Colosseum Slavers","ascension_level":3}