{"gold_per_floor":[111,122,122,139,155,155,185,212,212,240,18,40,40,40,40,138,138,158,158,158,169,169,196,196,55,55,70,82,82,82,11,11,109,109,120,20,34,34,46,46,62,62,62,79,92,92,92,125,125,125],"floor_reached":51,"playtime":2730,"items_purged":["Body Slam","Strike_R+1"],"score":828,"play_id":"549159dd-336e-4333-8d72-e7d3059f37af","local_time":"20190225004900","is_ascension_mode":false,"campfire_choices":[{"data":"Metallicize","floor":6,"key":"SMITH"},{"data":"Barricade","floor":13,"key":"SMITH"},{"data":"Flame Barrier","floor":15,"key":"SMITH"},{"data":"True Grit","floor":24,"key":"SMITH"},{"data":"Body Slam","floor":29,"key":"SMITH"},{"data":"Impervious","floor":32,"key":"SMITH"},{"data":"Impervious","floor":40,"key":"SMITH"},{"data":"Shockwave","floor":42,"key":"SMITH"},{"data":"Impervious","floor":46,"key":"SMITH"},{"data":"Juggernaut","floor":49,"key":"SMITH"}],"neow_cost":"TEN_PERCENT_HP_LOSS","seed_source_timestamp":126271036942006,"circlet_count":0,"master_deck":["Strike_R+1","Strike_R+1","Strike_R+1","Defend_R+1","Defend_R+1","Defend_R+1","Bash","Spot Weakness","Metallicize+1","Shrug It Off","Barricade+1","Flame Barrier+1","Juggernaut+1","Body Slam+1","True Grit+1","Impervious+1","Shockwave+1","Impervious+1","Impervious+1","Battle Trance+1"],"relics":["Burning Blood","Shuriken","Calipers","Prayer Wheel","Unceasing Top","Odd Mushroom","Cursed Key","Nilry\u0027s Codex","Ice Cream","Runic Dome","Red Skull"],"potions_floor_usage":[16,50,50,50],"damage_taken":[{"damage":1,"enemies":"Cultist","floor":1,"turns":3},{"damage":0,"enemies":"2 Louse","floor":2,"turns":3},{"damage":1,"enemies":"Jaw Worm","floor":4,"turns":3},{"damage":3,"enemies":"Red Slaver","floor":5,"turns":5},{"damage":15,"enemies":"3 Sentries","floor":8,"turns":10},{"damage":11,"enemies":"Lagavulin","floor":10,"turns":9},{"damage":26,"enemies":"The Mushroom Lair","floor":12,"turns":9},{"damage":31,"enemies":"Hexaghost","floor":16,"turns":20},{"damage":1,"enemies":"3 Byrds","floor":18,"turns":3},{"damage":1,"enemies":"Chosen","floor":21,"turns":5},{"damage":16,"enemies":"Gremlin Leader","floor":23,"turns":7},{"damage":8,"enemies":"3 Cultists","floor":27,"turns":6},{"damage":0,"enemies":"Chosen and Byrds","floor":28,"turns":6},{"damage":0,"enemies":"Collector","floor":33,"turns":9},{"damage":1,"enemies":"3 Shapes","floor":35,"turns":4},{"damage":0,"enemies":"3 Darklings","floor":37,"turns":6},{"damage":0,"enemies":"Jaw Worm Horde","floor":39,"turns":6},{"damage":1,"enemies":"4 Shapes","floor":41,"turns":7},{"damage":2,"enemies":"Transient","floor":44,"turns":5},{"damage":0,"enemies":"Maw","floor":45,"turns":5},{"damage":0,"enemies":"Nemesis","floor":48,"turns":5},{"damage":0,"enemies":"Donu and Deca","floor":50,"turns":8}],"seed_played":"-4751787818620567073","potions_obtained":[{"floor":1,"key":"SteroidPotion"},{"floor":12,"key":"LiquidBronze"},{"floor":23,"key":"FearPotion"},{"floor":28,"key":"Weak Potion"},{"floor":33,"key":"Energy Potion"},{"floor":48,"key":"Block Potion"}],"is_trial":false,"path_per_floor":["M","M","?","M","M","R","?","E","T","E","$","?","R","$","R","B",null,"M","?","?","M","?","E","R","$","T","M","M","R","?","$","R","B",null,"M","$","M","$","M","R","M","R","T","M","M","R","$","E","R","B",null],"character_chosen":"IRONCLAD","items_purchased":["Barricade","Impervious","Impervious"],"campfire_rested":0,"item_purchase_floors":[11,25,31],"current_hp_per_floor":[72,72,77,77,77,77,77,68,68,63,63,43,43,43,43,18,77,77,77,61,66,66,56,56,56,56,54,60,60,60,60,60,66,77,77,77,77,77,77,77,77,77,77,77,77,77,77,77,77,77],"gold":125,"neow_bonus":"REMOVE_TWO","is_prod":false,"is_daily":false,"chose_seed":false,"campfire_upgraded":10,"win_rate":0,"timestamp":1551073740,"path_taken":["M","?","?","M","M","R","?","E","T","E","$","?","R","?","R","BOSS","M","?","?","M","?","E","R","$","T","M","M","R","?","?","R","BOSS","M","$","M","?","M","R","M","R","T","M","?","R","$","E","R","BOSS"],"build_version":"2019-01-23","purchased_purges":2,"victory":true,"max_hp_per_floor":[72,72,77,77,77,77,77,77,77,77,77,77,77,77,77,77,77,77,77,77,77,77,77,77,77,77,77,77,77,77,77,77,77,77,77,77,77,77,77,77,77,77,77,77,77,77,77,77,77,77],"card_choices":[{"not_picked":["Hemokinesis","Warcry"],"picked":"Spot Weakness","floor":1},{"not_picked":["Perfected Strike","Clothesline","Thunderclap"],"picked":"SKIP","floor":2},{"not_picked":["Heavy Blade","Clash"],"picked":"Metallicize","floor":4},{"not_picked":["Disarm","Bloodletting"],"picked":"Shrug It Off","floor":5},{"not_picked":["Clash","Pommel Strike"],"picked":"Body Slam","floor":8},{"not_picked":["Intimidate","Thunderclap","Heavy Blade"],"picked":"SKIP","floor":10},{"not_picked":["Dropkick","Searing Blow"],"picked":"Flame Barrier","floor":12},{"not_picked":["Berserk","Offering"],"picked":"Juggernaut","floor":16},{"not_picked":["Havoc","Anger+1","Wild Strike"],"picked":"SKIP","floor":18},{"not_picked":["Hemokinesis+1","Second Wind","Headbutt+1"],"picked":"SKIP","floor":18},{"not_picked":["Flex","Whirlwind"],"picked":"Body Slam","floor":21},{"not_picked":["Armaments","Headbutt","Warcry"],"picked":"SKIP","floor":21},{"not_picked":["Seeing Red","Whirlwind"],"picked":"True Grit","floor":23},{"not_picked":["Exhume","Second Wind"],"picked":"Shockwave","floor":27},{"not_picked":["Thunderclap","Wild Strike+1","Perfected Strike"],"picked":"SKIP","floor":27},{"not_picked":["Havoc+1","Headbutt","Clash+1"],"picked":"SKIP","floor":28},{"not_picked":["Spot Weakness","Heavy Blade","Inflame"],"picked":"SKIP","floor":28},{"not_picked":["Double Tap","Bludgeon"],"picked":"Impervious","floor":33},{"not_picked":["Heavy Blade","Flex+1","Inflame"],"picked":"SKIP","floor":35},{"not_picked":["Flex+1","True Grit","Body Slam+1"],"picked":"SKIP","floor":35},{"not_picked":["Clothesline","Sword Boomerang+1","Thunderclap"],"picked":"SKIP","floor":37},{"not_picked":["Body Slam+1","Shrug It Off","Sever Soul+1"],"picked":"SKIP","floor":37},{"not_picked":["Flex","Corruption+1","Berserk"],"picked":"SKIP","floor":39},{"not_picked":["Iron Wave","Pommel Strike+1","Flame Barrier"],"picked":"SKIP","floor":39},{"not_picked":["Rupture","Dual Wield+1"],"picked":"Battle Trance+1","floor":41},{"not_picked":["Sword Boomerang+1","Havoc","Sever Soul+1"],"picked":"SKIP","floor":41},{"not_picked":["Twin Strike+1","Clash","Bludgeon"],"picked":"SKIP","floor":44},{"not_picked":["Corruption","Heavy Blade","Power Through"],"picked":"SKIP","floor":44},{"not_picked":["Rampage+1","Pommel Strike+1","Reckless Charge"],"picked":"SKIP","floor":45},{"not_picked":["Blood for Blood","Rage+1","Anger"],"picked":"SKIP","floor":45},{"not_picked":["Bludgeon","Clothesline","Warcry+1"],"picked":"SKIP","floor":48}],"player_experience":458284,"relics_obtained":[{"floor":8,"key":"Calipers"},{"floor":9,"key":"Prayer Wheel"},{"floor":10,"key":"Unceasing Top"},{"floor":12,"key":"Odd Mushroom"},{"floor":20,"key":"Nilry\u0027s Codex"},{"floor":23,"key":"Ice Cream"},{"floor":48,"key":"Red Skull"}],"event_choices":[{"damage_healed":0,"gold_gain":0,"player_choice":"Donut","damage_taken":0,"max_hp_gain":5,"max_hp_loss":0,"event_name":"Big Fish","floor":3,"gold_loss":0},{"damage_healed":0,"gold_gain":30,"player_choice":"Searched \u00273\u0027 times","damage_taken":0,"relics_obtained":["Shuriken"],"max_hp_gain":0,"max_hp_loss":0,"event_name":"Dead Adventurer","floor":7,"gold_loss":0},{"damage_healed":0,"gold_gain":0,"player_choice":"Fought Mushrooms","damage_taken":0,"max_hp_gain":0,"max_hp_loss":0,"event_name":"Mushrooms","floor":12,"gold_loss":0},{"damage_healed":0,"gold_gain":0,"player_choice":"Ignored","damage_taken":0,"max_hp_gain":0,"max_hp_loss":0,"event_name":"Ghosts","floor":19,"gold_loss":0},{"damage_healed":0,"gold_gain":0,"player_choice":"Obtained Book","damage_taken":16,"max_hp_gain":0,"max_hp_loss":0,"event_name":"Cursed Tome","floor":20,"gold_loss":0},{"damage_healed":0,"gold_gain":0,"player_choice":"Simplicity","damage_taken":0,"max_hp_gain":0,"max_hp_loss":0,"event_name":"Back to Basics","floor":22,"gold_loss":0,"cards_upgraded":["Strike_R","Strike_R","Strike_R","Strike_R","Defend_R","Defend_R","Defend_R"]},{"damage_healed":0,"gold_gain":0,"player_choice":"Ignored","damage_taken":0,"max_hp_gain":0,"max_hp_loss":0,"event_name":"The Mausoleum","floor":30,"gold_loss":0}],"is_beta":false,"boss_relics":[{"not_picked":["Runic Pyramid","Runic Cube"],"picked":"Cursed Key"},{"not_picked":["Fusion Hammer","Empty Cage"],"picked":"Runic Dome"}],"items_purged_floors":[11,36],"is_endless":false,"potions_floor_spawned":[1,12,23,28,33,37,39,44,48],"ascension_level":0}