{"gold_per_floor":[215,215,39,39,56,56,71,86,135,169,169,202,202,214,214,310,360,380,380,398,426,426,426,437,437,437,437,454,454,50,68,68,68],"floor_reached":33,"playtime":1596,"items_purged":["Defend_R"],"score":383,"play_id":"847df699-ed13-4974-bfda-127aaf376c0d","local_time":"20190225004927","is_ascension_mode":true,"campfire_choices":[{"data":"Apotheosis","floor":6,"key":"SMITH"},{"floor":11,"key":"RECALL"},{"data":"True Grit","floor":13,"key":"SMITH"},{"data":"Pommel Strike","floor":15,"key":"SMITH"},{"floor":23,"key":"REST"},{"data":"Decay","floor":29,"key":"PURGE"},{"floor":32,"key":"REST"}],"neow_cost":"NONE","seed_source_timestamp":239447268473176,"circlet_count":0,"master_deck":["AscendersBane","Strike_R","Strike_R","Strike_R","Strike_R","Strike_R","Defend_R","Defend_R","Bash","Pommel Strike+1","Apotheosis+1","Twin Strike","True Grit+1","Wild Strike","Feel No Pain","Twin Strike","Demon Form+1","Twin Strike","Ghostly Armor","Evolve","Perfected Strike","Shrug It Off","Flex+1","Headbutt+1","Intimidate","Shrug It Off"],"relics":["Burning Blood","Orichalcum","Bag of Marbles","Peace Pipe","Anchor","Tiny House","Red Mask","Nunchaku","Nilry\u0027s Codex","Sundial"],"potions_floor_usage":[10,16,18,20,24,31,31,33],"damage_taken":[{"damage":7,"enemies":"Jaw Worm","floor":1,"turns":7},{"damage":0,"enemies":"Cultist","floor":5,"turns":4},{"damage":0,"enemies":"2 Louse","floor":7,"turns":3},{"damage":7,"enemies":"Red Slaver","floor":8,"turns":3},{"damage":8,"enemies":"3 Sentries","floor":10,"turns":5},{"damage":28,"enemies":"Lagavulin","floor":12,"turns":6},{"damage":0,"enemies":"Blue Slaver","floor":14,"turns":3},{"damage":44,"enemies":"Slime Boss","floor":16,"turns":12},{"damage":26,"enemies":"Shell Parasite","floor":18,"turns":5},{"damage":13,"enemies":"2 Thieves","floor":20,"turns":5},{"damage":26,"enemies":"Masked Bandits","floor":21,"turns":5},{"damage":0,"enemies":"Centurion and Healer","floor":24,"turns":4},{"damage":7,"enemies":"Cultist and Chosen","floor":28,"turns":7},{"damage":19,"enemies":"Snecko","floor":31,"turns":5},{"damage":98,"enemies":"Collector","floor":33,"turns":10}],"seed_played":"-3963888858914573658","potions_obtained":[{"floor":5,"key":"AttackPotion"},{"floor":7,"key":"Regen Potion"},{"floor":12,"key":"Regen Potion"},{"floor":17,"key":"SkillPotion"},{"floor":21,"key":"BloodPotion"},{"floor":24,"key":"Block Potion"},{"floor":28,"key":"SkillPotion"},{"floor":31,"key":"Explosive Potion"}],"is_trial":false,"path_per_floor":["M","?","$","?","M","R","M","M","T","E","R","E","R","M","R","B",null,"M","?","M","?","?","R","M","?","T","?","M","R","$","M","R","B"],"character_chosen":"IRONCLAD","items_purchased":["Apotheosis","Sundial","Intimidate"],"campfire_rested":2,"item_purchase_floors":[3,30,30],"current_hp_per_floor":[71,71,71,71,77,77,80,79,79,77,77,55,55,61,61,38,75,55,55,62,42,42,67,81,81,81,65,64,64,64,51,76,0],"gold":68,"neow_bonus":"HUNDRED_GOLD","is_prod":false,"is_daily":false,"chose_seed":false,"campfire_upgraded":3,"win_rate":0,"timestamp":1551023367,"path_taken":["M","?","$","?","?","R","M","M","T","E","R","E","R","M","R","BOSS","M","?","?","?","?","R","?","?","T","?","M","R","$","M","R","BOSS"],"build_version":"2019-01-23","purchased_purges":1,"victory":false,"max_hp_per_floor":[80,80,80,80,80,80,80,80,80,80,80,80,80,80,80,80,85,85,85,85,85,85,85,85,85,85,85,85,85,85,85,85,85],"card_choices":[{"not_picked":["Havoc","Thunderclap"],"picked":"Pommel Strike","floor":1},{"not_picked":["Entrench","Flex"],"picked":"Twin Strike","floor":5},{"not_picked":["Havoc","Entrench","Sever Soul"],"picked":"SKIP","floor":7},{"not_picked":["Armaments","Havoc"],"picked":"True Grit","floor":8},{"not_picked":["Sword Boomerang","Armaments"],"picked":"Wild Strike","floor":10},{"not_picked":["Bludgeon","Power Through"],"picked":"Feel No Pain","floor":12},{"not_picked":["Iron Wave","Thunderclap"],"picked":"Twin Strike","floor":14},{"not_picked":["Dark Embrace","Feed"],"picked":"Demon Form","floor":16},{"not_picked":["Entrench","Iron Wave"],"picked":"Twin Strike","floor":17},{"not_picked":["True Grit","Fire Breathing"],"picked":"Ghostly Armor","floor":18},{"not_picked":["Inflame","Body Slam+1"],"picked":"Perfected Strike","floor":20},{"not_picked":["Iron Wave","Body Slam"],"picked":"Shrug It Off","floor":21},{"not_picked":["Rage","Havoc"],"picked":"Flex+1","floor":24},{"not_picked":["Body Slam","Cleave+1"],"picked":"Headbutt+1","floor":28},{"not_picked":["Entrench+1","Blood for Blood"],"picked":"Shrug It Off","floor":31}],"player_experience":77080,"relics_obtained":[{"floor":4,"key":"Orichalcum"},{"floor":9,"key":"Bag of Marbles"},{"floor":10,"key":"Peace Pipe"},{"floor":12,"key":"Anchor"},{"floor":21,"key":"Red Mask"},{"floor":26,"key":"Nunchaku"},{"floor":27,"key":"Nilry\u0027s Codex"}],"event_choices":[{"damage_healed":0,"gold_gain":0,"player_choice":"Leave","damage_taken":0,"max_hp_gain":0,"max_hp_loss":0,"event_name":"The Cleric","floor":2,"gold_loss":0},{"damage_healed":0,"gold_gain":0,"player_choice":"Relic","damage_taken":0,"max_hp_gain":0,"max_hp_loss":0,"event_name":"Wheel of Change","floor":4,"gold_loss":0},{"damage_healed":0,"gold_gain":0,"cards_transformed":["Defend_R"],"player_choice":"Transformed","damage_taken":0,"max_hp_gain":0,"max_hp_loss":0,"event_name":"Transmorgrifier","floor":19,"gold_loss":0,"cards_obtained":["Evolve"]},{"damage_healed":0,"gold_gain":0,"player_choice":"Fought Bandits","damage_taken":0,"max_hp_gain":0,"max_hp_loss":0,"event_name":"Masked Bandits","floor":21,"gold_loss":0},{"damage_healed":0,"gold_gain":0,"player_choice":"Smashed Altar","damage_taken":0,"max_hp_gain":0,"max_hp_loss":0,"event_name":"Forgotten Altar","floor":22,"gold_loss":0,"cards_obtained":["Decay"]},{"damage_healed":0,"gold_gain":0,"player_choice":"Ignored","damage_taken":0,"max_hp_gain":0,"max_hp_loss":0,"event_name":"Vampires","floor":25,"gold_loss":0},{"damage_healed":0,"gold_gain":0,"player_choice":"Obtained Book","damage_taken":16,"max_hp_gain":0,"max_hp_loss":0,"event_name":"Cursed Tome","floor":27,"gold_loss":0}],"is_beta":false,"boss_relics":[{"not_picked":["Runic Pyramid","Pandora\u0027s Box"],"picked":"Tiny House"}],"items_purged_floors":[30],"is_endless":false,"potions_floor_spawned":[5,7,12,21,24,28,31],"killed_by":"Collector","ascension_level":10}