{"gold_per_floor":[111,111,36,51,1,13,13,13,85,85,111,111,128,140,140,243,243,257,12,12,12,12,45,45,58,81,81,18,18,32,46,46,151,151,162,162,262,272,55,55,75,86,154,154,183,183,70,80,80,80],"floor_reached":50,"playtime":2924,"items_purged":["Strike_R","Strike_R","Strike_R","Pain","Pain"],"score":513,"play_id":"5ca23924-31a9-497c-9afd-aec443750035","local_time":"20190223023855","is_ascension_mode":false,"campfire_choices":[{"data":"Armaments","floor":7,"key":"SMITH"},{"data":"Heavy Blade","floor":10,"key":"SMITH"},{"data":"Searing Blow","floor":12,"key":"SMITH"},{"data":"Seeing Red","floor":15,"key":"SMITH"},{"data":"Clothesline","floor":24,"key":"SMITH"},{"data":"Pummel","floor":27,"key":"SMITH"},{"data":"Armaments","floor":29,"key":"SMITH"},{"data":"Searing Blow+1","floor":32,"key":"SMITH"},{"data":"Inflame","floor":40,"key":"SMITH"},{"data":"Double Tap","floor":49,"key":"SMITH"}],"neow_cost":"NONE","seed_source_timestamp":15049292160132,"circlet_count":0,"master_deck":["Defend_R","Defend_R","Defend_R","Bash+1","Heavy Blade+1","Pummel+1","Armaments+1","Searing Blow+2","Seeing Red+1","Reaper","Inflame+1","Clothesline+1","Armaments+1","Double Tap+1","Purity","Cleave+1"],"relics":["Burning Blood","Letter Opener","Paper Frog","Cursed Key","Membership Card","Matryoshka","Bag of Marbles","Centennial Puzzle","Runic Dome","Magic Flower","Brimstone","Toxic Egg 2","Mummified Hand","Oddly Smooth Stone"],"potions_floor_usage":[16,23,23,33,33,50,50,50],"damage_taken":[{"damage":5,"enemies":"2 Louse","floor":1,"turns":4},{"damage":8,"enemies":"Jaw Worm","floor":4,"turns":6},{"damage":2,"enemies":"Small Slimes","floor":6,"turns":4},{"damage":27,"enemies":"Gremlin Nob","floor":11,"turns":4},{"damage":11,"enemies":"Exordium Wildlife","floor":13,"turns":5},{"damage":7,"enemies":"Large Slime","floor":14,"turns":5},{"damage":14,"enemies":"Slime Boss","floor":16,"turns":8},{"damage":5,"enemies":"Chosen","floor":18,"turns":4},{"damage":28,"enemies":"Gremlin Leader","floor":23,"turns":5},{"damage":10,"enemies":"3 Byrds","floor":25,"turns":6},{"damage":22,"enemies":"Sentry and Sphere","floor":30,"turns":4},{"damage":17,"enemies":"Snake Plant","floor":31,"turns":2},{"damage":49,"enemies":"Automaton","floor":33,"turns":10},{"damage":25,"enemies":"3 Darklings","floor":35,"turns":7},{"damage":1,"enemies":"Mind Bloom Boss Battle","floor":37,"turns":6},{"damage":12,"enemies":"3 Shapes","floor":38,"turns":4},{"damage":55,"enemies":"3 Darklings","floor":41,"turns":6},{"damage":7,"enemies":"Sphere and 2 Shapes","floor":42,"turns":4},{"damage":8,"enemies":"Giant Head","floor":45,"turns":4},{"damage":20,"enemies":"Jaw Worm Horde","floor":48,"turns":4},{"damage":96,"enemies":"Awakened One","floor":50,"turns":6}],"seed_played":"90082607782541181","potions_obtained":[{"floor":6,"key":"Weak Potion"},{"floor":11,"key":"AttackPotion"},{"floor":14,"key":"LiquidBronze"},{"floor":18,"key":"LiquidBronze"},{"floor":23,"key":"Weak Potion"},{"floor":42,"key":"EssenceOfSteel"},{"floor":45,"key":"SkillPotion"}],"is_trial":false,"path_per_floor":["M","?","$","M","?","M","R","$","T","R","E","R","M","M","R","B",null,"M","$","?","?","?","E","R","M","T","R","$","R","M","M","R","B",null,"M","?","?","M","$","R","M","M","T","?","E","?","$","M","R","B"],"character_chosen":"IRONCLAD","items_purchased":["Membership Card","Inflame","Brimstone","SkillPotion"],"campfire_rested":0,"item_purchase_floors":[19,39,39,47],"current_hp_per_floor":[80,80,80,78,78,80,80,80,80,80,59,59,54,53,53,45,80,80,80,80,65,65,63,63,68,68,68,68,68,58,47,47,25,85,73,73,78,85,85,85,75,77,77,77,85,85,85,85,85,0],"gold":80,"neow_bonus":"UPGRADE_CARD","is_prod":false,"is_daily":false,"chose_seed":false,"campfire_upgraded":10,"win_rate":0.0,"timestamp":1550907535,"path_taken":["M","?","$","M","?","M","R","$","T","R","E","R","M","M","R","BOSS","M","$","?","?","?","E","R","M","T","R","$","R","M","M","R","BOSS","M","?","?","M","$","R","M","M","T","?","E","?","$","M","R","BOSS"],"build_version":"2019-01-23","purchased_purges":5,"victory":false,"max_hp_per_floor":[80,80,80,80,80,80,80,80,80,80,80,80,80,80,80,80,80,80,80,80,85,85,85,85,85,85,85,85,85,85,85,85,85,85,85,85,85,85,85,85,85,85,85,85,85,85,85,85,85,85],"card_choices":[{"not_picked":["Flex","Infernal Blade"],"picked":"Heavy Blade","floor":1},{"not_picked":["Flex","Entrench"],"picked":"Pummel","floor":4},{"not_picked":["Corruption","Dual Wield"],"picked":"Armaments","floor":6},{"not_picked":["Thunderclap","Clash"],"picked":"Searing Blow","floor":11},{"not_picked":["Entrench","Disarm"],"picked":"Seeing Red","floor":13},{"not_picked":["Clash","Body Slam","Reckless Charge"],"picked":"SKIP","floor":14},{"not_picked":["Brutality","Dark Embrace"],"picked":"Reaper","floor":16},{"not_picked":["Sword Boomerang","Anger"],"picked":"Inflame+1","floor":18},{"not_picked":["Sword Boomerang+1","Pummel","Carnage+1"],"picked":"SKIP","floor":23},{"not_picked":["Impervious","Infernal Blade+1"],"picked":"Armaments","floor":25},{"not_picked":["Corruption","Body Slam","Rage"],"picked":"SKIP","floor":30},{"not_picked":["Flex","Carnage","Perfected Strike"],"picked":"SKIP","floor":31},{"not_picked":["Bludgeon","Dark Embrace"],"picked":"Double Tap","floor":33},{"not_picked":["Feel No Pain+1","Pummel+1","True Grit"],"picked":"SKIP","floor":35},{"not_picked":["PanicButton","Swift Strike"],"picked":"Purity","floor":36},{"not_picked":["Combust+1","True Grit+1","Twin Strike"],"picked":"SKIP","floor":38},{"not_picked":["Thunderclap+1","Clash+1","Intimidate+1"],"picked":"SKIP","floor":41},{"not_picked":["Pommel Strike","Anger+1"],"picked":"Cleave+1","floor":42},{"not_picked":["Iron Wave+1","Seeing Red+1","Headbutt+1"],"picked":"SKIP","floor":45},{"not_picked":["Combust","Pommel Strike+1","Burning Pact+1"],"picked":"SKIP","floor":48}],"player_experience":418319,"relics_obtained":[{"floor":9,"key":"Letter Opener"},{"floor":11,"key":"Paper Frog"},{"floor":23,"key":"Matryoshka"},{"floor":26,"key":"Bag of Marbles"},{"floor":26,"key":"Centennial Puzzle"},{"floor":37,"key":"Magic Flower"},{"floor":43,"key":"Toxic Egg 2"},{"floor":43,"key":"Mummified Hand"},{"floor":45,"key":"Oddly Smooth Stone"}],"event_choices":[{"cards_removed":["Strike_R"],"damage_healed":0,"gold_gain":0,"player_choice":"Forget","damage_taken":0,"max_hp_gain":0,"max_hp_loss":0,"event_name":"Living Wall","floor":2,"gold_loss":0},{"cards_removed":["Defend_R"],"damage_healed":0,"gold_gain":0,"player_choice":"Card Removal","damage_taken":0,"max_hp_gain":0,"max_hp_loss":0,"event_name":"The Cleric","floor":5,"gold_loss":50},{"damage_healed":0,"gold_gain":0,"player_choice":"Read","damage_taken":0,"max_hp_gain":0,"max_hp_loss":0,"event_name":"The Library","floor":20,"gold_loss":0,"cards_obtained":["Clothesline"]},{"damage_healed":0,"gold_gain":0,"player_choice":"Shed Blood","damage_taken":20,"max_hp_gain":5,"max_hp_loss":0,"event_name":"Forgotten Altar","floor":21,"gold_loss":0},{"cards_removed":["Strike_R"],"damage_healed":0,"gold_gain":0,"player_choice":"Elegance","damage_taken":0,"max_hp_gain":0,"max_hp_loss":0,"event_name":"Back to Basics","floor":22,"gold_loss":0},{"damage_healed":0,"gold_gain":0,"player_choice":"Memory 1","damage_taken":0,"max_hp_gain":0,"max_hp_loss":0,"event_name":"SensoryStone","floor":36,"gold_loss":0},{"damage_healed":0,"gold_gain":0,"player_choice":"Fight","damage_taken":0,"max_hp_gain":0,"max_hp_loss":0,"event_name":"MindBloom","floor":37,"gold_loss":0},{"cards_removed":["Inflame"],"damage_healed":0,"gold_gain":0,"player_choice":"Removed Power","damage_taken":0,"max_hp_gain":0,"max_hp_loss":0,"event_name":"Falling","floor":44,"gold_loss":0},{"damage_healed":0,"gold_gain":0,"player_choice":"Ignored","damage_taken":0,"max_hp_gain":0,"max_hp_loss":0,"event_name":"Tomb of Lord Red Mask","floor":46,"gold_loss":0}],"is_beta":false,"boss_relics":[{"not_picked":["Empty Cage","Runic Pyramid"],"picked":"Cursed Key"},{"not_picked":["Pandora\u0027s Box","White Beast Statue"],"picked":"Runic Dome"}],"items_purged_floors":[3,19,28,39,47],"is_endless":false,"potions_floor_spawned":[6,11,14,18,23,42,45,48],"killed_by":"Awakened One","ascension_level":0}