{"gold_per_floor":[111,77,77,94,105,105,137,153,203,203,238,238,268,268,268,343,343,356,12,38,41,53,53,53,86,109,122,122],"floor_reached":28,"playtime":1539,"items_purged":["Shame"],"score":448,"play_id":"77f6c9aa-d400-48c7-8fc6-3654b53b36b4","local_time":"20190224015257","is_ascension_mode":true,"campfire_choices":[{"data":"Noxious Fumes","floor":6,"key":"SMITH"},{"floor":12,"key":"REST"},{"data":"Neutralize","floor":15,"key":"SMITH"},{"floor":23,"key":"DIG"}],"neow_cost":"NONE","seed_source_timestamp":806501329032800,"circlet_count":0,"master_deck":["AscendersBane","Defend_G","Defend_G","Defend_G","Defend_G","Defend_G","Strike_G","Strike_G","Strike_G","Survivor","Neutralize+1","Noxious Fumes+1","Leg Sweep","Dagger Spray","Leg Sweep+1","Poisoned Stab","Envenom","Phantasmal Killer+1","Footwork","Blade Dance+1","Noxious Fumes"],"relics":["Ring of the Snake","Toxic Egg 2","Regal Pillow","Snake Skull","Omamori","Calling Bell","Art of War","Ninja Scroll","Shovel","Tiny Chest","Juzu Bracelet","Lantern","Oddly Smooth Stone","Matryoshka","Orichalcum","Bag of Marbles"],"potions_floor_usage":[8,11,11,25,28],"damage_taken":[{"damage":5,"enemies":"Cultist","floor":1,"turns":6},{"damage":1,"enemies":"Jaw Worm","floor":4,"turns":6},{"damage":2,"enemies":"2 Louse","floor":5,"turns":3},{"damage":25,"enemies":"3 Sentries","floor":7,"turns":7},{"damage":3,"enemies":"2 Fungi Beasts","floor":8,"turns":4},{"damage":7,"enemies":"Gremlin Nob","floor":11,"turns":5},{"damage":3,"enemies":"3 Sentries","floor":13,"turns":6},{"damage":4,"enemies":"Hexaghost","floor":16,"turns":11},{"damage":2,"enemies":"3 Byrds","floor":18,"turns":4},{"damage":0,"enemies":"2 Thieves","floor":21,"turns":5},{"damage":20,"enemies":"Sentry and Sphere","floor":22,"turns":6},{"damage":21,"enemies":"Slavers","floor":25,"turns":6},{"damage":1,"enemies":"Centurion and Healer","floor":27,"turns":8},{"damage":23,"enemies":"Book of Stabbing","floor":28,"turns":7}],"seed_played":"7226342942059479216","potions_obtained":[{"floor":1,"key":"SkillPotion"},{"floor":4,"key":"SpeedPotion"},{"floor":8,"key":"SteroidPotion"},{"floor":13,"key":"SteroidPotion"},{"floor":18,"key":"FairyPotion"},{"floor":22,"key":"SpeedPotion"},{"floor":27,"key":"SpeedPotion"}],"is_trial":false,"path_per_floor":["M","$","?","M","M","R","E","M","T","T","E","R","E","?","R","B",null,"M","$","T","M","M","R","?","E","T","M","E"],"character_chosen":"THE_SILENT","items_purchased":["Leg Sweep","Tiny Chest","Juzu Bracelet"],"campfire_rested":1,"item_purchase_floors":[2,19,19],"current_hp_per_floor":[60,60,53,52,50,50,25,22,22,22,15,51,48,48,48,44,65,63,63,63,63,43,43,43,22,22,21,0],"gold":122,"neow_bonus":"TEN_PERCENT_HP_BONUS","is_prod":false,"is_daily":false,"chose_seed":false,"campfire_upgraded":2,"win_rate":0,"timestamp":1550944377,"path_taken":["M","$","?","M","M","R","E","M","T","?","E","R","E","?","R","BOSS","M","$","?","M","M","R","?","E","T","M","E"],"build_version":"2019-01-23","purchased_purges":1,"victory":false,"max_hp_per_floor":[72,72,72,72,72,72,72,72,72,72,72,72,72,72,72,72,72,72,72,72,72,72,72,72,72,72,72,72],"card_choices":[{"not_picked":["Blur","Bane"],"picked":"Noxious Fumes","floor":1},{"not_picked":["Outmaneuver","Well Laid Plans"],"picked":"Dagger Spray","floor":4},{"not_picked":["Outmaneuver","Infinite Blades","Unload"],"picked":"SKIP","floor":5},{"not_picked":["Masterful Stab","Dodge and Roll"],"picked":"Leg Sweep","floor":7},{"not_picked":["Outmaneuver+1","Finisher","Distraction+1"],"picked":"SKIP","floor":8},{"not_picked":["Prepared+1","Backflip+1"],"picked":"Poisoned Stab","floor":11},{"not_picked":["Acrobatics+1","Sucker Punch","Dagger Spray"],"picked":"SKIP","floor":13},{"not_picked":["Wraith Form v2","Unload"],"picked":"Phantasmal Killer+1","floor":16},{"not_picked":["Flying Knee","Finisher"],"picked":"Footwork","floor":18},{"not_picked":["Terror+1","Tactician+1","Sucker Punch"],"picked":"SKIP","floor":21},{"not_picked":["Dagger Throw","Tactician+1"],"picked":"Blade Dance+1","floor":22},{"not_picked":["Deflect+1","Expertise+1","Crippling Poison+1"],"picked":"SKIP","floor":25},{"not_picked":["Slice","Masterful Stab"],"picked":"Noxious Fumes","floor":27}],"player_experience":713739,"relics_obtained":[{"floor":7,"key":"Toxic Egg 2"},{"floor":10,"key":"Regal Pillow"},{"floor":11,"key":"Snake Skull"},{"floor":13,"key":"Omamori"},{"floor":17,"key":"Art of War"},{"floor":17,"key":"Ninja Scroll"},{"floor":17,"key":"Shovel"},{"floor":20,"key":"Lantern"},{"floor":23,"key":"Oddly Smooth Stone"},{"floor":25,"key":"Matryoshka"},{"floor":26,"key":"Orichalcum"},{"floor":26,"key":"Bag of Marbles"}],"event_choices":[{"cards_removed":["Strike_G"],"damage_healed":0,"gold_gain":0,"player_choice":"Card Removal","damage_taken":7,"max_hp_gain":0,"max_hp_loss":0,"event_name":"Golden Wing","floor":3,"gold_loss":0},{"damage_healed":0,"gold_gain":0,"cards_transformed":["Strike_G"],"player_choice":"Transformed","damage_taken":0,"max_hp_gain":0,"max_hp_loss":0,"event_name":"Transmorgrifier","floor":14,"gold_loss":0,"cards_obtained":["Envenom"]},{"damage_healed":0,"gold_gain":0,"player_choice":"Ignored","damage_taken":0,"max_hp_gain":0,"max_hp_loss":0,"event_name":"The Mausoleum","floor":24,"gold_loss":0}],"is_beta":false,"boss_relics":[{"not_picked":["Black Star","Pandora\u0027s Box"],"picked":"Calling Bell"}],"items_purged_floors":[19],"is_endless":false,"potions_floor_spawned":[1,4,8,13,18,22,27],"killed_by":"Book of Stabbing","ascension_level":15}