{"gold_per_floor":[18,32,52,65,83,83,94,94,94,123,140,140,140,173,173,276,276,290,215,230,242,262,262,281,281],"floor_reached":25,"playtime":2469,"items_purged":["Strike_G"],"score":296,"play_id":"272e36fc-dd85-4cb0-a553-5f80450585b0","local_time":"20181112223108","is_ascension_mode":true,"campfire_choices":[{"floor":6,"key":"REST"},{"data":"Terror","floor":8,"key":"SMITH"},{"floor":12,"key":"REST"},{"data":"Neutralize","floor":15,"key":"SMITH"},{"floor":23,"key":"REST"}],"neow_cost":"NO_GOLD","seed_source_timestamp":273457789499763,"circlet_count":0,"master_deck":["Defend_G","Defend_G","Defend_G","Defend_G","Defend_G","Strike_G","Strike_G","Strike_G","Strike_G","Survivor","Neutralize+1","PiercingWail","Terror+1","Infinite Blades","Cloak And Dagger","Dagger Spray","Footwork","Infinite Blades","Tools of the Trade","Infinite Blades","PiercingWail","Bouncing Flask+1","Backflip+1"],"relics":["Ring of the Snake","Mercury Hourglass","Turnip","Pantograph","WristBlade"],"potions_floor_usage":[14,14,16,21,21,22,22],"damage_taken":[{"damage":0,"enemies":"2 Louse","floor":1,"turns":4},{"damage":3,"enemies":"Cultist","floor":2,"turns":4},{"damage":0,"enemies":"Jaw Worm","floor":3,"turns":4},{"damage":15,"enemies":"Exordium Wildlife","floor":4,"turns":7},{"damage":4,"enemies":"Exordium Thugs","floor":5,"turns":4},{"damage":21,"enemies":"Large Slime","floor":7,"turns":7},{"damage":19,"enemies":"Gremlin Nob","floor":10,"turns":4},{"damage":5,"enemies":"Looter","floor":11,"turns":2},{"damage":12,"enemies":"3 Sentries","floor":14,"turns":4},{"damage":18,"enemies":"The Guardian","floor":16,"turns":11},{"damage":22,"enemies":"Spheric Guardian","floor":18,"turns":4},{"damage":32,"enemies":"2 Thieves","floor":20,"turns":4},{"damage":9,"enemies":"Snake Plant","floor":21,"turns":6},{"damage":0,"enemies":"Cultist and Chosen","floor":22,"turns":6},{"damage":28,"enemies":"Shelled Parasite and Fungi","floor":24,"turns":7},{"damage":14,"enemies":"Slavers","floor":25,"turns":2}],"seed_played":"-3325171818354440871","potions_obtained":[{"floor":4,"key":"Swift Potion"},{"floor":7,"key":"Strength Potion"},{"floor":10,"key":"Energy Potion"},{"floor":14,"key":"Poison Potion"},{"floor":16,"key":"Poison Potion"},{"floor":20,"key":"PowerPotion"},{"floor":21,"key":"EssenceOfSteel"}],"is_trial":false,"path_per_floor":["M","M","M","M","M","R","M","R","T","E","M","R","?","E","R","B",null,"M","$","M","M","M","R","M","E"],"character_chosen":"THE_SILENT","items_purchased":[],"campfire_rested":3,"item_purchase_floors":[],"current_hp_per_floor":[77,74,74,59,55,80,59,59,59,40,35,60,52,40,40,47,75,53,53,21,12,12,37,9,0],"gold":281,"neow_bonus":"TWENTY_PERCENT_HP_BONUS","is_prod":false,"is_daily":false,"chose_seed":false,"campfire_upgraded":2,"win_rate":0,"timestamp":1542090668,"path_taken":["M","M","M","M","M","R","M","R","T","E","M","R","?","E","R","BOSS","M","$","M","M","?","R","M","E"],"build_version":"2018-11-08","purchased_purges":1,"victory":false,"max_hp_per_floor":[84,84,84,84,84,84,84,84,84,84,84,84,84,84,84,84,84,84,84,84,84,84,84,84,84],"card_choices":[{"not_picked":["Prepared","Flying Knee"],"picked":"PiercingWail","floor":1},{"not_picked":["Backflip","Dodge and Roll"],"picked":"Terror","floor":2},{"not_picked":["Blade Dance","Backflip"],"picked":"Infinite Blades","floor":3},{"not_picked":["Infinite Blades","Envenom"],"picked":"Cloak And Dagger","floor":4},{"not_picked":["Masterful Stab","Slice","Bane"],"picked":"SKIP","floor":5},{"not_picked":["Dagger Throw","Underhanded Strike","Bane"],"picked":"SKIP","floor":7},{"not_picked":["Terror","Setup"],"picked":"Dagger Spray","floor":10},{"not_picked":["Outmaneuver","Bane"],"picked":"Footwork","floor":11},{"not_picked":["Choke","Acrobatics"],"picked":"Infinite Blades","floor":14},{"not_picked":["Phantasmal Killer","Grand Finale"],"picked":"Tools of the Trade","floor":16},{"not_picked":["Dagger Spray","All Out Attack+1"],"picked":"Infinite Blades","floor":18},{"not_picked":["Prepared+1","Outmaneuver"],"picked":"PiercingWail","floor":20},{"not_picked":["Tactician","Calculated Gamble","Prepared"],"picked":"SKIP","floor":21},{"not_picked":["Dodge and Roll","Poisoned Stab"],"picked":"Bouncing Flask+1","floor":22},{"not_picked":["Setup","Dash"],"picked":"Backflip+1","floor":24}],"player_experience":226185,"relics_obtained":[{"floor":9,"key":"Mercury Hourglass"},{"floor":10,"key":"Turnip"},{"floor":14,"key":"Pantograph"}],"event_choices":[{"damage_healed":0,"gold_gain":0,"player_choice":"Damaged","damage_taken":8,"max_hp_gain":0,"max_hp_loss":0,"event_name":"Wheel of Change","floor":13,"gold_loss":0}],"is_beta":false,"boss_relics":[{"not_picked":["Eternal Feather","Busted Crown"],"picked":"WristBlade"}],"items_purged_floors":[19],"is_endless":false,"potions_floor_spawned":[4,7,10,14,16,20,21],"killed_by":"Slavers","ascension_level":7}