{"gold_per_floor":[115,115,61,71,89,121,121,137,137,137,156,174,159,44,44,44],"floor_reached":16,"playtime":942,"items_purged":["Defend_R"],"score":156,"play_id":"8b71bd5d-51ae-43cd-b68c-d03c714c10d6","local_time":"20190227170435","is_ascension_mode":true,"campfire_choices":[{"data":"Flame Barrier","floor":7,"key":"SMITH"},{"data":"Battle Trance","floor":10,"key":"SMITH"},{"data":"Flex","floor":15,"key":"SMITH"}],"neow_cost":"PERCENT_DAMAGE","seed_source_timestamp":1027761469538661,"circlet_count":0,"master_deck":["AscendersBane","Strike_R","Strike_R","Strike_R","Strike_R","Defend_R","Defend_R","Defend_R","Bash","Blind","Dramatic Entrance","Iron Wave","Flex","Flame Barrier+1","Evolve","Battle Trance+1","Flex+1","Cleave","Reaper","Pommel Strike","Disarm"],"relics":["Burning Blood","Pantograph","Ginger"],"potions_floor_usage":[6,8,8],"damage_taken":[{"damage":4,"enemies":"2 Louse","floor":1,"turns":2},{"damage":2,"enemies":"Cultist","floor":4,"turns":4},{"damage":7,"enemies":"Small Slimes","floor":5,"turns":3},{"damage":23,"enemies":"3 Sentries","floor":6,"turns":13},{"damage":6,"enemies":"3 Louse","floor":8,"turns":3},{"damage":25,"enemies":"Gremlin Gang","floor":11,"turns":4},{"damage":1,"enemies":"Blue Slaver","floor":12,"turns":4},{"damage":18,"enemies":"Exordium Thugs","floor":13,"turns":4},{"damage":80,"enemies":"Hexaghost","floor":16,"turns":16}],"seed_played":"-3807713666684141242","potions_obtained":[{"floor":4,"key":"Poison Potion"},{"floor":5,"key":"Regen Potion"},{"floor":6,"key":"PowerPotion"}],"is_trial":false,"path_per_floor":["M","?","$","M","M","E","R","M","T","R","M","M","M","$","R","B"],"character_chosen":"IRONCLAD","items_purchased":["Flex","Disarm"],"campfire_rested":0,"item_purchase_floors":[3,14],"current_hp_per_floor":[53,53,53,57,56,54,54,54,54,54,35,40,44,44,44,0],"gold":44,"neow_bonus":"RANDOM_COLORLESS_2","is_prod":false,"is_daily":false,"chose_seed":false,"campfire_upgraded":3,"win_rate":0,"timestamp":1551265475,"path_taken":["M","?","$","?","M","E","R","M","T","R","M","M","M","$","R","BOSS"],"build_version":"2019-01-23","purchased_purges":1,"victory":false,"max_hp_per_floor":[80,80,80,80,80,80,80,80,80,80,80,80,80,80,80,80],"card_choices":[{"not_picked":["Armaments","Twin Strike"],"picked":"Iron Wave","floor":1},{"not_picked":["Shockwave","Armaments"],"picked":"Flame Barrier","floor":4},{"not_picked":["Shockwave","Infernal Blade"],"picked":"Evolve","floor":5},{"not_picked":["Twin Strike","Perfected Strike"],"picked":"Battle Trance","floor":6},{"not_picked":["Sword Boomerang","Havoc"],"picked":"Flex","floor":8},{"not_picked":["Havoc","Metallicize"],"picked":"Cleave","floor":11},{"not_picked":["Carnage","Disarm"],"picked":"Reaper","floor":12},{"not_picked":["Headbutt","Wild Strike"],"picked":"Pommel Strike","floor":13}],"player_experience":901795,"relics_obtained":[{"floor":6,"key":"Pantograph"},{"floor":9,"key":"Ginger"}],"event_choices":[{"cards_removed":["Strike_R"],"damage_healed":0,"gold_gain":0,"player_choice":"Purged","damage_taken":0,"max_hp_gain":0,"max_hp_loss":0,"event_name":"Purifier","floor":2,"gold_loss":0}],"is_beta":false,"boss_relics":[],"items_purged_floors":[14],"is_endless":false,"potions_floor_spawned":[4,5,6],"killed_by":"Hexaghost","ascension_level":10}