{"gold_per_floor":[117,117,136,147,166,166,166,166,166,178,198,198,198,212,212,314,314,328,6,22,121,121,121],"floor_reached":23,"playtime":1038,"items_purged":["Defend_B"],"score":220,"play_id":"186bb112-a191-4504-ad45-da009c0d89a5","local_time":"20180625212229","is_ascension_mode":true,"campfire_choices":[{"data":"Zap","floor":6,"key":"SMITH"},{"data":"Genetic Algorithm","floor":8,"key":"SMITH"},{"data":"Hologram","floor":13,"key":"SMITH"},{"data":"Defragment","floor":15,"key":"SMITH"}],"neow_cost":"NONE","seed_source_timestamp":123442858098138,"circlet_count":0,"master_deck":["Strike_B","Defend_B","Defend_B","Zap+1","Dualcast","Reinforced Body","Genetic Algorithm+1","Self Repair","Hologram+1","Scrape","Coolheaded","Defragment+1","Echo Form","Self Repair","Thinking Ahead","Self Repair"],"relics":["Cracked Core","Anchor","Busted Crown"],"potions_floor_usage":[5,18,18,23],"damage_taken":[{"damage":0,"enemies":"2 Louse","floor":1,"turns":2},{"damage":0,"enemies":"Cultist","floor":3,"turns":3},{"damage":14,"enemies":"Small Slimes","floor":4,"turns":4},{"damage":43,"enemies":"Gremlin Gang","floor":5,"turns":6},{"damage":1,"enemies":"Looter","floor":10,"turns":3},{"damage":4,"enemies":"Lots of Slimes","floor":11,"turns":4},{"damage":0,"enemies":"Blue Slaver","floor":14,"turns":4},{"damage":37,"enemies":"Hexaghost","floor":16,"turns":12},{"damage":0,"enemies":"3 Byrds","floor":18,"turns":3},{"damage":14,"enemies":"Shell Parasite","floor":20,"turns":5},{"damage":88,"enemies":"Gremlin Leader","floor":23,"turns":10}],"seed_played":"5881048863520341004","potions_obtained":[{"floor":1,"key":"LiquidBronze"},{"floor":4,"key":"SkillPotion"},{"floor":5,"key":"LiquidBronze"},{"floor":16,"key":"GamblersBrew"},{"floor":18,"key":"Regen Potion"}],"is_trial":false,"path_per_floor":["M","?","M","M","M","R","?","R","T","M","M","?","R","M","R","B",null,"M","$","M","?","?"],"character_chosen":"DEFECT","items_purchased":["Self Repair","Thinking Ahead"],"campfire_rested":0,"item_purchase_floors":[19,19],"current_hp_per_floor":[75,75,75,68,32,32,32,32,32,38,41,34,34,41,41,11,75,75,75,75,75,75,0],"gold":121,"neow_bonus":"TRANSFORM_CARD","is_prod":false,"is_daily":false,"chose_seed":false,"campfire_upgraded":4,"win_rate":0,"timestamp":1529932949,"path_taken":["M","?","M","M","M","R","?","R","T","M","?","?","R","M","R","BOSS","M","$","M","?","?","E"],"build_version":"2018-06-21v2","purchased_purges":1,"victory":false,"max_hp_per_floor":[75,75,75,75,75,75,75,75,75,75,75,75,75,75,75,75,75,75,75,75,75,75,75],"card_choices":[{"not_picked":["Capacitor","Steam Power"],"picked":"Genetic Algorithm","floor":1},{"not_picked":["Conserve Battery","Storm"],"picked":"Self Repair","floor":3},{"not_picked":["Ball Lightning","Genetic Algorithm"],"picked":"Hologram","floor":4},{"not_picked":["Barrage","Gash","Turbo"],"picked":"SKIP","floor":5},{"not_picked":["Aggregate","Beam Cell"],"picked":"Coolheaded","floor":10},{"not_picked":["Go for the Eyes","Streamline"],"picked":"Defragment","floor":11},{"not_picked":["Undo","Capacitor","Gash"],"picked":"SKIP","floor":14},{"not_picked":["Amplify","All For One"],"picked":"Echo Form","floor":16},{"not_picked":["Go for the Eyes"],"picked":"SKIP","floor":18},{"not_picked":[],"picked":"Self Repair","floor":20}],"player_experience":456644,"relics_obtained":[{"floor":9,"key":"Anchor"}],"event_choices":[{"event_name":"Wheel of Change","player_choice":"Full Heal","floor":2,"damage_taken":0},{"event_name":"Transmorgrifier","player_choice":"Transform","floor":7,"damage_taken":0},{"event_name":"Golden Wing","player_choice":"Card Removal","floor":12,"damage_taken":0},{"event_name":"Nest","player_choice":"Stole From Cult","floor":21,"damage_taken":0},{"event_name":"Purifier","player_choice":"One Purge","floor":22,"damage_taken":0}],"boss_relics":[{"not_picked":["Nuclear Battery","Calling Bell"],"picked":"Busted Crown"}],"items_purged_floors":[19],"is_endless":false,"potions_floor_spawned":[1,4,5,16,18],"killed_by":"Gremlin Leader","ascension_level":4}