{"gold_per_floor":[118,8,8,8,24,59,59,77,102,102,102,102,112,142,142,218,218,218,18,18,0,0,0,0],"floor_reached":24,"playtime":789,"items_purged":[],"score":482,"play_id":"714540f5-a358-438a-a359-7d85788b1023","local_time":"20181222205325","is_ascension_mode":true,"campfire_choices":[{"data":"Noxious Fumes","floor":7.0,"key":"SMITH"},{"data":"Noxious Fumes","floor":11.0,"key":"SMITH"},{"data":"Catalyst","floor":15,"key":"SMITH"}],"neow_cost":"NONE","seed_source_timestamp":43538943395621,"circlet_count":0,"master_deck":["AscendersBane","Defend_G","Defend_G","Defend_G","Strike_G","Strike_G","Strike_G","Strike_G","Strike_G","Survivor","Neutralize","Backstab","Noxious Fumes+1","Deflect","Noxious Fumes+1","Deflect","Catalyst+1","Catalyst","Malaise","Noxious Fumes","Acrobatics","Dagger Throw"],"special_seed":0,"relics":["Ring of the Snake","NeowsBlessing","FaceOfCleric","Ancient Tea Set","Vajra","The Specimen","Strawberry","Ectoplasm","Blood Vial","Dream Catcher"],"potions_floor_usage":[18,21,21,24],"damage_taken":[{"damage":0.0,"enemies":"Small Slimes","floor":1.0,"turns":1.0},{"damage":0.0,"enemies":"Jaw Worm","floor":5.0,"turns":1.0},{"damage":0.0,"enemies":"3 Sentries","floor":6.0,"turns":2.0},{"damage":0.0,"enemies":"Cultist","floor":8.0,"turns":4.0},{"damage":0.0,"enemies":"3 Louse","floor":13.0,"turns":3.0},{"damage":19.0,"enemies":"Gremlin Nob","floor":14.0,"turns":4.0},{"damage":16,"enemies":"Hexaghost","floor":16,"turns":7},{"damage":16,"enemies":"3 Byrds","floor":18,"turns":5},{"damage":14,"enemies":"2 Thieves","floor":21,"turns":5},{"damage":37,"enemies":"Gremlin Leader","floor":23,"turns":5},{"damage":12,"enemies":"3 Cultists","floor":24,"turns":2}],"seed_played":"2491486139325256841","potions_obtained":[{"floor":1.0,"key":"Dexterity Potion"},{"floor":5.0,"key":"Swift Potion"},{"floor":13.0,"key":"AttackPotion"},{"floor":14,"key":"Swift Potion"},{"floor":18,"key":"Swift Potion"},{"floor":20,"key":"Fire Potion"},{"floor":23,"key":"Swift Potion"}],"is_trial":false,"path_per_floor":["M","$","?","?","M","E","R","M","T","?","R","?","M","E","E","R","B",null,"M","$","?","M","$","E","M"],"character_chosen":"THE_SILENT","items_purchased":["Noxious Fumes","Deflect","Blood Vial","Noxious Fumes"],"campfire_rested":0,"item_purchase_floors":[2,2,19,19],"current_hp_per_floor":[59,59,52,52,53,54,54,55,55,55,55,55,56,45,45,30,67,52,52,52,41,41,7,0],"gold":0,"neow_bonus":"THREE_ENEMY_KILL","is_prod":false,"is_daily":false,"chose_seed":false,"campfire_upgraded":3,"win_rate":0,"timestamp":1545508405,"path_taken":["M","$","?","?","?","E","R","M","T","?","R","?","?","E","R","BOSS","M","$","?","M","$","E","M"],"build_version":"2018-12-20","purchased_purges":0,"victory":false,"max_hp_per_floor":[66,66,66,66,67,68,68,69,69,69,69,69,70,78,78,79,79,80,80,80,81,81,82,82],"card_choices":[{"not_picked":["Quick Slash","Slice"],"picked":"Backstab","floor":1.0},{"not_picked":["Choke","Eviscerate"],"picked":"Noxious Fumes","floor":5.0},{"not_picked":["All Out Attack","Skewer","Slice"],"picked":"SKIP","floor":6.0},{"not_picked":["Sucker Punch","Deadly Poison"],"picked":"Deflect","floor":8.0},{"not_picked":["Slice","All Out Attack"],"picked":"Catalyst","floor":13.0},{"not_picked":["Tactician","Quick Slash"],"picked":"Catalyst","floor":14},{"not_picked":["Burst","Envenom"],"picked":"Malaise","floor":16},{"not_picked":["Finisher+1","Blade Dance","Flying Knee"],"picked":"SKIP","floor":18},{"not_picked":["Infinite Blades","Acrobatics","Deadly Poison"],"picked":"SKIP","floor":21},{"not_picked":["Infinite Blades","Deadly Poison"],"picked":"Acrobatics","floor":21},{"not_picked":["Skewer","Poisoned Stab"],"picked":"Dagger Throw","floor":23}],"player_experience":858112,"relics_obtained":[{"floor":6.0,"key":"Ancient Tea Set"},{"floor":9.0,"key":"Vajra"},{"floor":14,"key":"Strawberry"},{"floor":23,"key":"Dream Catcher"}],"event_choices":[{"cards_removed":["Defend_G"],"damage_healed":0.0,"max_hp_gain":0.0,"max_hp_loss":0.0,"gold_gain":0.0,"event_name":"Golden Wing","player_choice":"Card Removal","floor":3.0,"gold_loss":0.0,"damage_taken":7.0},{"damage_healed":0.0,"max_hp_gain":0.0,"max_hp_loss":0.0,"gold_gain":0.0,"event_name":"FaceTrader","player_choice":"Trade","floor":4.0,"gold_loss":0.0,"damage_taken":0.0,"relics_obtained":["FaceOfCleric"]},{"damage_healed":0.0,"max_hp_gain":0.0,"max_hp_loss":0.0,"gold_gain":0.0,"event_name":"Dead Adventurer","player_choice":"Searched \u00271\u0027 times","floor":10.0,"gold_loss":0.0,"damage_taken":0.0,"relics_obtained":["The Specimen"]},{"cards_removed":["Defend_G"],"damage_healed":0.0,"max_hp_gain":0.0,"max_hp_loss":0.0,"gold_gain":0.0,"event_name":"Bonfire Elementals","player_choice":"Offered Basic","floor":12.0,"gold_loss":0.0,"damage_taken":0.0},{"damage_healed":0,"gold_gain":0,"player_choice":"Got Potions","damage_taken":0,"max_hp_gain":0,"max_hp_loss":0,"event_name":"Lab","floor":20,"gold_loss":0}],"is_beta":true,"boss_relics":[{"not_picked":["HoveringKite","Cursed Key"],"picked":"Ectoplasm"}],"items_purged_floors":[],"is_endless":false,"potions_floor_spawned":[1,5,13,14,18,23],"killed_by":"3 Cultists","ascension_level":19}