{"gold_per_floor":[13,13,74,92,167,167,194,194,240,240,252,268,285,295,295,393,393,405,170,260,273,285,285,304,304,304,329,339,339,339,358,358,456,456,470,110,1109,1109,1109,1143,1143,1163,1163,1163,1176,1193,1193,1208,1208,1208],"floor_reached":50,"playtime":6402,"items_purged":["Strike_R","Normality"],"score":569,"play_id":"cb17ed5e-90ec-44da-95cf-e2eaf4ff1a60","local_time":"20190116231220","is_ascension_mode":true,"campfire_choices":[{"data":"Carnage","floor":6,"key":"SMITH"},{"data":"Bash","floor":8,"key":"SMITH"},{"floor":15,"key":"REST"},{"data":"True Grit","floor":23,"key":"SMITH"},{"floor":25,"key":"REST"},{"floor":32,"key":"REST"},{"data":"Fire Breathing","floor":41,"key":"SMITH"},{"data":"Immolate","floor":44,"key":"SMITH"},{"data":"Mind Blast","floor":47,"key":"SMITH"},{"floor":49,"key":"REST"}],"neow_cost":"NO_GOLD","seed_source_timestamp":432392919633499,"circlet_count":0,"master_deck":["Strike_R","Strike_R","Defend_R","Defend_R","Defend_R","Defend_R","Bash+1","Carnage+1","Thunderclap","Spot Weakness","Sword Boomerang","Dropkick","Fire Breathing+1","Flex","Immolate+1","Impervious","Battle Trance","Searing Blow","Spot Weakness","True Grit+1","Armaments","Body Slam+1","Impervious","Dark Shackles","Mind Blast+1","Heavy Blade","Headbutt","Cleave","Power Through+1","Clothesline","Second Wind+1","Fiend Fire","Pain","Writhe","Burning Pact+1","Warcry+1","Madness+1","Normality","Normality","Dual Wield+1","Inflame+1","Limit Break+1","Warcry+1","Flex+1"],"relics":["Burning Blood","Incense Burner","Magic Flower","Vajra","Orichalcum","Orrery","Toxic Egg 2","Ancient Tea Set","Calling Bell","Red Skull","Paper Frog","Bird Faced Urn","Tiny Chest","Mercury Hourglass","Mango","Molten Egg 2"],"potions_floor_usage":[16,28,28,31,40],"damage_taken":[{"damage":11,"enemies":"Jaw Worm","floor":1,"turns":5},{"damage":0,"enemies":"Small Slimes","floor":4,"turns":3},{"damage":23,"enemies":"3 Sentries","floor":7,"turns":7},{"damage":1,"enemies":"2 Louse","floor":11,"turns":2},{"damage":0,"enemies":"Looter","floor":12,"turns":2},{"damage":7,"enemies":"Lots of Slimes","floor":13,"turns":3},{"damage":1,"enemies":"Blue Slaver","floor":14,"turns":3},{"damage":2,"enemies":"Slime Boss","floor":16,"turns":8},{"damage":21,"enemies":"Shell Parasite","floor":18,"turns":5},{"damage":27,"enemies":"3 Byrds","floor":21,"turns":5},{"damage":0,"enemies":"Snecko","floor":22,"turns":4},{"damage":27,"enemies":"Sentry and Sphere","floor":24,"turns":4},{"damage":12,"enemies":"Book of Stabbing","floor":27,"turns":4},{"damage":9,"enemies":"Cultist and Chosen","floor":28,"turns":6},{"damage":23,"enemies":"Chosen and Byrds","floor":31,"turns":8},{"damage":47,"enemies":"Collector","floor":33,"turns":11},{"damage":12,"enemies":"Orb Walker","floor":35,"turns":5},{"damage":55,"enemies":"Nemesis","floor":40,"turns":7},{"damage":17,"enemies":"3 Darklings","floor":42,"turns":3},{"damage":14,"enemies":"Jaw Worm Horde","floor":45,"turns":4},{"damage":7,"enemies":"Sphere and 2 Shapes","floor":46,"turns":4},{"damage":35,"enemies":"4 Shapes","floor":48,"turns":3},{"damage":60,"enemies":"Time Eater","floor":50,"turns":9}],"seed_played":"8881668032476643516","potions_obtained":[{"floor":4,"key":"Block Potion"},{"floor":7,"key":"Swift Potion"},{"floor":12,"key":"GamblersBrew"},{"floor":18,"key":"Strength Potion"},{"floor":21,"key":"Energy Potion"},{"floor":27,"key":"Explosive Potion"},{"floor":33,"key":"Swift Potion"},{"floor":40,"key":"Ancient Potion"},{"floor":45,"key":"BloodPotion"},{"floor":46,"key":"Fire Potion"}],"is_trial":false,"path_per_floor":["M","?","?","M","?","R","E","R","T","?","M","M","M","M","R","B",null,"M","$","?","M","M","R","M","R","T","E","M","?","?","M","R","B",null,"M","$","?","T","?","E","R","M","T","R","M","M","R","M","R","B"],"character_chosen":"IRONCLAD","items_purchased":["Impervious","Dark Shackles","Tiny Chest","Warcry+1","Madness+1"],"campfire_rested":4,"item_purchase_floors":[19,19,36,36,36],"current_hp_per_floor":[75,50,50,59,48,48,34,34,34,34,42,51,53,61,80,80,80,68,68,44,26,35,35,17,41,41,38,38,38,38,24,48,10,80,77,77,77,77,77,45,45,37,37,37,38,40,40,17,45,0],"gold":1208,"neow_bonus":"ONE_RARE_RELIC","is_prod":false,"is_daily":false,"chose_seed":false,"campfire_upgraded":6,"win_rate":0,"timestamp":1547676740,"path_taken":["M","?","?","M","?","R","E","R","T","?","M","M","M","M","R","BOSS","M","$","?","M","M","R","M","R","T","E","?","?","?","?","R","BOSS","M","$","?","?","?","E","R","?","T","R","M","M","R","?","R","BOSS"],"build_version":"2019-01-10","purchased_purges":2,"victory":false,"max_hp_per_floor":[80,80,80,80,80,80,80,80,80,80,80,80,80,80,80,80,80,80,80,80,80,80,80,80,80,80,80,80,80,80,80,80,80,80,80,80,80,80,80,94,94,94,94,94,94,94,94,94,94,94],"card_choices":[{"not_picked":["Clash","Entrench"],"picked":"Carnage","floor":1},{"not_picked":["Pommel Strike","Perfected Strike"],"picked":"Thunderclap","floor":4},{"not_picked":["Pummel","Ghostly Armor"],"picked":"Spot Weakness","floor":7},{"not_picked":["Clothesline","Feel No Pain"],"picked":"Dropkick","floor":11},{"not_picked":["Anger","Thunderclap"],"picked":"Fire Breathing","floor":12},{"not_picked":["Feel No Pain","Entrench"],"picked":"Flex","floor":13},{"not_picked":["Carnage","Bloodletting"],"picked":"Immolate","floor":14},{"not_picked":["Brutality","Juggernaut"],"picked":"Impervious","floor":16},{"not_picked":["Cleave","Sword Boomerang"],"picked":"Battle Trance","floor":17},{"not_picked":["Metallicize","Blood for Blood"],"picked":"Searing Blow","floor":17},{"not_picked":["Shrug It Off","Searing Blow"],"picked":"Spot Weakness","floor":17},{"not_picked":["Warcry","Combust"],"picked":"True Grit","floor":17},{"not_picked":["Disarm","Pommel Strike"],"picked":"Armaments","floor":17},{"not_picked":["Headbutt","Intimidate"],"picked":"Body Slam+1","floor":18},{"not_picked":["Sword Boomerang","Combust"],"picked":"Heavy Blade","floor":21},{"not_picked":["Sword Boomerang+1","Iron Wave"],"picked":"Headbutt","floor":22},{"not_picked":["Sword Boomerang","Headbutt"],"picked":"Cleave","floor":24},{"not_picked":["Anger","Perfected Strike","Reckless Charge"],"picked":"SKIP","floor":27},{"not_picked":["Thunderclap","Perfected Strike"],"picked":"Power Through+1","floor":28},{"not_picked":["Body Slam","Pommel Strike+1"],"picked":"Second Wind+1","floor":31},{"not_picked":["Offering+1","Dark Embrace"],"picked":"Fiend Fire","floor":33},{"not_picked":["Clothesline","True Grit+1"],"picked":"Burning Pact+1","floor":35},{"not_picked":["Wild Strike","Corruption+1"],"picked":"Dual Wield+1","floor":40},{"not_picked":["Metallicize","Heavy Blade"],"picked":"Inflame+1","floor":42},{"not_picked":["Disarm+1","Carnage+1"],"picked":"Limit Break+1","floor":45},{"not_picked":["Iron Wave+1","Pommel Strike+1"],"picked":"Warcry+1","floor":46},{"not_picked":["Heavy Blade+1","Body Slam+1"],"picked":"Flex+1","floor":48}],"player_experience":53337,"relics_obtained":[{"floor":7,"key":"Vajra"},{"floor":9,"key":"Orichalcum"},{"floor":26,"key":"Toxic Egg 2"},{"floor":27,"key":"Ancient Tea Set"},{"floor":34,"key":"Red Skull"},{"floor":34,"key":"Paper Frog"},{"floor":34,"key":"Bird Faced Urn"},{"floor":38,"key":"Mercury Hourglass"},{"floor":40,"key":"Mango"},{"floor":43,"key":"Molten Egg 2"}],"event_choices":[{"damage_healed":0,"gold_gain":0,"player_choice":"Success","damage_taken":25,"relics_obtained":["Magic Flower"],"max_hp_gain":0,"max_hp_loss":0,"event_name":"Scrap Ooze","floor":2,"gold_loss":0},{"damage_healed":0,"gold_gain":61,"player_choice":"Gained Gold","damage_taken":0,"max_hp_gain":0,"max_hp_loss":0,"event_name":"Golden Wing","floor":3,"gold_loss":0},{"damage_healed":0,"gold_gain":75,"player_choice":"Gather Gold","damage_taken":11,"max_hp_gain":0,"max_hp_loss":0,"event_name":"World of Goop","floor":5,"gold_loss":0},{"damage_healed":0,"gold_gain":0,"cards_transformed":["Strike_R"],"player_choice":"Change","damage_taken":0,"max_hp_gain":0,"max_hp_loss":0,"event_name":"Living Wall","floor":10,"gold_loss":0,"cards_obtained":["Sword Boomerang"]},{"damage_healed":0,"gold_gain":90,"player_choice":"CARD GOLD ","damage_taken":24,"max_hp_gain":0,"max_hp_loss":0,"event_name":"Knowing Skull","floor":20,"potions_obtained":[],"gold_loss":0,"cards_obtained":["Mind Blast"]},{"damage_healed":0,"gold_gain":0,"player_choice":"Ignored","damage_taken":0,"max_hp_gain":0,"max_hp_loss":0,"event_name":"Ghosts","floor":29,"gold_loss":0},{"damage_healed":0,"gold_gain":0,"cards_transformed":["Strike_R"],"player_choice":"Transformed","damage_taken":0,"max_hp_gain":0,"max_hp_loss":0,"event_name":"Transmorgrifier","floor":30,"gold_loss":0,"cards_obtained":["Clothesline"]},{"damage_healed":0,"gold_gain":999,"player_choice":"Gold","damage_taken":0,"max_hp_gain":0,"max_hp_loss":0,"event_name":"MindBloom","floor":37,"gold_loss":0,"cards_obtained":["Normality","Normality"]},{"damage_healed":0,"gold_gain":0,"player_choice":"Ignored","damage_taken":0,"max_hp_gain":0,"max_hp_loss":0,"event_name":"SecretPortal","floor":39,"gold_loss":0}],"is_beta":false,"boss_relics":[{"not_picked":["Tiny House","Black Blood"],"picked":"Orrery"},{"not_picked":["Busted Crown","Runic Dome"],"picked":"Calling Bell"}],"items_purged_floors":[19,36],"is_endless":false,"potions_floor_spawned":[4,7,12,18,21,27,33,40,45,46],"killed_by":"Time Eater","ascension_level":1}