{"gold_per_floor":[118,41,51,66,83,114,114,74,74,74,93,43,43,58,58,161,161,180,105,20,20,37,37,37,37,37,37,47,81,81],"floor_reached":30,"playtime":4127,"items_purged":["Defend_B"],"score":248,"play_id":"b7d2878d-410b-4c24-9993-f30f2d889b46","local_time":"20190129223452","is_ascension_mode":false,"campfire_choices":[{"data":"Multi-Cast","floor":7.0,"key":"SMITH"},{"data":"Self Repair","floor":10.0,"key":"SMITH"},{"data":"Reinforced Body","floor":15.0,"key":"SMITH"},{"data":"Multi-Cast","floor":23.0,"key":"SMITH"},{"data":"Zap","floor":25.0,"key":"SMITH"},{"data":"White Noise","floor":27.0,"key":"SMITH"}],"neow_cost":"NONE","seed_source_timestamp":0,"circlet_count":0,"master_deck":["Strike_B","Strike_B","Strike_B","Strike_B","Defend_B","Defend_B","Zap+1","Dualcast","Multi-Cast+1","Go for the Eyes+1","Self Repair+1","Conserve Battery","Leap","Reinforced Body+1","White Noise+1","Rebound","Multi-Cast+1","Recycle+1","Turbo+1"],"special_seed":0,"relics":["Cracked Core","Bag of Preparation","Art of War","Runic Pyramid","Toxic Egg 2","Bottled Tornado","Potion Belt"],"potions_floor_usage":[],"damage_taken":[{"damage":1.0,"enemies":"Cultist","floor":1.0,"turns":3.0},{"damage":0.0,"enemies":"2 Louse","floor":3.0,"turns":3.0},{"damage":3.0,"enemies":"Small Slimes","floor":4.0,"turns":4.0},{"damage":6.0,"enemies":"Gremlin Gang","floor":5.0,"turns":7.0},{"damage":11.0,"enemies":"Gremlin Nob","floor":6.0,"turns":4.0},{"damage":0.0,"enemies":"Red Slaver","floor":11.0,"turns":3.0},{"damage":2.0,"enemies":"2 Fungi Beasts","floor":14.0,"turns":4.0},{"damage":30.0,"enemies":"Hexaghost","floor":16.0,"turns":9.0},{"damage":2.0,"enemies":"Spheric Guardian","floor":18.0,"turns":4.0},{"damage":21.0,"enemies":"3 Byrds","floor":22.0,"turns":5.0},{"damage":20.0,"enemies":"Shelled Parasite and Fungi","floor":28.0,"turns":9.0},{"damage":41.0,"enemies":"Slavers","floor":29.0,"turns":4.0},{"damage":0,"enemies":"Sentry and Sphere","floor":30,"turns":3}],"seed_played":"4159014738557761877","potions_obtained":[{"floor":3.0,"key":"Fire Potion"},{"floor":5.0,"key":"SpeedPotion"},{"floor":8.0,"key":"Ancient Potion"},{"floor":8.0,"key":"EssenceOfSteel"},{"floor":8.0,"key":"Dexterity Potion"},{"floor":11.0,"key":"Weak Potion"},{"floor":18.0,"key":"Regen Potion"},{"floor":22.0,"key":"Explosive Potion"}],"is_trial":false,"path_per_floor":["M","$","M","M","M","E","R","?","T","R","M","?","?","M","R","B",null,"M","$","?","$","M","R","?","R","T","R","M","E","M"],"character_chosen":"DEFECT","items_purchased":["Self Repair"],"campfire_rested":0,"item_purchase_floors":[2],"current_hp_per_floor":[74,74,74,75,75,71,71,71,71,71,75,75,75,75,75,45,75,75,75,75,75,64,64,64,64,64,64,69,38,38],"gold":81,"neow_bonus":"ONE_RANDOM_RARE_CARD","is_prod":false,"is_daily":false,"chose_seed":false,"campfire_upgraded":6,"win_rate":0.0,"timestamp":1548797692,"path_taken":["M","$","M","M","?","E","R","?","T","R","?","?","?","?","R","BOSS","M","$","?","$","M","R","?","R","T","R","M","E","M"],"build_version":"2019-01-23","purchased_purges":1,"victory":false,"max_hp_per_floor":[75,75,75,75,75,75,75,75,75,75,75,75,75,75,75,75,75,75,75,75,75,75,75,75,75,75,75,75,75,75],"card_choices":[{"not_picked":["Redo","Cold Snap"],"picked":"Go for the Eyes","floor":1.0},{"not_picked":["Blizzard","Sweeping Beam"],"picked":"Conserve Battery","floor":3.0},{"not_picked":["Rebound","Turbo"],"picked":"Leap","floor":4.0},{"not_picked":["Redo","Beam Cell","Barrage"],"picked":"SKIP","floor":5.0},{"not_picked":["Blizzard","All For One"],"picked":"Reinforced Body","floor":6.0},{"not_picked":["FTL","Steam"],"picked":"White Noise","floor":11.0},{"not_picked":["Leap","Compile Driver"],"picked":"Rebound","floor":14.0},{"not_picked":["Creative AI","Buffer"],"picked":"Multi-Cast","floor":16.0},{"not_picked":["Leap+1","Coolheaded","Auto Shields"],"picked":"SKIP","floor":18.0},{"not_picked":["Barrage","Beam Cell"],"picked":"Recycle+1","floor":22.0},{"not_picked":["Gash+1","Hologram+1"],"picked":"Turbo+1","floor":28.0},{"not_picked":["Redo+1","Steam Power+1","Coolheaded+1"],"picked":"SKIP","floor":29.0}],"player_experience":101062,"relics_obtained":[{"floor":6.0,"key":"Bag of Preparation"},{"floor":9.0,"key":"Art of War"},{"floor":26.0,"key":"Bottled Tornado"},{"floor":29.0,"key":"Potion Belt"}],"event_choices":[{"damage_healed":0.0,"max_hp_gain":0.0,"max_hp_loss":0.0,"gold_gain":0.0,"event_name":"The Woman in Blue","player_choice":"Bought 3 Potions","floor":8.0,"gold_loss":0.0,"damage_taken":0.0},{"cards_removed":["Defend_B"],"damage_healed":0.0,"max_hp_gain":0.0,"max_hp_loss":0.0,"gold_gain":0.0,"event_name":"The Cleric","player_choice":"Card Removal","floor":12.0,"gold_loss":50.0,"damage_taken":0.0},{"damage_healed":0.0,"max_hp_gain":0.0,"max_hp_loss":0.0,"gold_gain":0.0,"event_name":"Upgrade Shrine","player_choice":"Upgraded","floor":13.0,"gold_loss":0.0,"damage_taken":0.0,"cards_upgraded":["Go for the Eyes"]},{"damage_healed":0.0,"max_hp_gain":0.0,"max_hp_loss":0.0,"gold_gain":0.0,"event_name":"Addict","player_choice":"Obtained Relic","floor":20.0,"gold_loss":85.0,"damage_taken":0.0,"relics_obtained":["Toxic Egg 2"]},{"damage_healed":0.0,"max_hp_gain":0.0,"max_hp_loss":0.0,"gold_gain":0.0,"event_name":"Vampires","player_choice":"Ignored","floor":24.0,"gold_loss":0.0,"damage_taken":0.0}],"is_beta":false,"boss_relics":[{"not_picked":["Sozu","Calling Bell"],"picked":"Runic Pyramid"}],"items_purged_floors":[19],"is_endless":false,"potions_floor_spawned":[3,5,11,18,22],"killed_by":"Sentry and Sphere","ascension_level":0}