{"gold_per_floor":[115,115,131,56,156,156,170,170,170,200,200,219,119,136,136,233,233,203,203,203,203,217,242,242,277,302,302],"floor_reached":27,"playtime":2102,"items_purged":["Bash","Strike_R"],"score":261,"play_id":"3bc202a8-a6db-487f-99de-f2bd0bad3773","local_time":"20181108222513","is_ascension_mode":true,"campfire_choices":[{"floor":6,"key":"REST"},{"floor":8,"key":"REST"},{"floor":15,"key":"REST"},{"floor":24,"key":"REST"}],"neow_cost":"NONE","seed_source_timestamp":2586959044071934,"circlet_count":0,"master_deck":["Strike_R","Strike_R","Strike_R","Strike_R","Defend_R","Defend_R","Defend_R","Defend_R","Sentinel","Ghostly Armor","Inflame+1","Pommel Strike","Clothesline","Impervious","True Grit","Necronomicurse","Flame Barrier","Body Slam","Clothesline"],"relics":["Fusion Hammer","PreservedInsect","Pear","Matryoshka","Sozu","Necronomicon","MutagenicStrength","Centennial Puzzle","Happy Flower","Oddly Smooth Stone","Boot"],"potions_floor_usage":[16,16,16,27],"damage_taken":[{"damage":14,"enemies":"2 Louse","floor":1,"turns":3},{"damage":0,"enemies":"Small Slimes","floor":3,"turns":3},{"damage":0,"enemies":"Cultist","floor":7,"turns":4},{"damage":45,"enemies":"Lagavulin","floor":10,"turns":9},{"damage":2,"enemies":"2 Fungi Beasts","floor":12,"turns":4},{"damage":20,"enemies":"Gremlin Gang","floor":14,"turns":4},{"damage":47,"enemies":"The Guardian","floor":16,"turns":14},{"damage":10,"enemies":"2 Thieves","floor":18,"turns":5},{"damage":0,"enemies":"3 Byrds","floor":22,"turns":7},{"damage":54,"enemies":"Book of Stabbing","floor":23,"turns":8},{"damage":32,"enemies":"Gremlin Leader","floor":25,"turns":4},{"damage":5,"enemies":"Slavers","floor":27,"turns":1}],"seed_played":"-9108675726533517001","potions_obtained":[{"floor":1,"key":"Weak Potion"},{"floor":10,"key":"SpeedPotion"},{"floor":14,"key":"Regen Potion"},{"floor":16,"key":"SpeedPotion"}],"is_trial":false,"path_per_floor":["M","?","M","$","?","R","M","R","T","E","?","M","$","M","R","B",null,"M","?","?","$","M","E","R","E","T","E"],"character_chosen":"IRONCLAD","items_purchased":[],"campfire_rested":4,"item_purchase_floors":[],"current_hp_per_floor":[66,41,41,41,41,65,65,80,90,45,45,43,43,23,50,18,90,80,64,64,64,64,10,37,5,5,0],"gold":302,"neow_bonus":"BOSS_RELIC","is_prod":false,"is_daily":false,"chose_seed":false,"campfire_upgraded":0,"win_rate":0,"timestamp":1541737513,"path_taken":["M","?","M","$","?","R","?","R","T","E","?","?","?","M","R","BOSS","M","?","?","?","M","E","R","E","T","E"],"build_version":"2018-11-08","purchased_purges":2,"victory":false,"max_hp_per_floor":[80,80,80,80,80,80,80,80,90,90,90,90,90,90,90,90,90,90,90,90,90,90,90,90,90,90,90],"card_choices":[{"not_picked":["Cleave","Sword Boomerang"],"picked":"Sentinel","floor":1},{"not_picked":["Wild Strike","Thunderclap","Bloodletting"],"picked":"SKIP","floor":3},{"not_picked":["Twin Strike","Headbutt"],"picked":"Ghostly Armor","floor":7},{"not_picked":["Heavy Blade","Searing Blow"],"picked":"Inflame","floor":10},{"not_picked":["Havoc","Power Through"],"picked":"Pommel Strike","floor":12},{"not_picked":["Wild Strike","Anger"],"picked":"Clothesline","floor":14},{"not_picked":["Dark Embrace","Double Tap"],"picked":"Impervious","floor":16},{"not_picked":["Clothesline","Wild Strike+1"],"picked":"True Grit","floor":18},{"not_picked":["Anger","Clash+1"],"picked":"Flame Barrier","floor":22},{"not_picked":["Iron Wave","Wild Strike"],"picked":"Body Slam","floor":23},{"not_picked":["Entrench","Headbutt"],"picked":"Clothesline","floor":25}],"player_experience":46916,"relics_obtained":[{"floor":9,"key":"Pear"},{"floor":10,"key":"Matryoshka"},{"floor":19,"key":"Necronomicon"},{"floor":23,"key":"Centennial Puzzle"},{"floor":25,"key":"Happy Flower"},{"floor":26,"key":"Oddly Smooth Stone"},{"floor":26,"key":"Boot"}],"event_choices":[{"damage_healed":0,"gold_gain":0,"player_choice":"Success","damage_taken":25,"relics_obtained":["PreservedInsect"],"max_hp_gain":0,"max_hp_loss":0,"event_name":"Scrap Ooze","floor":2,"gold_loss":0},{"damage_healed":0,"gold_gain":100,"player_choice":"Pray","damage_taken":0,"max_hp_gain":0,"max_hp_loss":0,"event_name":"Golden Shrine","floor":5,"gold_loss":0},{"damage_healed":0,"gold_gain":0,"player_choice":"Forge","damage_taken":0,"max_hp_gain":0,"max_hp_loss":0,"event_name":"Accursed Blacksmith","floor":11,"gold_loss":0,"cards_upgraded":["Inflame"]},{"damage_healed":0,"gold_gain":0,"player_choice":"Obtained Book","damage_taken":16,"max_hp_gain":0,"max_hp_loss":0,"event_name":"Cursed Tome","floor":19,"gold_loss":0},{"damage_healed":0,"gold_gain":0,"player_choice":"Inject Mutagens","damage_taken":0,"relics_obtained":["MutagenicStrength"],"max_hp_gain":0,"max_hp_loss":0,"event_name":"Drug Dealer","floor":20,"gold_loss":0}],"is_beta":false,"boss_relics":[{"not_picked":["Lizard Tail","White Beast Statue"],"picked":"Sozu"}],"items_purged_floors":[4,13],"is_endless":false,"potions_floor_spawned":[1,10,14,16,25],"killed_by":"Slavers","ascension_level":1}