{"gold_per_floor":[217,217,237,237,252,252,272,272,272,285,296,296,296,312,312,413,413,425,425,425],"floor_reached":20,"playtime":1281,"items_purged":[],"score":208,"play_id":"ffd5756a-a775-4650-a9bd-52ea80df9d39","local_time":"20190208121044","is_ascension_mode":true,"campfire_choices":[{"data":"Night Terror","floor":6,"key":"SMITH"},{"floor":8,"key":"REST"},{"floor":12,"key":"REST"},{"floor":15,"key":"REST"}],"neow_cost":"NONE","seed_source_timestamp":0,"circlet_count":0,"master_deck":["Defend_G","Defend_G","Defend_G","Defend_G","Defend_G","Strike_G","Strike_G","Strike_G+1","Survivor","Neutralize","Dash+1","Night Terror+1","Leg Sweep","After Image","Deadly Poison","Deadly Poison"],"special_seed":0,"relics":["Ring of the Snake","Paper Crane","Orrery"],"potions_floor_usage":[16,16,16,16,18,20],"damage_taken":[{"damage":0.0,"enemies":"2 Louse","floor":1.0,"turns":4.0},{"damage":4.0,"enemies":"Cultist","floor":3.0,"turns":5.0},{"damage":2.0,"enemies":"Jaw Worm","floor":5.0,"turns":5.0},{"damage":9,"enemies":"2 Fungi Beasts","floor":7,"turns":7},{"damage":2,"enemies":"Exordium Wildlife","floor":10,"turns":6},{"damage":25,"enemies":"Lots of Slimes","floor":11,"turns":6},{"damage":0,"enemies":"Exordium Thugs","floor":14,"turns":5},{"damage":16,"enemies":"Hexaghost","floor":16,"turns":14},{"damage":54,"enemies":"3 Byrds","floor":18,"turns":9},{"damage":12,"enemies":"Chosen","floor":20,"turns":6}],"seed_played":"-2323494153122379741","potions_obtained":[{"floor":1.0,"key":"SteroidPotion"},{"floor":5,"key":"EntropicBrew"},{"floor":10,"key":"Block Potion"},{"floor":14,"key":"Block Potion"},{"floor":16,"key":"Fire Potion"}],"is_trial":false,"path_per_floor":["M","?","M","?","M","R","M","R","T","M","M","R","?","M","R","B",null,"M","?","M"],"character_chosen":"THE_SILENT","items_purchased":[],"campfire_rested":3,"item_purchase_floors":[],"current_hp_per_floor":[70,70,66,59,57,57,48,69,69,67,42,63,49,49,70,54,66,12,12,0],"gold":425,"neow_bonus":"HUNDRED_GOLD","is_prod":false,"is_daily":false,"chose_seed":false,"campfire_upgraded":1,"win_rate":0,"timestamp":1549649444,"path_taken":["M","?","?","?","M","R","M","R","T","M","M","R","?","M","R","BOSS","M","?","?"],"build_version":"2019-01-23","purchased_purges":0,"victory":false,"max_hp_per_floor":[70,70,70,70,70,70,70,70,70,70,70,70,70,70,70,70,70,70,70,70],"card_choices":[{"not_picked":["Eviscerate","Dagger Spray"],"picked":"Dash","floor":1.0},{"not_picked":["Blade Dance","Flying Knee","Acrobatics"],"picked":"SKIP","floor":3.0},{"not_picked":["Caltrops","Poisoned Stab"],"picked":"Envenom","floor":5},{"not_picked":["Skewer","Underhanded Strike"],"picked":"Leg Sweep","floor":7},{"not_picked":["Backflip","Prepared","Deadly Poison"],"picked":"SKIP","floor":10},{"not_picked":["Dodge and Roll","Outmaneuver","Underhanded Strike"],"picked":"SKIP","floor":11},{"not_picked":["Blur","Flying Knee"],"picked":"After Image","floor":14},{"not_picked":["Bane","Sucker Punch"],"picked":"Deadly Poison","floor":17},{"not_picked":["Quick Slash","Flying Knee"],"picked":"Deadly Poison","floor":18}],"player_experience":1274406,"relics_obtained":[{"floor":9,"key":"Paper Crane"}],"event_choices":[{"damage_healed":0.0,"max_hp_gain":0.0,"max_hp_loss":0.0,"gold_gain":0.0,"cards_transformed":["Strike_G"],"event_name":"Transmorgrifier","player_choice":"Transformed","floor":2.0,"gold_loss":0.0,"damage_taken":0.0,"cards_obtained":["Night Terror"]},{"cards_removed":["Strike_G"],"damage_healed":0.0,"max_hp_gain":0.0,"max_hp_loss":0.0,"gold_gain":0.0,"event_name":"Golden Wing","player_choice":"Card Removal","floor":4.0,"gold_loss":0.0,"damage_taken":7.0},{"damage_healed":0,"gold_gain":0,"player_choice":"Entered Light","damage_taken":14,"max_hp_gain":0,"max_hp_loss":0,"event_name":"Shining Light","floor":13,"gold_loss":0,"cards_upgraded":["Dash","Strike_G"]},{"cards_removed":["Envenom"],"damage_healed":0,"gold_gain":0,"player_choice":"Purged","damage_taken":0,"max_hp_gain":0,"max_hp_loss":0,"event_name":"Purifier","floor":19,"gold_loss":0}],"is_beta":false,"boss_relics":[{"not_picked":["Runic Dome","Calling Bell"],"picked":"Orrery"}],"items_purged_floors":[],"is_endless":false,"potions_floor_spawned":[1,5,10,14,16],"killed_by":"Chosen","ascension_level":5}