{"gold_per_floor":[119,119,131,56,131,131,166,166,191,191,211,33,48,65,65,65],"floor_reached":16,"playtime":749,"items_purged":["Clumsy","Strike_B"],"score":125,"play_id":"f008af98-7f52-4800-94bf-c3825072eec7","local_time":"20190215093857","is_ascension_mode":true,"campfire_choices":[{"floor":6,"key":"REST"},{"floor":8,"key":"REST"},{"data":"Seek","floor":15,"key":"SMITH"}],"neow_cost":"CURSE","seed_source_timestamp":213392481408617,"circlet_count":0,"master_deck":["Strike_B","Strike_B+1","Strike_B","Defend_B","Defend_B","Defend_B","Defend_B","Zap+1","Flash of Steel","Flash of Steel","Seek+1","FTL","Streamline"],"relics":["Cracked Core","Question Card","Potion Belt"],"potions_floor_usage":[7],"damage_taken":[{"damage":7,"enemies":"2 Louse","floor":1,"turns":3},{"damage":0,"enemies":"Small Slimes","floor":3,"turns":2},{"damage":15,"enemies":"3 Sentries","floor":7,"turns":7},{"damage":2,"enemies":"Jaw Worm","floor":11,"turns":3},{"damage":6,"enemies":"Large Slime","floor":13,"turns":6},{"damage":6,"enemies":"Looter","floor":14,"turns":2},{"damage":57,"enemies":"The Guardian","floor":16,"turns":8}],"seed_played":"-3269672347458489332","potions_obtained":[{"floor":3,"key":"Fire Potion"}],"is_trial":false,"path_per_floor":["M","?","M","$","?","R","E","R","T","?","M","$","M","M","R","B"],"character_chosen":"DEFECT","items_purchased":["FTL"],"campfire_rested":2,"item_purchase_floors":[12],"current_hp_per_floor":[68,53,53,53,42,64,49,71,71,71,69,69,63,57,57,0],"gold":65,"neow_bonus":"RANDOM_COLORLESS_2","is_prod":false,"is_daily":false,"chose_seed":false,"campfire_upgraded":1,"win_rate":0,"timestamp":1550245137,"path_taken":["M","?","M","$","?","R","E","R","T","?","M","$","?","M","R","BOSS"],"build_version":"2019-01-23","purchased_purges":2,"victory":false,"max_hp_per_floor":[75,75,75,75,75,75,75,75,75,75,75,75,75,75,75,75],"card_choices":[{"not_picked":["Coolheaded","Compile Driver","Barrage"],"picked":"SKIP","floor":1},{"not_picked":["Rip and Tear","Leap","Melter"],"picked":"SKIP","floor":3},{"not_picked":["Genetic Algorithm","Hello World"],"picked":"Seek","floor":7},{"not_picked":["Doom and Gloom","Compile Driver","Sweeping Beam","Undo"],"picked":"SKIP","floor":11},{"not_picked":["Turbo","Rip and Tear","Melter"],"picked":"Streamline","floor":13},{"not_picked":["Coolheaded","Go for the Eyes","Rainbow","Steam"],"picked":"SKIP","floor":14}],"player_experience":1360107,"relics_obtained":[{"floor":7,"key":"Question Card"},{"floor":9,"key":"Potion Belt"}],"event_choices":[{"damage_healed":0,"gold_gain":0,"player_choice":"Entered Light","damage_taken":15,"max_hp_gain":0,"max_hp_loss":0,"event_name":"Shining Light","floor":2,"gold_loss":0,"cards_upgraded":["Strike_B","Zap"]},{"damage_healed":0,"gold_gain":75,"player_choice":"Gather Gold","damage_taken":11,"max_hp_gain":0,"max_hp_loss":0,"event_name":"World of Goop","floor":5,"gold_loss":0},{"cards_removed":["Dualcast"],"damage_healed":0,"gold_gain":0,"player_choice":"Forget","damage_taken":0,"max_hp_gain":0,"max_hp_loss":0,"event_name":"Living Wall","floor":10,"gold_loss":0}],"is_beta":false,"boss_relics":[],"items_purged_floors":[4,12],"is_endless":false,"potions_floor_spawned":[3],"killed_by":"The Guardian","ascension_level":5}