{"gold_per_floor":[114,114,129,144,122,152,167,167,242,242,257,19,34,34,34,134,134,149,164,20,35,50,50,80,80,130,157,169,196,208,235,247,359,371,398,410,221,236,161,191,191,206,231,246,276,291,291,291,291,291],"floor_reached":51,"playtime":3538,"items_purged":["Escape Plan"],"score":831,"play_id":"9e9554a2-5e6d-4a26-a304-8b36b4067830","local_time":"20181224024938","daily_mods":["Insanity","Colorless Cards","Lethality"],"is_ascension_mode":false,"campfire_choices":[{"data":"Mind Blast","floor":8.0,"key":"SMITH"},{"data":"Mind Blast","floor":10.0,"key":"SMITH"},{"floor":15.0,"key":"REST"},{"data":"Night Terror","floor":23.0,"key":"SMITH"},{"floor":25.0,"key":"REST"},{"data":"Skewer","floor":32.0,"key":"SMITH"},{"data":"Apotheosis","floor":41.0,"key":"SMITH"},{"floor":47,"key":"REST"},{"floor":49,"key":"REST"}],"neow_cost":"","seed_source_timestamp":0,"circlet_count":0,"master_deck":["PiercingWail+1","Sucker Punch+1","Quick Slash+1","Finisher+1","Concentrate+1","Setup+1","Dagger Spray+1","PiercingWail+1","Poisoned Stab+1","Reflex+1","Underhanded Strike+1","Blind+1","Dark Shackles+1","Expertise+1","Dodge and Roll+1","Concentrate+1","Catalyst+1","Mind Blast+1","Terror+1","Reflex+1","Discovery+1","Flying Knee+1","Concentrate+1","Deadly Poison+1","Sucker Punch+1","Sucker Punch+1","Acrobatics+1","Bane+1","PiercingWail+1","PiercingWail+1","Skewer+1","Dagger Spray+1","Leg Sweep+1","Poisoned Stab+1","Flash of Steel+1","Flying Knee+1","Blade Dance+1","Slice+1","Dagger Spray+1","Backflip+1","All Out Attack+1","Acrobatics+1","Accuracy+1","Dagger Throw+1","PiercingWail+1","Cloak And Dagger+1","Masterful Stab+1","Setup+1","Deflect+1","Dodge and Roll+1","Mind Blast+1","Outmaneuver+1","Forethought+1","Night Terror+1","Outmaneuver+1","PiercingWail+1","Skewer+1","Bandage Up+1","Crippling Poison+1","Bandage Up+1","Madness+1","The Bomb+1","Deflect+1","Dodge and Roll+1","Blind+1","Apotheosis+1","Quick Slash+1","Deflect+1","Backflip+1","Cloak And Dagger+1"],"special_seed":17889,"relics":["Ring of the Snake","Blood Vial","Darkstone Periapt","Membership Card","Runic Dome","PreservedInsect","Singing Bowl","MawBank","Sozu","Pen Nib","Toolbox","Anchor","Shuriken","Boot","Toxic Egg 2","Mark of the Bloom"],"potions_floor_usage":[50],"damage_taken":[{"damage":0.0,"enemies":"2 Louse","floor":1.0,"turns":2.0},{"damage":0.0,"enemies":"Cultist","floor":3.0,"turns":1.0},{"damage":4.0,"enemies":"Small Slimes","floor":4.0,"turns":2.0},{"damage":24.0,"enemies":"3 Sentries","floor":6.0,"turns":6.0},{"damage":7.0,"enemies":"Gremlin Gang","floor":7.0,"turns":2.0},{"damage":0.0,"enemies":"Exordium Wildlife","floor":11.0,"turns":1.0},{"damage":0.0,"enemies":"Large Slime","floor":13.0,"turns":1.0},{"damage":48.0,"enemies":"Hexaghost","floor":16.0,"turns":8.0},{"damage":0.0,"enemies":"2 Thieves","floor":18.0,"turns":1.0},{"damage":0.0,"enemies":"Spheric Guardian","floor":19.0,"turns":1.0},{"damage":0.0,"enemies":"Snake Plant","floor":21.0,"turns":1.0},{"damage":15.0,"enemies":"Centurion and Healer","floor":22.0,"turns":2.0},{"damage":0.0,"enemies":"Book of Stabbing","floor":24.0,"turns":1.0},{"damage":0.0,"enemies":"Shelled Parasite and Fungi","floor":27.0,"turns":2.0},{"damage":0.0,"enemies":"Snake Plant","floor":29.0,"turns":1.0},{"damage":0.0,"enemies":"Chosen and Byrds","floor":31.0,"turns":2.0},{"damage":31.0,"enemies":"Collector","floor":33.0,"turns":3.0},{"damage":10.0,"enemies":"3 Darklings","floor":35.0,"turns":3.0},{"damage":0.0,"enemies":"Orb Walker","floor":38.0,"turns":1.0},{"damage":0.0,"enemies":"Nemesis","floor":40.0,"turns":1.0},{"damage":13.0,"enemies":"Sphere and 2 Shapes","floor":42.0,"turns":3.0},{"damage":0.0,"enemies":"3 Darklings","floor":44.0,"turns":2.0},{"damage":34,"enemies":"Giant Head","floor":45,"turns":6},{"damage":0,"enemies":"Maw","floor":46,"turns":2},{"damage":47,"enemies":"Donu and Deca","floor":50,"turns":8}],"seed_played":"9132729475110724367","potions_obtained":[{"floor":2.0,"key":"AttackPotion"},{"floor":2.0,"key":"GamblersBrew"},{"floor":2.0,"key":"SmokeBomb"},{"floor":6.0,"key":"Block Potion"},{"floor":7.0,"key":"Explosive Potion"},{"floor":18.0,"key":"SteroidPotion"},{"floor":19.0,"key":"GhostInAJar"}],"is_trial":false,"path_per_floor":["M","?","M","M","$","E","M","R","T","R","M","$","M","?","R","B",null,"M","M","$","M","M","R","E","R","T","M","$","M","$","M","R","B",null,"M","?","$","M","$","E","R","M","T","M","E","M","R","?","R","B",null],"character_chosen":"THE_SILENT","items_purchased":["Dodge and Roll","Membership Card","Skewer","Bandage Up","PreservedInsect","Pen Nib","Dodge and Roll","Toolbox","Anchor"],"campfire_rested":4,"item_purchase_floors":[5,12,20,20,20,37,37,37,39],"current_hp_per_floor":[70,70,70,66,66,42,37,37,37,37,39,39,41,41,62,16,70,70,70,70,70,55,55,59,72,72,74,74,74,74,74,74,43,74,68,68,68,70,70,72,72,61,61,69,42,44,66,66,66,19],"gold":291,"neow_bonus":"","is_prod":false,"is_daily":true,"chose_seed":false,"campfire_upgraded":5,"win_rate":0.0,"timestamp":1545616178,"path_taken":["M","?","M","M","$","E","?","R","T","R","?","$","M","?","R","BOSS","M","M","$","M","M","R","E","R","T","?","$","M","$","M","R","BOSS","M","?","$","?","$","E","R","M","T","M","E","M","R","?","R","BOSS"],"build_version":"2018-12-20","purchased_purges":1,"victory":true,"max_hp_per_floor":[70,70,70,70,70,70,70,70,70,70,70,70,70,70,70,70,70,70,70,70,70,70,70,72,72,72,74,74,74,74,74,74,74,74,74,74,74,74,74,74,74,74,74,74,74,74,74,74,74,74],"card_choices":[{"not_picked":["Choke","Backflip","Deflect"],"picked":"SKIP","floor":1.0},{"not_picked":["Quick Slash","Eviscerate"],"picked":"Die Die Die","floor":3.0},{"not_picked":["Sucker Punch","Bouncing Flask","Prepared"],"picked":"SKIP","floor":4.0},{"not_picked":["Terror","Dramatic Entrance"],"picked":"Mind Blast","floor":6.0},{"not_picked":["Dagger Spray","Underhanded Strike"],"picked":"Outmaneuver","floor":7.0},{"not_picked":["Cloak And Dagger","Poisoned Stab","Deadly Poison"],"picked":"SKIP","floor":11.0},{"not_picked":["Acrobatics","Endless Agony","Bouncing Flask"],"picked":"SKIP","floor":13.0},{"not_picked":["Phantasmal Killer","Chrysalis"],"picked":"Night Terror","floor":16.0},{"not_picked":["Trip","Good Instincts"],"picked":"Outmaneuver+1","floor":18.0},{"not_picked":["Acrobatics","Sucker Punch"],"picked":"PiercingWail+1","floor":19.0},{"not_picked":["Deadly Poison","Dagger Spray","Acrobatics"],"picked":"SKIP","floor":21.0},{"not_picked":["Purity","Underhanded Strike"],"picked":"Crippling Poison","floor":22.0},{"not_picked":["Dodge and Roll","Backflip","Underhanded Strike"],"picked":"Singing Bowl","floor":24.0},{"not_picked":["PanicButton","Dagger Spray","Dagger Throw"],"picked":"Singing Bowl","floor":27.0},{"not_picked":["Dodge and Roll+1","Poisoned Stab+1"],"picked":"Bandage Up","floor":29.0},{"not_picked":["Sucker Punch","Dagger Spray"],"picked":"Madness+1","floor":31.0},{"not_picked":["Grand Finale","Mayhem"],"picked":"The Bomb","floor":33.0},{"not_picked":["Flying Knee+1","Calculated Gamble"],"picked":"Deflect+1","floor":35.0},{"not_picked":["Prepared+1","Impatience"],"picked":"Blind+1","floor":38.0},{"not_picked":["Escape Plan","Heel Hook"],"picked":"Apotheosis","floor":40.0},{"not_picked":["Flying Knee+1","Escape Plan+1"],"picked":"Quick Slash+1","floor":42.0},{"not_picked":["Dagger Throw+1","Acrobatics+1"],"picked":"Deflect+1","floor":44.0},{"not_picked":["Tools of the Trade","Slice"],"picked":"Backflip+1","floor":45},{"not_picked":["Dagger Spray+1","Bane"],"picked":"Cloak And Dagger+1","floor":46}],"player_experience":77071,"relics_obtained":[{"floor":6.0,"key":"Blood Vial"},{"floor":9.0,"key":"Darkstone Periapt"},{"floor":24.0,"key":"Singing Bowl"},{"floor":26.0,"key":"MawBank"},{"floor":40.0,"key":"Shuriken"},{"floor":43.0,"key":"Boot"},{"floor":45,"key":"Toxic Egg 2"}],"event_choices":[{"damage_healed":0.0,"max_hp_gain":0.0,"max_hp_loss":0.0,"gold_gain":0.0,"event_name":"Lab","player_choice":"Got Potions","floor":2.0,"gold_loss":0.0,"damage_taken":0.0},{"damage_healed":0.0,"max_hp_gain":0.0,"max_hp_loss":0.0,"gold_gain":0.0,"cards_transformed":["Die Die Die"],"event_name":"Transmorgrifier","player_choice":"Transformed","floor":14.0,"gold_loss":0.0,"damage_taken":0.0,"cards_obtained":["Forethought"]},{"damage_healed":0.0,"max_hp_gain":0.0,"max_hp_loss":0.0,"gold_gain":0.0,"event_name":"Accursed Blacksmith","player_choice":"Forge","floor":36.0,"gold_loss":0.0,"damage_taken":0.0,"cards_upgraded":["The Bomb"]},{"damage_healed":0,"gold_gain":0,"player_choice":"Upgrade","damage_taken":0,"relics_obtained":["Mark of the Bloom"],"max_hp_gain":0,"max_hp_loss":0,"event_name":"MindBloom","floor":48,"gold_loss":0,"cards_upgraded":["PiercingWail","Sucker Punch","Quick Slash","Finisher","Concentrate","Setup","Dagger Spray","PiercingWail","Poisoned Stab","Reflex","Underhanded Strike","Blind","Dark Shackles","Expertise","Dodge and Roll","Concentrate","Catalyst","Terror","Reflex","Discovery","Flying Knee","Concentrate","Deadly Poison","Sucker Punch","Sucker Punch","Acrobatics","Bane","PiercingWail","PiercingWail","Skewer","Dagger Spray","Leg Sweep","Poisoned Stab","Flash of Steel","Flying Knee","Blade Dance","Slice","Dagger Spray","Backflip","All Out Attack","Acrobatics","Accuracy","Dagger Throw","PiercingWail","Cloak And Dagger","Masterful Stab","Setup","Deflect","Dodge and Roll","Outmaneuver","Forethought","Bandage Up","Crippling Poison","Bandage Up","Dodge and Roll"]}],"is_beta":false,"boss_relics":[{"not_picked":["Ectoplasm","Orrery"],"picked":"Runic Dome"},{"not_picked":["Fusion Hammer","WristBlade"],"picked":"Sozu"}],"items_purged_floors":[12],"is_endless":false,"potions_floor_spawned":[3,6,7,13,16,18,19,24,29,33,38,40,44,46],"ascension_level":0}