{"gold_per_floor":[109,13,13,13,30,30,64,64,64,74,249,259,259,277,277,277],"floor_reached":16,"playtime":774,"items_purged":[],"score":130,"play_id":"80dabedd-4791-4abf-b3d6-8f2081c52334","local_time":"20190225232938","is_ascension_mode":true,"campfire_choices":[{"data":"Body Slam","floor":6,"key":"SMITH"},{"data":"Bash","floor":13,"key":"SMITH"},{"floor":15,"key":"REST"}],"neow_cost":"NONE","seed_source_timestamp":884219751053902,"circlet_count":0,"master_deck":["Strike_R+1","Strike_R","Strike_R","Strike_R","Strike_R+1","Defend_R","Defend_R","Defend_R","Defend_R","Bash+1","Body Slam+1","Flash of Steel","Doubt","Battle Trance","Shrug It Off"],"relics":["Lizard Tail","Centennial Puzzle","Pantograph"],"potions_floor_usage":[7,12],"damage_taken":[{"damage":9,"enemies":"Jaw Worm","floor":1,"turns":4},{"damage":8,"enemies":"Small Slimes","floor":5,"turns":3},{"damage":28,"enemies":"3 Sentries","floor":7,"turns":10},{"damage":0,"enemies":"Cultist","floor":10,"turns":2},{"damage":13,"enemies":"Large Slime","floor":12,"turns":4},{"damage":8,"enemies":"Blue Slaver","floor":14,"turns":3},{"damage":84,"enemies":"The Guardian","floor":16,"turns":17}],"seed_played":"-3147187484110511582","potions_obtained":[{"floor":1,"key":"EssenceOfSteel"},{"floor":7,"key":"AttackPotion"}],"is_trial":false,"path_per_floor":["?","?","?"],"character_chosen":"IRONCLAD","items_purchased":["Flash of Steel"],"campfire_rested":1,"item_purchase_floors":[2],"current_hp_per_floor":[63,63,47,47,39,39,11,11,11,11,11,40,40,32,56,0],"gold":277,"neow_bonus":"BOSS_RELIC","is_prod":false,"is_daily":false,"chose_seed":false,"campfire_upgraded":2,"win_rate":0,"timestamp":1551133778,"path_taken":["M","$","?","$","M","R","E","?","T","M","?","M","R","M","R","BOSS"],"build_version":"2019-01-23","purchased_purges":0,"victory":false,"max_hp_per_floor":[80,80,80,80,80,80,80,80,80,80,80,80,80,80,80,80],"card_choices":[{"not_picked":["Shockwave","Warcry"],"picked":"Body Slam","floor":1},{"not_picked":["Flex","Heavy Blade","Thunderclap"],"picked":"SKIP","floor":5},{"not_picked":["Combust","Clash","Body Slam"],"picked":"SKIP","floor":7},{"not_picked":["Heavy Blade","Evolve","Berserk"],"picked":"SKIP","floor":10},{"not_picked":["Warcry","Clothesline"],"picked":"Battle Trance","floor":12},{"not_picked":["Twin Strike","Metallicize"],"picked":"Shrug It Off","floor":14}],"player_experience":225758,"relics_obtained":[{"floor":7,"key":"Centennial Puzzle"},{"floor":9,"key":"Pantograph"}],"event_choices":[{"damage_healed":0,"gold_gain":0,"player_choice":"Entered Light","damage_taken":16,"max_hp_gain":0,"max_hp_loss":0,"event_name":"Shining Light","floor":3,"gold_loss":0,"cards_upgraded":["Strike_R","Strike_R"]},{"damage_healed":0,"gold_gain":0,"player_choice":"Searched \u00270\u0027 times","damage_taken":0,"max_hp_gain":0,"max_hp_loss":0,"event_name":"Dead Adventurer","floor":8,"gold_loss":0},{"damage_healed":0,"gold_gain":175,"player_choice":"AGREE","damage_taken":0,"max_hp_gain":0,"max_hp_loss":0,"event_name":"Liars Game","floor":11,"gold_loss":0,"cards_obtained":["Doubt"]}],"is_beta":false,"boss_relics":[],"items_purged_floors":[],"is_endless":false,"potions_floor_spawned":[1,7],"killed_by":"The Guardian","ascension_level":6}