{"gold_per_floor":[111,128,128,143,161,186,196,196],"floor_reached":8,"playtime":584,"items_purged":[],"score":69,"play_id":"4c8fbb27-3bfd-407c-809d-952107c39cd7","local_time":"20181120221038","is_ascension_mode":true,"campfire_choices":[],"neow_cost":"NONE","seed_source_timestamp":537155941593022,"circlet_count":0,"master_deck":["Strike_R","Strike_R","Strike_R","Strike_R","Strike_R","Defend_R","Defend_R","Defend_R","Defend_R","Bash","Shrug It Off","Shockwave+1","Whirlwind","Flame Barrier","Disarm","Inflame"],"relics":["Burning Blood","Centennial Puzzle","Anchor"],"potions_floor_usage":[8,8],"damage_taken":[{"damage":5,"enemies":"2 Louse","floor":1,"turns":4},{"damage":13,"enemies":"Cultist","floor":2,"turns":7},{"damage":0,"enemies":"Small Slimes","floor":4,"turns":6},{"damage":20,"enemies":"Exordium Thugs","floor":5,"turns":7},{"damage":24,"enemies":"Gremlin Nob","floor":6,"turns":4},{"damage":11,"enemies":"Exordium Wildlife","floor":7,"turns":5},{"damage":45,"enemies":"Lagavulin","floor":8,"turns":11}],"seed_played":"-5891527270410220965","potions_obtained":[{"floor":2,"key":"LiquidBronze"},{"floor":5,"key":"Explosive Potion"}],"is_trial":false,"path_per_floor":["M","M","?","M","M","E","M","E"],"character_chosen":"IRONCLAD","items_purchased":[],"campfire_rested":0,"item_purchase_floors":[],"current_hp_per_floor":[80,73,73,79,65,47,42,0],"gold":196,"neow_bonus":"RANDOM_COMMON_RELIC","is_prod":false,"is_daily":false,"chose_seed":false,"campfire_upgraded":0,"win_rate":0,"timestamp":1542773438,"path_taken":["M","M","?","?","M","E","M","E"],"build_version":"2018-11-15","purchased_purges":0,"victory":false,"max_hp_per_floor":[80,80,80,80,80,80,80,80],"card_choices":[{"not_picked":["Twin Strike","Perfected Strike"],"picked":"Shrug It Off","floor":1},{"not_picked":["Heavy Blade","Perfected Strike"],"picked":"Shockwave","floor":2},{"not_picked":["Heavy Blade","Body Slam"],"picked":"Whirlwind","floor":4},{"not_picked":["Body Slam","Seeing Red"],"picked":"Flame Barrier","floor":5},{"not_picked":["Pommel Strike","Seeing Red"],"picked":"Disarm","floor":6},{"not_picked":["Corruption","True Grit"],"picked":"Inflame","floor":7}],"player_experience":463379,"relics_obtained":[{"floor":6,"key":"Anchor"}],"event_choices":[{"damage_healed":0,"gold_gain":0,"player_choice":"Upgraded","damage_taken":0,"max_hp_gain":0,"max_hp_loss":0,"event_name":"Upgrade Shrine","floor":3,"gold_loss":0,"cards_upgraded":["Shockwave"]}],"is_beta":false,"boss_relics":[],"items_purged_floors":[],"is_endless":false,"potions_floor_spawned":[2,5],"killed_by":"Lagavulin","ascension_level":3}