{"gold_per_floor":[113,113,188,28,42,7,7,42,42,42,57,57,34,57,57,178,178,201,241,219,16,16,16,31,361,361,106,106,125,142,160,160,263,263,274,293,293,313,44,44,54,54,80,94,94,21,37,37,37,37],"floor_reached":50,"playtime":6233,"items_purged":["Strike_R","Strike_R","Perfected Strike"],"score":579,"play_id":"0671b1c7-61b7-49d0-8a4a-66094371075a","local_time":"20181025102801","is_ascension_mode":true,"campfire_choices":[{"data":"Clothesline","floor":7.0,"key":"SMITH"},{"data":"Flame Barrier","floor":10.0,"key":"SMITH"},{"data":"Battle Trance","floor":12.0,"key":"SMITH"},{"data":"True Grit","floor":15.0,"key":"SMITH"},{"data":"Shockwave","floor":23.0,"key":"SMITH"},{"floor":32.0,"key":"REST"},{"floor":40,"key":"REST"},{"floor":42,"key":"REST"},{"floor":45,"key":"REST"},{"floor":49,"key":"REST"}],"neow_cost":"NONE","seed_source_timestamp":0,"circlet_count":0,"master_deck":["Bash","Twin Strike","Flame Barrier+1","Clothesline+1","Battle Trance+1","Pummel","Headbutt","True Grit+1","Demon Form","Iron Wave+1","Whirlwind","Pommel Strike+1","Inflame","Shockwave+1","Twin Strike+1","Heavy Blade","Apotheosis","Flame Barrier","Pummel","Iron Wave+1","Double Tap","Anger","Body Slam","Clothesline","Whirlwind","Flex","Iron Wave","Shrug It Off+1","Dual Wield+1"],"special_seed":0,"relics":["Burning Blood","Red Skull","Bloody Idol","Lantern","Champion Belt","Philosopher\u0027s Stone","Red Mask","Old Coin","Shuriken","Nilry\u0027s Codex","Pandora\u0027s Box","Ginger","Happy Flower","Omamori"],"potions_floor_usage":[47,47],"damage_taken":[{"damage":1.0,"enemies":"Cultist","floor":1.0,"turns":3.0},{"damage":2.0,"enemies":"Small Slimes","floor":5.0,"turns":5.0},{"damage":48.0,"enemies":"3 Sentries","floor":8.0,"turns":10.0},{"damage":0.0,"enemies":"2 Louse","floor":11.0,"turns":1.0},{"damage":0.0,"enemies":"Exordium Wildlife","floor":14.0,"turns":2.0},{"damage":33.0,"enemies":"Hexaghost","floor":16.0,"turns":11.0},{"damage":0.0,"enemies":"3 Byrds","floor":18.0,"turns":3.0},{"damage":26.0,"enemies":"Masked Bandits","floor":19.0,"turns":6.0},{"damage":17.0,"enemies":"2 Thieves","floor":20.0,"turns":5.0},{"damage":12.0,"enemies":"Sentry and Sphere","floor":24.0,"turns":4.0},{"damage":23.0,"enemies":"Book of Stabbing","floor":25.0,"turns":5.0},{"damage":0.0,"enemies":"Snecko","floor":29.0,"turns":2.0},{"damage":12.0,"enemies":"Centurion and Healer","floor":30.0,"turns":3.0},{"damage":20.0,"enemies":"Shelled Parasite and Fungi","floor":31.0,"turns":3.0},{"damage":9.0,"enemies":"Champ","floor":33.0,"turns":8.0},{"damage":9.0,"enemies":"Orb Walker","floor":35.0,"turns":3.0},{"damage":29.0,"enemies":"3 Darklings","floor":36.0,"turns":4.0},{"damage":24.0,"enemies":"Mind Bloom Boss Battle","floor":37.0,"turns":6.0},{"damage":56,"enemies":"Sphere and 2 Shapes","floor":38,"turns":6},{"damage":30,"enemies":"Spire Growth","floor":41,"turns":5},{"damage":23,"enemies":"Writhing Mass","floor":44,"turns":5},{"damage":57,"enemies":"4 Shapes","floor":47,"turns":3},{"damage":51,"enemies":"Awakened One","floor":50,"turns":3}],"seed_played":"422667031037615301","potions_obtained":[{"floor":8.0,"key":"EssenceOfSteel"},{"floor":11.0,"key":"Block Potion"},{"floor":16.0,"key":"FairyPotion"},{"floor":20.0,"key":"Explosive Potion"},{"floor":25.0,"key":"Weak Potion"},{"floor":29.0,"key":"Explosive Potion"},{"floor":30.0,"key":"SkillPotion"},{"floor":44,"key":"SkillPotion"}],"is_trial":false,"path_per_floor":["M","?","?","$","M","?","R","E","T","R","M","R","$","M","R","B",null,"M","?","M","$","?","R","M","E","T","$","?","M","M","M","R","B",null,"M","M","?","M","$","R","M","R","T","M","R","$","M","?","R"],"character_chosen":"IRONCLAD","items_purchased":["Flame Barrier","Clothesline","Headbutt","Inflame","Shockwave","Apotheosis","Flame Barrier","Happy Flower","EssenceOfSteel"],"campfire_rested":5,"item_purchase_floors":[4,4,13,21,21,27,27,39,46],"current_hp_per_floor":[80,60,49,49,53,73,73,31,31,31,37,37,37,43,43,16,80,80,60,49,49,49,49,48,41,41,41,25,36,35,26,50,52,80,80,62,44,19,19,43,24,48,53,41,65,65,19,19,43,0],"gold":37,"neow_bonus":"RANDOM_COMMON_RELIC","is_prod":false,"is_daily":false,"chose_seed":false,"campfire_upgraded":5,"win_rate":0,"timestamp":1540488481,"path_taken":["M","?","?","$","M","?","R","E","T","R","?","R","$","?","R","BOSS","M","?","M","$","?","R","M","E","T","$","?","M","?","M","R","BOSS","M","M","?","M","$","R","M","R","T","?","R","$","M","?","R","BOSS"],"build_version":"2018-10-18","purchased_purges":3,"victory":false,"max_hp_per_floor":[80,80,80,80,80,80,80,80,80,80,80,80,80,80,80,80,80,80,80,80,80,80,80,80,80,80,80,80,80,80,80,80,80,80,80,80,80,80,80,80,80,80,80,80,80,80,80,80,80,80],"card_choices":[{"not_picked":["Havoc","Headbutt"],"picked":"Twin Strike","floor":1.0},{"not_picked":["Body Slam","Intimidate","Clash"],"picked":"SKIP","floor":5.0},{"not_picked":["Rage","Thunderclap"],"picked":"Battle Trance","floor":8.0},{"not_picked":["Twin Strike","Fire Breathing"],"picked":"Pummel","floor":11.0},{"not_picked":["Iron Wave","Hemokinesis"],"picked":"True Grit","floor":14.0},{"not_picked":["Exhume","Impervious"],"picked":"Demon Form","floor":16.0},{"not_picked":["Thunderclap+1","Body Slam"],"picked":"Iron Wave+1","floor":18.0},{"not_picked":["Burning Pact","Rage+1"],"picked":"Whirlwind","floor":19.0},{"not_picked":["Flame Barrier","Havoc"],"picked":"Pommel Strike+1","floor":20.0},{"not_picked":["Flex+1","Perfected Strike"],"picked":"Twin Strike+1","floor":24.0},{"not_picked":["Feed","Dual Wield"],"picked":"Heavy Blade","floor":25.0},{"not_picked":["Havoc+1","Power Through"],"picked":"Pummel","floor":29.0},{"not_picked":["Blood for Blood","Pommel Strike+1"],"picked":"Iron Wave+1","floor":30.0},{"not_picked":["Feel No Pain","Headbutt","Twin Strike+1"],"picked":"SKIP","floor":31.0},{"not_picked":["Reaper","Fiend Fire"],"picked":"Double Tap","floor":33.0},{"not_picked":["Searing Blow+1","Warcry"],"picked":"Shrug It Off+1","floor":35.0},{"not_picked":["Armaments","Shrug It Off","Cleave"],"picked":"SKIP","floor":36.0},{"not_picked":["Clothesline+1","Corruption+1"],"picked":"Dual Wield+1","floor":37.0},{"not_picked":["Flame Barrier+1","Warcry+1","Rampage"],"picked":"SKIP","floor":38},{"not_picked":["Rupture","Headbutt","Anger+1"],"picked":"SKIP","floor":41},{"not_picked":["Anger+1","Heavy Blade","Flex+1"],"picked":"SKIP","floor":44},{"not_picked":["Iron Wave","Thunderclap","Perfected Strike"],"picked":"SKIP","floor":47}],"player_experience":274596,"relics_obtained":[{"floor":8.0,"key":"Lantern"},{"floor":9.0,"key":"Champion Belt"},{"floor":19.0,"key":"Red Mask"},{"floor":25.0,"key":"Old Coin"},{"floor":26.0,"key":"Shuriken"},{"floor":28.0,"key":"Nilry\u0027s Codex"},{"floor":37.0,"key":"Ginger"},{"floor":43,"key":"Omamori"}],"event_choices":[{"damage_healed":0.0,"max_hp_gain":0.0,"max_hp_loss":0.0,"gold_gain":0.0,"event_name":"Golden Idol","player_choice":"Take Damage","floor":2.0,"gold_loss":0.0,"damage_taken":20.0,"relics_obtained":["Golden Idol"]},{"damage_healed":0.0,"max_hp_gain":0.0,"max_hp_loss":0.0,"gold_gain":75.0,"event_name":"World of Goop","player_choice":"Gather Gold","floor":3.0,"gold_loss":0.0,"damage_taken":11.0},{"damage_healed":20.0,"max_hp_gain":0.0,"max_hp_loss":0.0,"gold_gain":0.0,"event_name":"The Cleric","player_choice":"Healed","floor":6.0,"gold_loss":35.0,"damage_taken":0.0},{"damage_healed":0.0,"max_hp_gain":0.0,"max_hp_loss":0.0,"gold_gain":0.0,"event_name":"Masked Bandits","player_choice":"Fought Bandits","floor":19.0,"gold_loss":0.0,"damage_taken":0.0},{"damage_healed":0.0,"max_hp_gain":0.0,"max_hp_loss":0.0,"gold_gain":0.0,"event_name":"Forgotten Altar","player_choice":"Gave Idol","floor":22.0,"relics_lost":["Golden Idol"],"gold_loss":0.0,"damage_taken":0.0,"relics_obtained":["Bloody Idol"]},{"damage_healed":0.0,"max_hp_gain":0.0,"max_hp_loss":0.0,"gold_gain":0.0,"event_name":"Cursed Tome","player_choice":"Obtained Book","floor":28.0,"gold_loss":0.0,"damage_taken":16.0},{"damage_healed":0.0,"max_hp_gain":0.0,"max_hp_loss":0.0,"gold_gain":0.0,"event_name":"MindBloom","player_choice":"Fight","floor":37.0,"gold_loss":0.0,"damage_taken":0.0},{"damage_healed":0,"gold_gain":0,"player_choice":"Ignored","damage_taken":0,"max_hp_gain":0,"max_hp_loss":0,"event_name":"Mysterious Sphere","floor":48,"gold_loss":0}],"is_beta":false,"boss_relics":[{"not_picked":["Coffee Dripper","Astrolabe"],"picked":"Philosopher\u0027s Stone"},{"not_picked":["Black Star","Snecko Eye"],"picked":"Pandora\u0027s Box"}],"items_purged_floors":[4,21,39],"is_endless":false,"potions_floor_spawned":[8,11,16,20,25,29,30,44],"killed_by":"Awakened One","ascension_level":4}