{"gold_per_floor":[16,30,46,65,85,85,111,111,111,31,31,47,47,62,62,62],"floor_reached":16,"playtime":661,"items_purged":[],"score":182,"play_id":"006ee9e2-a882-4055-85d8-74f5f1152518","local_time":"20190202232234","is_ascension_mode":true,"campfire_choices":[{"data":"Neutralize","floor":6,"key":"SMITH"},{"floor":8,"key":"REST"},{"data":"Noxious Fumes","floor":11,"key":"SMITH"},{"data":"Flechettes","floor":15,"key":"SMITH"}],"neow_cost":"NO_GOLD","seed_source_timestamp":794206281277100,"circlet_count":0,"master_deck":["AscendersBane","Defend_G","Defend_G","Defend_G","Defend_G","Defend_G","Strike_G","Strike_G","Strike_G","Strike_G","Strike_G","Survivor","Neutralize+1","Leg Sweep","Flying Knee","Crippling Poison","Slice","Blur","Noxious Fumes+1","Noxious Fumes+1","Acrobatics","Flechettes+1"],"special_seed":0,"relics":["Ring of the Snake","Regal Pillow","Gremlin Horn"],"potions_floor_usage":[5,7],"damage_taken":[{"damage":12,"enemies":"Jaw Worm","floor":1,"turns":9},{"damage":3,"enemies":"Cultist","floor":2,"turns":4},{"damage":0,"enemies":"Small Slimes","floor":3,"turns":5},{"damage":5,"enemies":"3 Louse","floor":4,"turns":5},{"damage":7,"enemies":"Red Slaver","floor":5,"turns":4},{"damage":37,"enemies":"3 Sentries","floor":7,"turns":15},{"damage":3,"enemies":"Exordium Wildlife","floor":12,"turns":3},{"damage":4,"enemies":"Large Slime","floor":14,"turns":6},{"damage":40,"enemies":"Slime Boss","floor":16,"turns":9}],"seed_played":"4450576276105983274","potions_obtained":[{"floor":1,"key":"Swift Potion"},{"floor":2,"key":"SkillPotion"}],"is_trial":false,"path_per_floor":["M","M","M","M","M","R","E","R","T","$","R","M","?","M","R","B"],"character_chosen":"THE_SILENT","items_purchased":["Noxious Fumes"],"campfire_rested":1,"item_purchase_floors":[10],"current_hp_per_floor":[59,56,56,51,44,44,7,45,45,45,45,42,42,38,38,0],"gold":62,"neow_bonus":"TWENTY_PERCENT_HP_BONUS","is_prod":false,"is_daily":false,"chose_seed":false,"campfire_upgraded":3,"win_rate":0,"timestamp":1549120954,"path_taken":["M","M","M","M","M","R","E","R","T","$","R","M","?","M","R","BOSS"],"build_version":"2019-01-23","purchased_purges":0,"victory":false,"max_hp_per_floor":[78,78,78,78,78,78,78,78,78,78,78,78,78,78,78,78],"card_choices":[{"not_picked":["Expertise","Dagger Spray"],"picked":"Leg Sweep","floor":1},{"not_picked":["Underhanded Strike","Leg Sweep"],"picked":"Flying Knee","floor":2},{"not_picked":["Acrobatics","Underhanded Strike"],"picked":"Crippling Poison","floor":3},{"not_picked":["Bane","Finisher"],"picked":"Slice","floor":4},{"not_picked":["Poisoned Stab","Dodge and Roll"],"picked":"Blur","floor":5},{"not_picked":["Quick Slash","Distraction"],"picked":"Noxious Fumes","floor":7},{"not_picked":["All Out Attack","Deflect"],"picked":"Acrobatics","floor":12},{"not_picked":["Blade Dance","Expertise"],"picked":"Flechettes","floor":14}],"player_experience":689294,"relics_obtained":[{"floor":7,"key":"Regal Pillow"},{"floor":9,"key":"Gremlin Horn"}],"event_choices":[{"damage_healed":0,"gold_gain":0,"player_choice":"Forge","damage_taken":0,"max_hp_gain":0,"max_hp_loss":0,"event_name":"Accursed Blacksmith","floor":13,"gold_loss":0,"cards_upgraded":["Noxious Fumes"]}],"is_beta":false,"boss_relics":[],"items_purged_floors":[],"is_endless":false,"potions_floor_spawned":[1,2,4],"killed_by":"Slime Boss","ascension_level":15}