{"gold_per_floor":[214,214,234,74,85,85,260,260,260,160,177,177,193,207,207,311,311,328,354,70,70,84,84,84,84,84,95,95,107,107,107,107,206,206,222,222,233,31,31],"floor_reached":39,"playtime":2376,"items_purged":["Strike_R","Doubt","Strike_R","Strike_R"],"score":512,"play_id":"e6c2334f-b810-4a50-9aaa-f50a6b63b08e","local_time":"20190125012940","is_ascension_mode":true,"campfire_choices":[{"data":"Searing Blow","floor":6.0,"key":"SMITH"},{"data":"Searing Blow+1","floor":8.0,"key":"SMITH"},{"data":"Searing Blow+2","floor":12.0,"key":"SMITH"},{"data":"Searing Blow+3","floor":15.0,"key":"SMITH"},{"data":"Searing Blow+4","floor":23,"key":"SMITH"},{"data":"Searing Blow+5","floor":25,"key":"SMITH"},{"data":"Searing Blow+6","floor":30,"key":"SMITH"},{"data":"Searing Blow+7","floor":32,"key":"SMITH"}],"neow_cost":"NONE","seed_source_timestamp":87995737287797,"circlet_count":0,"master_deck":["Strike_R","Strike_R+1","Defend_R","Defend_R","Defend_R","Defend_R+1","Bash","Sword Boomerang","Searing Blow+8","Shockwave","Shrug It Off","Uppercut","Armaments","Double Tap","Shrug It Off","Armaments","Bandage Up","Shrug It Off","Double Tap"],"special_seed":0,"relics":["Burning Blood","Bottled Flame","Philosopher\u0027s Stone","Red Mask","Dodecahedron","Champion Belt","Cursed Key"],"potions_floor_usage":[19,22,33],"damage_taken":[{"damage":3.0,"enemies":"Jaw Worm","floor":1.0,"turns":5.0},{"damage":1.0,"enemies":"Small Slimes","floor":3.0,"turns":3.0},{"damage":2.0,"enemies":"2 Louse","floor":5.0,"turns":3.0},{"damage":9.0,"enemies":"2 Fungi Beasts","floor":11.0,"turns":3.0},{"damage":8.0,"enemies":"Large Slime","floor":13.0,"turns":5.0},{"damage":8.0,"enemies":"Blue Slaver","floor":14.0,"turns":2.0},{"damage":39.0,"enemies":"Hexaghost","floor":16.0,"turns":9.0},{"damage":0,"enemies":"Spheric Guardian","floor":18,"turns":3},{"damage":11,"enemies":"Masked Bandits","floor":19,"turns":5},{"damage":15,"enemies":"Shell Parasite","floor":22,"turns":6},{"damage":0,"enemies":"Centurion and Healer","floor":27,"turns":5},{"damage":0,"enemies":"Snecko","floor":29,"turns":2},{"damage":66,"enemies":"Automaton","floor":33,"turns":10},{"damage":0,"enemies":"Orb Walker","floor":35,"turns":1},{"damage":81,"enemies":"3 Darklings","floor":37,"turns":13},{"damage":15,"enemies":"Spire Growth","floor":39,"turns":3}],"seed_played":"6554890337624677024","potions_obtained":[{"floor":1.0,"key":"Fruit Juice"},{"floor":5.0,"key":"BloodPotion"},{"floor":13.0,"key":"Energy Potion"},{"floor":19,"key":"SkillPotion"},{"floor":22,"key":"Strength Potion"}],"is_trial":false,"path_per_floor":["M","?","M","$","M","R","?","R","T","$","M","R","M","M","R","B",null,"M","?","$","?","M","R","$","R","T","M","?","M","R","?","R","B",null,"M","?","M","$","M"],"character_chosen":"IRONCLAD","items_purchased":["Shockwave","AttackPotion","Shrug It Off","Armaments","Bandage Up","Swift Potion"],"campfire_rested":0,"item_purchase_floors":[4,4,20,20,20,38],"current_hp_per_floor":[75,59,69,69,73,73,73,73,73,73,70,70,68,66,66,33,72,78,73,73,73,70,70,70,70,70,82,66,72,72,72,72,16,72,78,78,7,7,0],"gold":31,"neow_bonus":"HUNDRED_GOLD","is_prod":false,"is_daily":false,"chose_seed":false,"campfire_upgraded":8,"win_rate":0,"timestamp":1548408580,"path_taken":["M","?","M","$","M","R","?","R","T","$","M","R","M","M","R","BOSS","M","?","$","?","M","R","$","R","T","M","?","M","R","?","R","BOSS","M","?","M","$","M"],"build_version":"2019-01-23","purchased_purges":4,"victory":false,"max_hp_per_floor":[80,80,85,85,85,85,85,85,85,85,85,85,85,85,85,85,85,85,85,85,85,85,85,85,85,85,85,90,90,90,90,90,90,90,90,90,90,90,90],"card_choices":[{"not_picked":["Dropkick","Wild Strike"],"picked":"Sword Boomerang","floor":1.0},{"not_picked":["Thunderclap","Perfected Strike"],"picked":"Searing Blow","floor":3.0},{"not_picked":["Corruption","Havoc"],"picked":"Shrug It Off","floor":5.0},{"not_picked":["Ghostly Armor","Flex"],"picked":"Uppercut","floor":11.0},{"not_picked":["Twin Strike","Power Through"],"picked":"Armaments","floor":13.0},{"not_picked":["Reckless Charge","Dual Wield","Havoc"],"picked":"SKIP","floor":14.0},{"not_picked":["Offering","Reaper"],"picked":"Double Tap","floor":16.0},{"not_picked":["Sword Boomerang","Dual Wield","Rage+1"],"picked":"SKIP","floor":18},{"not_picked":["Shockwave","Iron Wave+1"],"picked":"Shrug It Off","floor":22},{"not_picked":["Second Wind","Combust","Seeing Red"],"picked":"SKIP","floor":27},{"not_picked":["Pommel Strike+1","Metallicize+1","Sentinel"],"picked":"SKIP","floor":29},{"not_picked":["Berserk","Limit Break"],"picked":"Double Tap","floor":33},{"not_picked":["Iron Wave","Searing Blow","Body Slam"],"picked":"SKIP","floor":35},{"not_picked":["Havoc+1","Sword Boomerang","Thunderclap+1"],"picked":"SKIP","floor":37}],"player_experience":372403,"relics_obtained":[{"floor":9.0,"key":"Bottled Flame"},{"floor":19,"key":"Red Mask"},{"floor":26,"key":"Dodecahedron"}],"event_choices":[{"damage_healed":0.0,"max_hp_gain":0.0,"max_hp_loss":0.0,"gold_gain":0.0,"event_name":"Shining Light","player_choice":"Entered Light","floor":2.0,"gold_loss":0.0,"damage_taken":16.0,"cards_upgraded":["Strike_R","Defend_R"]},{"damage_healed":0.0,"max_hp_gain":0.0,"max_hp_loss":0.0,"gold_gain":175.0,"event_name":"Liars Game","player_choice":"AGREE","floor":7.0,"gold_loss":0.0,"damage_taken":0.0,"cards_obtained":["Doubt"]},{"damage_healed":0,"gold_gain":0,"player_choice":"Fought Bandits","damage_taken":0,"max_hp_gain":0,"max_hp_loss":0,"event_name":"Masked Bandits","floor":19,"gold_loss":0},{"damage_healed":0,"gold_gain":0,"player_choice":"Ignored","damage_taken":0,"max_hp_gain":0,"max_hp_loss":0,"event_name":"Ghosts","floor":21,"gold_loss":0},{"damage_healed":0,"gold_gain":0,"player_choice":"Shed Blood","damage_taken":21,"max_hp_gain":5,"max_hp_loss":0,"event_name":"Forgotten Altar","floor":28,"gold_loss":0},{"damage_healed":0,"gold_gain":0,"player_choice":"Opened","damage_taken":0,"relics_obtained":["Champion Belt"],"max_hp_gain":0,"max_hp_loss":0,"event_name":"The Mausoleum","floor":31,"gold_loss":0},{"damage_healed":0,"gold_gain":0,"player_choice":"Ignored","damage_taken":0,"max_hp_gain":0,"max_hp_loss":0,"event_name":"Tomb of Lord Red Mask","floor":36,"gold_loss":0}],"is_beta":false,"boss_relics":[{"not_picked":["Busted Crown","Lizard Tail"],"picked":"Philosopher\u0027s Stone"},{"not_picked":["Pandora\u0027s Box","Astrolabe"],"picked":"Cursed Key"}],"items_purged_floors":[4,10,20,38],"is_endless":false,"potions_floor_spawned":[1,5,13,16,19,22,29],"killed_by":"Spire Growth","ascension_level":6}