{"gold_per_floor":[116,191,191,40,58,58,88,88,135,162,162,173,173,189,189,293,293,308,308,321,321,335,335,335,335,335,406,434,434,434,76,76,177,177,193,193,193,293,311,311,311,325,396,396,414,414,414,414,414,414],"floor_reached":51,"playtime":1681,"items_purged":["Defend_R"],"score":692,"play_id":"307375f7-de36-46ee-8486-9975ec561d6e","local_time":"20190228165726","is_ascension_mode":false,"campfire_choices":[{"data":"Strike_R","floor":6.0,"key":"PURGE"},{"data":"Cleave","floor":8.0,"key":"SMITH"},{"data":"Strike_R","floor":13.0,"key":"PURGE"},{"data":"Uppercut","floor":15.0,"key":"SMITH"},{"data":"Pain","floor":23.0,"key":"PURGE"},{"data":"Strike_R","floor":25.0,"key":"PURGE"},{"floor":30.0,"key":"REST"},{"data":"Defend_R","floor":32.0,"key":"PURGE"},{"floor":40,"key":"REST"},{"data":"Bash","floor":41,"key":"PURGE"},{"floor":44,"key":"REST"},{"data":"Bludgeon","floor":47,"key":"SMITH"},{"data":"Offering","floor":49,"key":"SMITH"}],"neow_cost":"NONE","seed_source_timestamp":1112867825614202,"circlet_count":0,"master_deck":["Iron Wave","Cleave+1","Iron Wave","Headbutt","Uppercut+1","Offering+1","Intimidate+1","Warcry","Battle Trance+1","Flex+1","Bludgeon+1","Havoc+1","Iron Wave+1"],"special_seed":0,"relics":["Black Blood","NeowsBlessing","Peace Pipe","Vajra","Juzu Bracelet","Regal Pillow","PreservedInsect","WarpedTongs","Anchor","Toxic Egg 2","Happy Flower","MutagenicStrength","Meat on the Bone","Empty Cage","WingedGreaves","The Courier","Darkstone Periapt"],"potions_floor_usage":[50,50],"damage_taken":[{"damage":0.0,"enemies":"Jaw Worm","floor":1.0,"turns":1.0},{"damage":0.0,"enemies":"2 Louse","floor":5.0,"turns":1.0},{"damage":0.0,"enemies":"Lagavulin","floor":7.0,"turns":1.0},{"damage":8.0,"enemies":"3 Sentries","floor":10.0,"turns":5.0},{"damage":1.0,"enemies":"Cultist","floor":12.0,"turns":3.0},{"damage":2.0,"enemies":"Blue Slaver","floor":14.0,"turns":3.0},{"damage":44.0,"enemies":"Hexaghost","floor":16.0,"turns":8.0},{"damage":19.0,"enemies":"2 Thieves","floor":18.0,"turns":5.0},{"damage":11.0,"enemies":"Shell Parasite","floor":20.0,"turns":4.0},{"damage":25.0,"enemies":"Snecko","floor":22.0,"turns":5.0},{"damage":37.0,"enemies":"Gremlin Leader","floor":28.0,"turns":5.0},{"damage":57.0,"enemies":"Champ","floor":33.0,"turns":9.0},{"damage":7,"enemies":"3 Shapes","floor":35,"turns":3},{"damage":14,"enemies":"Mind Bloom Boss Battle","floor":38,"turns":6},{"damage":15,"enemies":"3 Darklings","floor":39,"turns":3},{"damage":30,"enemies":"Sphere and 2 Shapes","floor":42,"turns":3},{"damage":6,"enemies":"Spire Growth","floor":45,"turns":2},{"damage":111,"enemies":"Time Eater","floor":50,"turns":11}],"seed_played":"-4542629926084923414","potions_obtained":[{"floor":5.0,"key":"SteroidPotion"},{"floor":10.0,"key":"FairyPotion"},{"floor":12.0,"key":"GamblersBrew"},{"floor":14.0,"key":"Strength Potion"},{"floor":20.0,"key":"Poison Potion"},{"floor":28.0,"key":"EssenceOfSteel"},{"floor":33.0,"key":"Block Potion"},{"floor":38,"key":"FearPotion"}],"is_trial":false,"path_per_floor":["M","?","?","$","M","R","E","R","T","E","?","M","R","M","R","B",null,"M","?","M","?","M","R","?","R","T","T","E","?","R","$","R","B",null,"M","?","?","?","M","R","R","M","T","R","M","T","R","?","R","B",null],"character_chosen":"IRONCLAD","items_purchased":["Vajra","Flex+1","Meat on the Bone"],"campfire_rested":3,"item_purchase_floors":[4,31,31],"current_hp_per_floor":[80,69,69,69,75,75,80,80,80,78,78,80,80,80,80,42,80,71,71,70,70,55,55,80,80,80,80,53,53,80,80,80,45,80,80,80,76,72,67,76,76,56,56,76,76,76,76,76,76,29],"gold":414,"neow_bonus":"THREE_ENEMY_KILL","is_prod":false,"is_daily":false,"chose_seed":false,"campfire_upgraded":4,"win_rate":0,"timestamp":1551351446,"path_taken":["M","?","?","$","?","R","E","R","T","E","?","M","R","M","R","BOSS","M","?","M","?","M","R","?","R","T","?","E","?","R","$","R","BOSS","M","?","?","?","M","R","R","M","T","R","M","?","R","?","R","BOSS"],"build_version":"2019-01-23","purchased_purges":1,"victory":true,"max_hp_per_floor":[80,80,80,80,80,80,80,80,80,80,80,80,80,80,80,80,80,80,80,80,80,80,80,80,80,80,80,80,80,80,80,80,80,80,80,80,76,76,76,76,76,76,76,76,76,76,76,76,76,76],"card_choices":[{"not_picked":["Twin Strike","Metallicize"],"picked":"Flex","floor":1.0},{"not_picked":["Havoc","Body Slam"],"picked":"Iron Wave","floor":5.0},{"not_picked":["Anger","Dark Embrace"],"picked":"Cleave","floor":7.0},{"not_picked":["Body Slam","Warcry"],"picked":"Iron Wave","floor":10.0},{"not_picked":["Armaments","Infernal Blade"],"picked":"Headbutt","floor":12.0},{"not_picked":["Shrug It Off","Anger"],"picked":"Uppercut","floor":14.0},{"not_picked":["Double Tap","Limit Break"],"picked":"Offering","floor":16.0},{"not_picked":["Infernal Blade","Thunderclap","Ghostly Armor"],"picked":"SKIP","floor":18.0},{"not_picked":["Clash","Hemokinesis+1"],"picked":"Intimidate+1","floor":20.0},{"not_picked":["Cleave","Shrug It Off"],"picked":"Warcry","floor":22.0},{"not_picked":["Clash","Carnage"],"picked":"Battle Trance+1","floor":28.0},{"not_picked":["Immolate","Impervious+1"],"picked":"Bludgeon","floor":33.0},{"not_picked":["Twin Strike+1","Pommel Strike+1","Perfected Strike"],"picked":"SKIP","floor":35},{"not_picked":["Burning Pact+1","Pommel Strike","Feel No Pain"],"picked":"SKIP","floor":39},{"not_picked":["Twin Strike+1","Disarm+1"],"picked":"Havoc+1","floor":42},{"not_picked":["Perfected Strike","Warcry+1"],"picked":"Iron Wave+1","floor":45}],"player_experience":917941,"relics_obtained":[{"floor":7.0,"key":"Juzu Bracelet"},{"floor":9.0,"key":"Regal Pillow"},{"floor":10.0,"key":"PreservedInsect"},{"floor":26.0,"key":"Anchor"},{"floor":27.0,"key":"Toxic Egg 2"},{"floor":28.0,"key":"Happy Flower"},{"floor":38,"key":"WingedGreaves"},{"floor":43,"key":"The Courier"},{"floor":46,"key":"Darkstone Periapt"}],"event_choices":[{"damage_healed":0.0,"max_hp_gain":0.0,"max_hp_loss":0.0,"gold_gain":75.0,"event_name":"World of Goop","player_choice":"Gather Gold","floor":2.0,"gold_loss":0.0,"damage_taken":11.0},{"cards_removed":["Flex"],"damage_healed":0.0,"max_hp_gain":0.0,"max_hp_loss":0.0,"gold_gain":0.0,"event_name":"WeMeetAgain","player_choice":"Gave Card","floor":3.0,"gold_loss":0.0,"damage_taken":0.0,"relics_obtained":["Peace Pipe"]},{"cards_removed":["Strike_R"],"damage_healed":0.0,"max_hp_gain":0.0,"max_hp_loss":0.0,"gold_gain":0.0,"event_name":"Living Wall","player_choice":"Forget","floor":11.0,"gold_loss":0.0,"damage_taken":0.0},{"cards_removed":["Strike_R"],"damage_healed":0.0,"max_hp_gain":0.0,"max_hp_loss":0.0,"gold_gain":0.0,"event_name":"Purifier","player_choice":"Purged","floor":19.0,"gold_loss":0.0,"damage_taken":0.0},{"damage_healed":0.0,"max_hp_gain":0.0,"max_hp_loss":0.0,"gold_gain":0.0,"event_name":"Accursed Blacksmith","player_choice":"Rummage","floor":21.0,"gold_loss":0.0,"damage_taken":0.0,"relics_obtained":["WarpedTongs"],"cards_obtained":["Pain"]},{"damage_healed":26.0,"max_hp_gain":0.0,"max_hp_loss":0.0,"gold_gain":0.0,"event_name":"The Library","player_choice":"Heal","floor":24.0,"gold_loss":0.0,"damage_taken":0.0},{"damage_healed":0.0,"max_hp_gain":0.0,"max_hp_loss":0.0,"gold_gain":0.0,"event_name":"Drug Dealer","player_choice":"Inject Mutagens","floor":29.0,"gold_loss":0.0,"damage_taken":0.0,"relics_obtained":["MutagenicStrength"]},{"damage_healed":0,"gold_gain":0,"player_choice":"Bought 0 Potions","damage_taken":0,"max_hp_gain":0,"max_hp_loss":0,"event_name":"The Woman in Blue","floor":36,"gold_loss":0},{"damage_healed":0,"gold_gain":0,"player_choice":"Max HP","damage_taken":0,"max_hp_gain":0,"max_hp_loss":4,"event_name":"Winding Halls","floor":37,"gold_loss":0},{"damage_healed":0,"gold_gain":0,"player_choice":"Fight","damage_taken":0,"max_hp_gain":0,"max_hp_loss":0,"event_name":"MindBloom","floor":38,"gold_loss":0},{"damage_healed":0,"gold_gain":0,"player_choice":"Ignored","damage_taken":0,"max_hp_gain":0,"max_hp_loss":0,"event_name":"Mysterious Sphere","floor":48,"gold_loss":0}],"is_beta":false,"boss_relics":[{"not_picked":["Tiny House","White Beast Statue"],"picked":"Black Blood"},{"not_picked":["Fusion Hammer","Pandora\u0027s Box"],"picked":"Empty Cage"}],"items_purged_floors":[31],"is_endless":false,"potions_floor_spawned":[5,10,12,14,20,28,33,38,42,45],"ascension_level":0}