{"gold_per_floor":[119,44,44,44,44,44,44,44,44,62,62,76,92,110,110,110],"floor_reached":16,"playtime":706,"items_purged":["Defend_G"],"score":95,"play_id":"4247770d-81ef-4d1f-b8f5-e71df9d09db7","local_time":"20181115162826","is_ascension_mode":true,"campfire_choices":[{"data":"Neutralize","floor":6,"key":"SMITH"},{"data":"Survivor","floor":8,"key":"SMITH"},{"data":"Well Laid Plans","floor":11,"key":"SMITH"},{"floor":15,"key":"REST"}],"neow_cost":"NONE","seed_source_timestamp":84496263623538,"circlet_count":0,"master_deck":["Defend_G","Defend_G","Defend_G","Defend_G","Strike_G","Strike_G","Strike_G","Strike_G","Strike_G","Survivor+1","Neutralize+1","Well Laid Plans+1","Blur","Well Laid Plans"],"relics":["Ring of the Snake","NeowsBlessing","Golden Idol","Ancient Tea Set"],"potions_floor_usage":[16],"damage_taken":[{"damage":0,"enemies":"Cultist","floor":1,"turns":1},{"damage":0,"enemies":"2 Louse","floor":10,"turns":1},{"damage":0,"enemies":"Jaw Worm","floor":12,"turns":1},{"damage":3,"enemies":"Large Slime","floor":13,"turns":9},{"damage":7,"enemies":"Looter","floor":14,"turns":4},{"damage":76,"enemies":"Slime Boss","floor":16,"turns":20}],"seed_played":"-2696912804393009305","potions_obtained":[{"floor":10,"key":"Block Potion"}],"is_trial":false,"path_per_floor":["M","$","?","?","$","R","?","R","T","M","R","M","M","M","R","B"],"character_chosen":"THE_SILENT","items_purchased":[],"campfire_rested":1,"item_purchase_floors":[],"current_hp_per_floor":[70,70,53,53,53,53,58,58,58,58,58,58,55,48,70,0],"gold":110,"neow_bonus":"THREE_ENEMY_KILL","is_prod":false,"is_daily":false,"chose_seed":false,"campfire_upgraded":3,"win_rate":0,"timestamp":1542320906,"path_taken":["M","$","?","?","$","R","?","R","T","M","R","M","M","M","R","BOSS"],"build_version":"2018-11-08","purchased_purges":1,"victory":false,"max_hp_per_floor":[70,70,70,70,70,70,75,75,75,75,75,75,75,75,75,75],"card_choices":[{"not_picked":["Bane","Outmaneuver","Slice"],"picked":"SKIP","floor":1},{"not_picked":["Reflex","Distraction"],"picked":"Well Laid Plans","floor":10},{"not_picked":["Well Laid Plans","Masterful Stab"],"picked":"Blur","floor":12},{"not_picked":["Poisoned Stab","Acrobatics","Sucker Punch"],"picked":"SKIP","floor":13},{"not_picked":["Calculated Gamble","Deadly Poison"],"picked":"Well Laid Plans","floor":14}],"player_experience":227837,"relics_obtained":[{"floor":9,"key":"Ancient Tea Set"}],"event_choices":[{"damage_healed":0,"gold_gain":0,"player_choice":"Take Damage","damage_taken":17,"relics_obtained":["Golden Idol"],"max_hp_gain":0,"max_hp_loss":0,"event_name":"Golden Idol","floor":3,"gold_loss":0},{"damage_healed":0,"gold_gain":0,"player_choice":"Leave","damage_taken":0,"max_hp_gain":0,"max_hp_loss":0,"event_name":"The Cleric","floor":4,"gold_loss":0},{"damage_healed":0,"gold_gain":0,"player_choice":"Donut","damage_taken":0,"max_hp_gain":5,"max_hp_loss":0,"event_name":"Big Fish","floor":7,"gold_loss":0}],"is_beta":false,"boss_relics":[],"items_purged_floors":[2],"is_endless":false,"potions_floor_spawned":[10],"killed_by":"Slime Boss","ascension_level":1}