{"gold_per_floor":[119,119,119,137,137,137,201,219,219,242,317,317],"floor_reached":12,"playtime":250,"items_purged":[],"score":197,"play_id":"862d105a-ee17-4ea7-9fb8-278fe2e43cdb","local_time":"20181220201431","is_ascension_mode":true,"campfire_choices":[{"data":"Footwork","floor":6,"key":"SMITH"}],"neow_cost":"NONE","seed_source_timestamp":41306339626151,"circlet_count":0,"master_deck":["AscendersBane","Defend_G","Defend_G","Defend_G","Defend_G","Defend_G","Strike_G","Strike_G","Strike_G","Strike_G","Strike_G","Survivor","Neutralize","Footwork+1","Cloak And Dagger","Deflect","Leg Sweep"],"relics":["Ring of the Snake","NeowsBlessing","Ornamental Fan","Tiny Chest","Smiling Mask","Odd Mushroom"],"potions_floor_usage":[10,12],"damage_taken":[{"damage":0,"enemies":"Cultist","floor":1,"turns":1},{"damage":0,"enemies":"Small Slimes","floor":4,"turns":1},{"damage":0,"enemies":"Gremlin Nob","floor":7,"turns":1},{"damage":0,"enemies":"Jaw Worm","floor":8,"turns":7},{"damage":0,"enemies":"The Mushroom Lair","floor":10,"turns":3},{"damage":5,"enemies":"Lagavulin","floor":12,"turns":9}],"seed_played":"-4642500220651138589","potions_obtained":[{"floor":1,"key":"Swift Potion"},{"floor":4,"key":"SpeedPotion"},{"floor":7,"key":"AttackPotion"}],"is_trial":false,"path_per_floor":["M","$","T","M","$","R","E","M","T","?","?","E"],"character_chosen":"THE_SILENT","items_purchased":[],"campfire_rested":0,"item_purchase_floors":[],"current_hp_per_floor":[59,59,59,59,59,59,59,59,59,59,48,43],"gold":317,"neow_bonus":"THREE_ENEMY_KILL","is_prod":false,"is_daily":false,"chose_seed":false,"campfire_upgraded":1,"win_rate":0,"timestamp":1545333271,"path_taken":["M","$","?","?","?","R","E","M","T","?","?","E"],"build_version":"2018-12-19","purchased_purges":0,"victory":false,"max_hp_per_floor":[66,66,66,66,66,66,66,66,66,66,66,66],"card_choices":[{"not_picked":["Outmaneuver","Bane"],"picked":"Footwork","floor":1},{"not_picked":["Riddle With Holes","PiercingWail"],"picked":"Cloak And Dagger","floor":4},{"not_picked":["Underhanded Strike","Acrobatics","Choke"],"picked":"SKIP","floor":7},{"not_picked":["Outmaneuver","Setup"],"picked":"Deflect","floor":8},{"not_picked":["Predator","Deadly Poison"],"picked":"Leg Sweep","floor":10}],"player_experience":846963,"relics_obtained":[{"floor":3,"key":"Ornamental Fan"},{"floor":7,"key":"Tiny Chest"},{"floor":9,"key":"Smiling Mask"},{"floor":10,"key":"Odd Mushroom"}],"event_choices":[{"damage_healed":0,"gold_gain":0,"player_choice":"Fought Mushrooms","damage_taken":0,"max_hp_gain":0,"max_hp_loss":0,"event_name":"Mushrooms","floor":10,"gold_loss":0},{"damage_healed":0,"gold_gain":75,"player_choice":"Gather Gold","damage_taken":11,"max_hp_gain":0,"max_hp_loss":0,"event_name":"World of Goop","floor":11,"gold_loss":0}],"is_beta":true,"boss_relics":[],"items_purged_floors":[],"is_endless":false,"potions_floor_spawned":[1,4,7],"killed_by":"Lagavulin","ascension_level":19}