{"gold_per_floor":[415,430,241,241,241,241,285,285,312,324,336,373,385,420,432,575,587,618,630,642,665,523,523,537,462,510,537,537,151,209,229,229,333,333,345,38,38,15,32,32,64,64,64,82,82,95,111,128,128,128],"floor_reached":51,"playtime":6066,"items_purged":["Strike_B","Defend_B","Defend_B","Strike_B"],"score":738,"play_id":"5d2ef584-8960-4c16-83a2-bad4f1ea2e36","local_time":"20181023123844","is_ascension_mode":false,"campfire_choices":[{"floor":6,"key":"REST"},{"data":"Undo","floor":8,"key":"SMITH"},{"data":"Loop","floor":10,"key":"SMITH"},{"data":"Redo","floor":13,"key":"SMITH"},{"floor":15,"key":"REST"},{"data":"Defragment","floor":23,"key":"SMITH"},{"data":"Go for the Eyes","floor":32,"key":"SMITH"},{"data":"Amplify","floor":40,"key":"SMITH"},{"data":"Rainbow","floor":42,"key":"SMITH"},{"data":"Redo","floor":45,"key":"SMITH"},{"floor":49,"key":"REST"}],"neow_cost":"PERCENT_DAMAGE","seed_source_timestamp":0,"circlet_count":0,"master_deck":["Strike_B","Strike_B","Defend_B+1","Zap","Dualcast","Glacier+1","Hologram","Undo+1","Loop+1","Capacitor","Redo+1","Go for the Eyes+1","Rainbow+1","Defragment+1","Hologram+1","Beam Cell","White Noise+1","Electrodynamics","Sweeping Beam+1","Amplify+1","Ball Lightning","Barrage+1","Redo+1","Double Energy","Coolheaded+1"],"special_seed":0,"relics":["Cracked Core","Old Coin","Bloody Idol","Vajra","MawBank","Blood Vial","Nuclear Battery","Enchiridion","Omamori","Bag of Marbles","PreservedInsect","Matryoshka","Tiny Chest","Sozu","War Paint","Regal Pillow","Strawberry","Bottled Tornado","Bag of Preparation","Letter Opener"],"potions_floor_usage":[7,16,33,33,50],"damage_taken":[{"damage":1.0,"enemies":"Jaw Worm","floor":1.0,"turns":3.0},{"damage":7.0,"enemies":"Small Slimes","floor":2.0,"turns":4.0},{"damage":2,"enemies":"Lagavulin","floor":7,"turns":9},{"damage":7,"enemies":"Cultist","floor":12,"turns":4},{"damage":4,"enemies":"3 Louse","floor":14,"turns":5},{"damage":21,"enemies":"Hexaghost","floor":16,"turns":15},{"damage":5,"enemies":"Shell Parasite","floor":18,"turns":9},{"damage":10,"enemies":"Chosen","floor":21,"turns":4},{"damage":0,"enemies":"Snecko","floor":24,"turns":5},{"damage":16,"enemies":"Slavers","floor":27,"turns":5},{"damage":4,"enemies":"Book of Stabbing","floor":30,"turns":5},{"damage":1,"enemies":"Chosen and Byrds","floor":31,"turns":4},{"damage":0,"enemies":"Collector","floor":33,"turns":6},{"damage":0,"enemies":"3 Darklings","floor":35,"turns":2},{"damage":0,"enemies":"Orb Walker","floor":39,"turns":3},{"damage":13,"enemies":"Giant Head","floor":41,"turns":7},{"damage":0,"enemies":"Spire Growth","floor":44,"turns":4},{"damage":20,"enemies":"Maw","floor":46,"turns":7},{"damage":10,"enemies":"Writhing Mass","floor":47,"turns":4},{"damage":3,"enemies":"4 Shapes","floor":48,"turns":2},{"damage":23,"enemies":"Time Eater","floor":50,"turns":11}],"seed_played":"-8391221691049795791","potions_obtained":[{"floor":1.0,"key":"LiquidBronze"},{"floor":7,"key":"FocusPotion"},{"floor":24,"key":"Poison Potion"},{"floor":27,"key":"PowerPotion"},{"floor":31,"key":"Dexterity Potion"}],"is_trial":false,"path_per_floor":["M","M","$","?","?","R","E","R","T","R","?","M","R","M","R","B",null,"M","?","?","M","$","R","M","?","T","E","?","$","E","M","R","B",null,"M","$","T","$","M","R","E","R","T","M","R","M","M","M","R","B"],"character_chosen":"DEFECT","items_purchased":["Undo","Loop","Beam Cell","Matryoshka","War Paint","Ball Lightning"],"campfire_rested":3,"item_purchase_floors":[3,3,22,29,36,38],"current_hp_per_floor":[53,46,46,28,28,50,48,48,48,48,45,40,40,38,60,41,75,70,70,59,61,66,66,73,73,75,64,64,64,72,75,75,75,75,75,75,82,82,82,82,74,74,74,81,81,67,64,68,82,59],"gold":128,"neow_bonus":"ONE_RARE_RELIC","is_prod":false,"is_daily":false,"chose_seed":false,"campfire_upgraded":8,"win_rate":0.0,"timestamp":1540323524,"path_taken":["M","M","$","?","?","R","E","R","T","R","?","M","R","M","R","BOSS","M","?","?","M","$","R","M","?","T","E","?","$","E","M","R","BOSS","M","$","?","?","M","R","E","R","T","M","R","M","M","M","R","BOSS"],"build_version":"2018-10-18","purchased_purges":4,"victory":true,"max_hp_per_floor":[75,75,75,75,75,75,75,75,75,75,75,75,75,75,75,75,75,75,75,75,75,75,75,75,75,75,75,75,75,75,75,75,75,75,75,75,82,82,82,82,82,82,82,82,82,82,82,82,82,82],"card_choices":[{"not_picked":["Barrage","Heatsinks"],"picked":"Glacier","floor":1.0},{"not_picked":["Self Repair","Streamline"],"picked":"Hologram","floor":2.0},{"not_picked":["Tempest","Lockon"],"picked":"Capacitor","floor":7},{"not_picked":["Darkness","Coolheaded"],"picked":"Redo","floor":12},{"not_picked":["Rebound","Coolheaded"],"picked":"Go for the Eyes","floor":14},{"not_picked":["Biased Cognition","All For One"],"picked":"Rainbow","floor":16},{"not_picked":["Coolheaded+1","Static Discharge"],"picked":"Defragment","floor":18},{"not_picked":["Streamline","Gash"],"picked":"Hologram+1","floor":21},{"not_picked":["Beam Cell","Conserve Battery"],"picked":"White Noise+1","floor":24},{"not_picked":["White Noise","Coolheaded"],"picked":"Electrodynamics","floor":27},{"not_picked":["Stack","Static Discharge"],"picked":"Sweeping Beam+1","floor":30},{"not_picked":["Sweeping Beam","Cold Snap","Rebound"],"picked":"SKIP","floor":31},{"not_picked":["Electrodynamics","Echo Form"],"picked":"Amplify","floor":33},{"not_picked":["Beam Cell+1","Barrage","Melter"],"picked":"SKIP","floor":35},{"not_picked":["Beam Cell","Rebound","Cold Snap"],"picked":"SKIP","floor":39},{"not_picked":["Self Repair+1","Reboot"],"picked":"Barrage+1","floor":41},{"not_picked":["Leap","Barrage+1"],"picked":"Redo","floor":44},{"not_picked":["Go for the Eyes+1","Stack+1"],"picked":"Double Energy","floor":46},{"not_picked":["Aggregate+1","Rebound+1","Beam Cell"],"picked":"SKIP","floor":47},{"not_picked":["Hello World+1","Steam"],"picked":"Coolheaded+1","floor":48}],"player_experience":79603,"relics_obtained":[{"floor":7,"key":"Vajra"},{"floor":9,"key":"MawBank"},{"floor":20,"key":"Enchiridion"},{"floor":26,"key":"Omamori"},{"floor":27,"key":"Bag of Marbles"},{"floor":30,"key":"Tiny Chest"},{"floor":37,"key":"Regal Pillow"},{"floor":37,"key":"Strawberry"},{"floor":41,"key":"Bottled Tornado"},{"floor":43,"key":"Bag of Preparation"},{"floor":43,"key":"Letter Opener"}],"event_choices":[{"damage_healed":0,"gold_gain":0,"player_choice":"Take Damage","damage_taken":18,"relics_obtained":["Golden Idol"],"max_hp_gain":0,"max_hp_loss":0,"event_name":"Golden Idol","floor":4,"gold_loss":0},{"damage_healed":0,"gold_gain":0,"player_choice":"Ignored","damage_taken":0,"max_hp_gain":0,"max_hp_loss":0,"event_name":"Liars Game","floor":5,"gold_loss":0},{"damage_healed":0,"gold_gain":0,"player_choice":"Success","damage_taken":3,"relics_obtained":["Blood Vial"],"max_hp_gain":0,"max_hp_loss":0,"event_name":"Scrap Ooze","floor":11,"gold_loss":0},{"damage_healed":0,"gold_gain":0,"player_choice":"Gave Idol","damage_taken":0,"relics_obtained":["Bloody Idol"],"max_hp_gain":0,"max_hp_loss":0,"event_name":"Forgotten Altar","floor":19,"relics_lost":["Golden Idol"],"gold_loss":0},{"damage_healed":0,"gold_gain":0,"player_choice":"Obtained Book","damage_taken":16,"max_hp_gain":0,"max_hp_loss":0,"event_name":"Cursed Tome","floor":20,"gold_loss":0},{"cards_removed":["Defend_B"],"damage_healed":0,"gold_gain":0,"player_choice":"Gave Gold","damage_taken":0,"max_hp_gain":0,"max_hp_loss":0,"event_name":"Beggar","floor":25,"gold_loss":75},{"damage_healed":0,"gold_gain":0,"player_choice":"Opened","damage_taken":0,"relics_obtained":["PreservedInsect"],"max_hp_gain":0,"max_hp_loss":0,"event_name":"The Mausoleum","floor":28,"gold_loss":0}],"is_beta":false,"boss_relics":[{"not_picked":["Empty Cage","Black Star"],"picked":"Nuclear Battery"},{"not_picked":["Velvet Choker","Eternal Feather"],"picked":"Sozu"}],"items_purged_floors":[3,22,29,36],"is_endless":false,"potions_floor_spawned":[1,7,24,27,31,35,39,44],"ascension_level":0}