{"gold_per_floor":[113,113,263,263,20,64,64,64,64,64,108,123,147,181,181,181],"floor_reached":16,"playtime":443,"items_purged":["Regret"],"score":324,"play_id":"b312482b-06df-4ffd-aabe-7cd22233d284","local_time":"20181224105645","is_ascension_mode":true,"campfire_choices":[{"data":"Zap","floor":7.0,"key":"SMITH"},{"data":"Capacitor","floor":15,"key":"SMITH"}],"neow_cost":"NONE","seed_source_timestamp":6661240391365,"circlet_count":0,"master_deck":["AscendersBane","Strike_B","Strike_B","Strike_B","Strike_B","Defend_B","Defend_B","Defend_B","Defend_B","Zap+1","Dualcast+1","Cold Snap","Doubt","Compile Driver","Glacier","Chill","Capacitor+1"],"special_seed":0,"relics":["Cracked Core","NeowsBlessing","Golden Idol","Dream Catcher","PreservedInsect","Incense Burner","Potion Belt","Singing Bowl","Oddly Smooth Stone"],"potions_floor_usage":[12,16],"damage_taken":[{"damage":0.0,"enemies":"Small Slimes","floor":1.0,"turns":1.0},{"damage":0.0,"enemies":"Lagavulin","floor":6.0,"turns":1.0},{"damage":0.0,"enemies":"Gremlin Nob","floor":11.0,"turns":1.0},{"damage":0,"enemies":"2 Louse","floor":12,"turns":2},{"damage":0,"enemies":"Jaw Worm","floor":13,"turns":3},{"damage":9,"enemies":"3 Sentries","floor":14,"turns":7},{"damage":64,"enemies":"Hexaghost","floor":16,"turns":18}],"seed_played":"-8962911616735852184","potions_obtained":[{"floor":11.0,"key":"SteroidPotion"},{"floor":13,"key":"Weak Potion"}],"is_trial":false,"path_per_floor":["M","?","?","?","$","E","R","$","T","?","E","M","M","E","R","B"],"character_chosen":"DEFECT","items_purchased":["PreservedInsect"],"campfire_rested":0,"item_purchase_floors":[5],"current_hp_per_floor":[64,64,64,64,64,64,64,64,64,64,64,64,64,57,57,0],"gold":181,"neow_bonus":"THREE_ENEMY_KILL","is_prod":false,"is_daily":false,"chose_seed":false,"campfire_upgraded":2,"win_rate":0,"timestamp":1545645405,"path_taken":["M","?","?","?","$","E","R","?","T","?","E","M","?","E","R","BOSS"],"build_version":"2018-12-20","purchased_purges":1,"victory":false,"max_hp_per_floor":[71,64,64,64,64,64,64,64,64,64,64,64,64,66,66,66],"card_choices":[{"not_picked":["Static Discharge","Go for the Eyes"],"picked":"Cold Snap","floor":1.0},{"not_picked":["Doom and Gloom","Rebound"],"picked":"Compile Driver","floor":6.0},{"not_picked":["Fusion","Self Repair"],"picked":"Glacier","floor":11.0},{"not_picked":["Streamline","Conserve Battery"],"picked":"Chill","floor":12},{"not_picked":["Coolheaded","Beam Cell"],"picked":"Capacitor","floor":13},{"not_picked":["Sunder","Fusion","Chaos"],"picked":"Singing Bowl","floor":14}],"player_experience":866875,"relics_obtained":[{"floor":6.0,"key":"Incense Burner"},{"floor":9.0,"key":"Potion Belt"},{"floor":11.0,"key":"Singing Bowl"},{"floor":14,"key":"Oddly Smooth Stone"}],"event_choices":[{"damage_healed":0.0,"max_hp_gain":0.0,"max_hp_loss":7.0,"gold_gain":0.0,"event_name":"Golden Idol","player_choice":"Lose Max HP","floor":2.0,"gold_loss":0.0,"damage_taken":0.0,"relics_obtained":["Golden Idol"]},{"damage_healed":0.0,"max_hp_gain":0.0,"max_hp_loss":0.0,"gold_gain":150.0,"event_name":"Liars Game","player_choice":"AGREE","floor":3.0,"gold_loss":0.0,"damage_taken":0.0,"cards_obtained":["Doubt"]},{"damage_healed":0.0,"max_hp_gain":0.0,"max_hp_loss":0.0,"gold_gain":0.0,"event_name":"Big Fish","player_choice":"Box","floor":4.0,"gold_loss":0.0,"damage_taken":0.0,"relics_obtained":["Dream Catcher"],"cards_obtained":["Regret"]},{"damage_healed":0.0,"max_hp_gain":0.0,"max_hp_loss":0.0,"gold_gain":0.0,"event_name":"Living Wall","player_choice":"Grow","floor":10.0,"gold_loss":0.0,"damage_taken":0.0,"cards_upgraded":["Dualcast"]}],"is_beta":true,"boss_relics":[],"items_purged_floors":[5],"is_endless":false,"potions_floor_spawned":[11,13],"killed_by":"Hexaghost","ascension_level":19}