{"gold_per_floor":[217,217,292,292,305,336,336,368,368,368,393,404,422,454,454,454],"floor_reached":16,"playtime":1813,"items_purged":[],"score":134,"play_id":"6c7dbb82-89a6-4949-b68a-ff175dde80e1","local_time":"20180802232547","is_ascension_mode":true,"campfire_choices":[{"floor":7,"key":"REST"},{"floor":10,"key":"REST"},{"floor":15,"key":"REST"}],"neow_cost":"NONE","seed_source_timestamp":570977562199481,"circlet_count":0,"master_deck":["Strike_R","Strike_R","Strike_R","Strike_R","Defend_R","Defend_R","Defend_R","Defend_R","Bash","Cleave","Pommel Strike","Second Wind","Flex","Heavy Blade","Flex","Feel No Pain","Sever Soul"],"relics":["Burning Blood","Darkstone Periapt","Mango","Oddly Smooth Stone","Blood Vial","Regal Pillow","Orichalcum"],"potions_floor_usage":[6,13,14,16],"damage_taken":[{"damage":1,"enemies":"Small Slimes","floor":1,"turns":4},{"damage":1,"enemies":"Cultist","floor":5,"turns":4},{"damage":23,"enemies":"3 Sentries","floor":6,"turns":8},{"damage":64,"enemies":"Lagavulin","floor":8,"turns":9},{"damage":18,"enemies":"3 Sentries","floor":11,"turns":8},{"damage":3,"enemies":"2 Louse","floor":12,"turns":3},{"damage":7,"enemies":"Looter","floor":13,"turns":2},{"damage":36,"enemies":"Lagavulin","floor":14,"turns":8},{"damage":76,"enemies":"Slime Boss","floor":16,"turns":10}],"seed_played":"-8241161870701620781","potions_obtained":[{"floor":5,"key":"GamblersBrew"},{"floor":11,"key":"AttackPotion"},{"floor":12,"key":"Ancient Potion"},{"floor":13,"key":"Dexterity Potion"}],"is_trial":false,"path_per_floor":["M","?","?","?","M","E","R","E","T","R","E","M","M","E","R"],"character_chosen":"IRONCLAD","items_purchased":[],"campfire_rested":3,"item_purchase_floors":[],"current_hp_per_floor":[80,80,69,57,62,59,87,29,29,57,47,52,53,25,68,0],"gold":454,"neow_bonus":"HUNDRED_GOLD","is_prod":false,"is_daily":false,"chose_seed":false,"campfire_upgraded":0,"win_rate":0,"timestamp":1533277547,"path_taken":["M","?","?","?","M","E","R","E","T","R","E","M","M","E","R","BOSS"],"build_version":"2018-08-02","purchased_purges":0,"victory":false,"max_hp_per_floor":[80,80,80,80,80,94,94,94,94,94,94,94,94,94,94,94],"card_choices":[{"not_picked":["Headbutt","Iron Wave"],"picked":"Cleave","floor":1},{"not_picked":["Cleave","Headbutt"],"picked":"Pommel Strike","floor":5},{"not_picked":["Blood for Blood","Clash"],"picked":"Second Wind","floor":6},{"not_picked":["Clothesline","Ghostly Armor"],"picked":"Flex","floor":8},{"not_picked":["Headbutt","Fire Breathing"],"picked":"Heavy Blade","floor":11},{"not_picked":["Power Through","Bludgeon"],"picked":"Flex","floor":12},{"not_picked":["Twin Strike","Perfected Strike"],"picked":"Feel No Pain","floor":13},{"not_picked":["Heavy Blade","Warcry"],"picked":"Sever Soul","floor":14}],"player_experience":26813,"relics_obtained":[{"floor":6,"key":"Mango"},{"floor":8,"key":"Oddly Smooth Stone"},{"floor":9,"key":"Blood Vial"},{"floor":11,"key":"Regal Pillow"},{"floor":14,"key":"Orichalcum"}],"event_choices":[{"event_name":"Bonfire Elementals","player_choice":"BASIC","floor":2,"damage_taken":0},{"event_name":"World of Goop","player_choice":"Gather Gold","floor":3,"damage_taken":0},{"event_name":"Scrap Ooze","player_choice":"success","floor":4,"damage_taken":12}],"is_beta":false,"boss_relics":[],"items_purged_floors":[],"is_endless":false,"potions_floor_spawned":[5,11,12,13],"killed_by":"Slime Boss","ascension_level":1}