{"gold_per_floor":[109,124,143,42,42,75,91,91,91,91,104,104,122,137,137,236,236,250,250,250,269,194,194,219,233,256,256,266,281,66,77,77,180,180,199,218,218,229,24,24,58,74,74,74,90,90,100,177,177,177],"floor_reached":51,"playtime":6907,"items_purged":["Strike_R"],"score":678,"play_id":"1d0156c9-eb45-4ad9-9183-bd453b29be50","local_time":"20180726115933","is_ascension_mode":false,"campfire_choices":[{"floor":8,"key":"REST"},{"data":"Pommel Strike","floor":10,"key":"SMITH"},{"data":"Clothesline","floor":15,"key":"SMITH"},{"floor":23,"key":"REST"},{"floor":27,"key":"REST"},{"data":"Carnage","floor":32,"key":"SMITH"},{"data":"Anger","floor":40,"key":"SMITH"},{"floor":44,"key":"REST"},{"data":"Blood for Blood","floor":46,"key":"SMITH"},{"data":"Headbutt","floor":49,"key":"SMITH"}],"neow_cost":"","seed_source_timestamp":1070307575236345,"circlet_count":0,"master_deck":["Strike_R+1","Strike_R+1","Strike_R+1","Strike_R+1","Defend_R+1","Defend_R+1","Defend_R+1","Bash","Cleave","Pommel Strike+1","Shrug It Off","Headbutt","Sword Boomerang","Headbutt+1","Seeing Red+1","Blood for Blood+1","Clothesline+1","Reaper","Iron Wave","Inflame+1","Rupture","Bloodletting+1","Rage+1","Carnage+1","Offering","Warcry","Anger+1","Offering","Thunderclap","Anger","Madness","Madness","Dropkick+1","Blood for Blood","Anger","Rage+1","Inflame+1"],"relics":["Burning Blood","Happy Flower","Pantograph","Sozu","Bottled Tornado","War Paint","Runic Cube","Lee\u0027s Waffle","Bronze Scales","Bag of Preparation","Matryoshka"],"potions_floor_usage":[14],"damage_taken":[{"damage":21,"enemies":"Jaw Worm","floor":1,"turns":5},{"damage":5,"enemies":"Small Slimes","floor":2,"turns":4},{"damage":6,"enemies":"Cultist","floor":3,"turns":3},{"damage":17,"enemies":"3 Sentries","floor":6,"turns":6},{"damage":13,"enemies":"Large Slime","floor":7,"turns":6},{"damage":14,"enemies":"3 Louse","floor":11,"turns":3},{"damage":2,"enemies":"Looter","floor":13,"turns":3},{"damage":15,"enemies":"Large Slime","floor":14,"turns":5},{"damage":65,"enemies":"The Guardian","floor":16,"turns":10},{"damage":11,"enemies":"Spheric Guardian","floor":18,"turns":4},{"damage":22,"enemies":"Shell Parasite","floor":21,"turns":5},{"damage":67,"enemies":"Slavers","floor":24,"turns":5},{"damage":17,"enemies":"Cultist and Chosen","floor":25,"turns":4},{"damage":12,"enemies":"Snake Plant","floor":28,"turns":4},{"damage":20,"enemies":"Centurion and Healer","floor":29,"turns":4},{"damage":9,"enemies":"Snecko","floor":31,"turns":4},{"damage":60,"enemies":"Champ","floor":33,"turns":10},{"damage":17,"enemies":"3 Shapes","floor":35,"turns":2},{"damage":13,"enemies":"Orb Walker","floor":36,"turns":1},{"damage":41,"enemies":"Spire Growth","floor":38,"turns":4},{"damage":50,"enemies":"2 Orb Walkers","floor":41,"turns":3},{"damage":23,"enemies":"Sphere and 2 Shapes","floor":42,"turns":3},{"damage":7,"enemies":"Transient","floor":45,"turns":5},{"damage":5,"enemies":"Spire Growth","floor":47,"turns":3},{"damage":71,"enemies":"Awakened One","floor":50,"turns":9}],"seed_played":"-6318697770816885779","potions_obtained":[{"floor":1,"key":"Fire Potion"},{"floor":2,"key":"Dexterity Potion"},{"floor":6,"key":"SkillPotion"},{"floor":7,"key":"Strength Potion"}],"is_trial":false,"path_per_floor":["M","M","M","$","?","E","M","R","T","R","M","?","M","M","R","B",null,"M","?","?","M","?","R","E","M","T","R","M","M","$","M","R","B",null,"M","M","?","M","$","R","E","M","T","R","M","R","M","T","R","B"],"character_chosen":"IRONCLAD","items_purchased":["Headbutt","Offering","Warcry","Lee\u0027s Waffle"],"campfire_rested":4,"item_purchase_floors":[4,30,30,39],"current_hp_per_floor":[65,66,66,66,66,55,48,72,72,72,64,64,68,59,59,21,80,75,75,75,59,59,80,40,34,34,58,52,45,45,42,42,20,80,69,62,52,17,87,87,43,26,26,52,61,61,62,62,62,38],"gold":177,"neow_bonus":"","is_prod":false,"is_daily":false,"chose_seed":false,"campfire_upgraded":6,"win_rate":0.0,"timestamp":1532631573,"path_taken":["M","M","M","$","?","E","M","R","T","R","M","?","M","M","R","BOSS","M","?","?","M","?","R","E","?","T","R","M","M","$","M","R","BOSS","M","M","?","M","?","R","E","M","T","R","M","R","M","?","R","BOSS"],"build_version":"2018-07-19v2","purchased_purges":1,"victory":true,"max_hp_per_floor":[80,80,80,80,80,80,80,80,80,80,80,80,80,80,80,80,80,80,80,80,80,80,80,80,80,80,80,80,80,80,80,80,80,80,80,80,80,80,87,87,87,87,87,87,87,87,87,87,87,87],"card_choices":[{"not_picked":["Hemokinesis","Metallicize"],"picked":"Cleave","floor":1},{"not_picked":["Clash","Shrug It Off"],"picked":"Pommel Strike","floor":2},{"not_picked":["Battle Trance","Corruption"],"picked":"Shrug It Off","floor":3},{"not_picked":["Cleave","Shrug It Off"],"picked":"Sword Boomerang","floor":6},{"not_picked":["Fire Breathing","Infernal Blade"],"picked":"Headbutt","floor":7},{"not_picked":["Battle Trance","Feed"],"picked":"Seeing Red","floor":11},{"not_picked":["Sword Boomerang","Combust"],"picked":"Blood for Blood","floor":13},{"not_picked":["Armaments","True Grit"],"picked":"Clothesline","floor":14},{"not_picked":["Impervious","Dark Embrace"],"picked":"Reaper","floor":16},{"not_picked":["Fire Breathing","Clash+1"],"picked":"Iron Wave","floor":18},{"not_picked":["Pommel Strike","Feel No Pain"],"picked":"Inflame+1","floor":21},{"not_picked":["Shrug It Off","Warcry+1"],"picked":"Rupture","floor":24},{"not_picked":["Iron Wave","Reckless Charge"],"picked":"Bloodletting","floor":25},{"not_picked":["Body Slam+1","Perfected Strike"],"picked":"Rage+1","floor":28},{"not_picked":["Sword Boomerang","Barricade"],"picked":"Carnage","floor":29},{"not_picked":["Blood for Blood","Cleave"],"picked":"Anger","floor":31},{"not_picked":["Barricade","Berserk"],"picked":"Offering","floor":33},{"not_picked":["Carnage","Sever Soul"],"picked":"Thunderclap","floor":35},{"not_picked":["Cleave+1","Clothesline+1"],"picked":"Anger","floor":36},{"not_picked":["Entrench+1","Perfected Strike"],"picked":"Dropkick+1","floor":38},{"not_picked":["Entrench","Searing Blow+1"],"picked":"Blood for Blood","floor":41},{"not_picked":["Armaments+1","Clothesline+1"],"picked":"Anger","floor":42},{"not_picked":["Warcry","Shockwave+1"],"picked":"Rage+1","floor":45},{"not_picked":["Berserk","Headbutt+1"],"picked":"Inflame+1","floor":47}],"player_experience":0,"relics_obtained":[{"floor":6,"key":"Happy Flower"},{"floor":9,"key":"Pantograph"},{"floor":24,"key":"Bottled Tornado"},{"floor":26,"key":"War Paint"},{"floor":41,"key":"Bronze Scales"},{"floor":43,"key":"Bag of Preparation"},{"floor":48,"key":"Matryoshka"}],"event_choices":[{"event_name":"Liars Game","player_choice":"disagreed","floor":5,"damage_taken":0},{"event_name":"Dead Adventurer","player_choice":"Searched \u00270\u0027 times","floor":12,"damage_taken":0},{"event_name":"Back to Basics","player_choice":"Simplicity","floor":19,"damage_taken":0},{"event_name":"Addict","player_choice":"Ignored","floor":20,"damage_taken":0},{"event_name":"Beggar","player_choice":"Gave Gold","floor":22,"damage_taken":0},{"event_name":"Winding Halls","player_choice":"Embrace Madness","floor":37,"damage_taken":0}],"is_beta":false,"boss_relics":[{"not_picked":["Tiny House","Runic Dome"],"picked":"Sozu"},{"not_picked":["Snecko Eye","Calling Bell"],"picked":"Runic Cube"}],"items_purged_floors":[4],"is_endless":false,"potions_floor_spawned":[1,2,6,7,13,28,29,31,33,35,38,42,45,47],"ascension_level":0}