{"gold_per_floor":[14,28,46,46,46,46,66,99,99,165,185,185,61,80,80,183,183,202,52,152,6,20,20,50,50,62,89,101,113,125,37,37,134,134,147,160,160,160,160,160,112,112,137,168,185,209,209,224,224,224,224,224,40,74,74],"floor_reached":56,"playtime":3428,"items_purged":["Strike_R","Strike_R"],"score":1603,"play_id":"f296e32f-b5d4-4797-8fb4-275587e496a5","local_time":"20190222054936","is_ascension_mode":true,"campfire_choices":[{"floor":6,"key":"REST"},{"data":"Pommel Strike","floor":12,"key":"SMITH"},{"data":"Armaments","floor":15,"key":"SMITH"},{"data":"Inflame","floor":23,"key":"SMITH"},{"data":"Disarm","floor":28,"key":"SMITH"},{"data":"Spot Weakness","floor":30,"key":"SMITH"},{"floor":32,"key":"REST"},{"floor":40,"key":"RECALL"},{"data":"Berserk","floor":42,"key":"SMITH"},{"data":"Discovery","floor":49,"key":"SMITH"},{"data":"Flame Barrier","floor":52,"key":"SMITH"}],"neow_cost":"NO_GOLD","seed_source_timestamp":433358500547510,"circlet_count":0,"master_deck":["Defend_R","Defend_R","Defend_R","Bash","Carnage","Pommel Strike+1","Disarm+1","Flame Barrier+1","Offering","Armaments+1","Iron Wave","Reaper","Inflame+1","Shrug It Off","Battle Trance","Spot Weakness+1","Berserk+1","Spot Weakness+1","Intimidate+1","Sword Boomerang","Discovery+1","Flash of Steel","Disarm+1","Double Tap","Brutality+1"],"relics":["Burning Blood","Matryoshka","Letter Opener","Red Skull","Empty Cage","Vajra","Pocketwatch","Kunai","Bag of Marbles","Mango","MawBank","Self Forming Clay","Champion Belt","Coffee Dripper","Potion Belt","Frozen Egg 2","Bag of Preparation","Blue Candle"],"potions_floor_usage":[8,14,16,18,20,24,44,45,54,55,55,55],"damage_taken":[{"damage":0,"enemies":"2 Louse","floor":1,"turns":3},{"damage":3,"enemies":"Jaw Worm","floor":2,"turns":4},{"damage":7,"enemies":"Small Slimes","floor":3,"turns":3},{"damage":12,"enemies":"Looter","floor":7,"turns":3},{"damage":54,"enemies":"Lagavulin","floor":8,"turns":8},{"damage":1,"enemies":"Blue Slaver","floor":11,"turns":4},{"damage":16,"enemies":"Lots of Slimes","floor":14,"turns":3},{"damage":0,"enemies":"Hexaghost","floor":16,"turns":8},{"damage":8,"enemies":"3 Byrds","floor":18,"turns":4},{"damage":39,"enemies":"Colosseum Slavers","floor":20,"turns":5},{"damage":33,"enemies":"Colosseum Nobs","floor":20,"turns":5},{"damage":6,"enemies":"Spheric Guardian","floor":22,"turns":2},{"damage":18,"enemies":"Book of Stabbing","floor":24,"turns":7},{"damage":22,"enemies":"Snecko","floor":27,"turns":5},{"damage":82,"enemies":"Collector","floor":33,"turns":11},{"damage":6,"enemies":"3 Shapes","floor":35,"turns":4},{"damage":33,"enemies":"Orb Walker","floor":36,"turns":4},{"damage":45,"enemies":"Reptomancer","floor":44,"turns":6},{"damage":26,"enemies":"Transient","floor":45,"turns":5},{"damage":6,"enemies":"Maw","floor":48,"turns":7},{"damage":54,"enemies":"Awakened One","floor":50,"turns":12},{"damage":31,"enemies":"Shield and Spear","floor":54,"turns":5},{"damage":91,"enemies":"The Heart","floor":55,"turns":8}],"seed_played":"-3236188546037293150","potions_obtained":[{"floor":1,"key":"GamblersBrew"},{"floor":3,"key":"SkillPotion"},{"floor":11,"key":"Strength Potion"},{"floor":14,"key":"Regen Potion"},{"floor":18,"key":"Weak Potion"},{"floor":20,"key":"Regen Potion"},{"floor":35,"key":"GamblersBrew"},{"floor":45,"key":"Block Potion"},{"floor":48,"key":"FearPotion"},{"floor":54,"key":"Dexterity Potion"}],"is_trial":false,"path_per_floor":["M","M","M","$","?","R","M","E","T","?","M","R","$","M","R","B",null,"M","$","?","$","M","R","E","T","T","M","R","?","R","$","R","B",null,"M","M","?","?","?","R","$","R","T","E","M","T","?","M","R","B",null,"R","$","E","B",null],"character_chosen":"IRONCLAD","items_purchased":["Armaments","Vajra","Bag of Marbles","PowerPotion","Double Tap","FearPotion"],"campfire_rested":2,"item_purchase_floors":[13,19,21,41,53,53],"current_hp_per_floor":[78,80,79,79,54,78,72,24,24,24,29,29,29,19,19,25,66,76,76,33,33,33,33,50,50,50,46,46,46,46,46,74,24,77,93,90,89,89,89,89,89,89,89,57,62,62,52,83,83,67,84,84,84,89,32],"gold":74,"neow_bonus":"REMOVE_TWO","is_prod":false,"is_daily":false,"chose_seed":false,"campfire_upgraded":8,"win_rate":0,"timestamp":1550782176,"path_taken":["M","M","M","$","?","R","M","E","T","?","M","R","$","M","R","BOSS","M","$","?","$","M","R","E","?","T","M","R","?","R","?","R","BOSS","M","M","?","?","?","R","$","R","T","E","?","?","?","M","R","BOSS","R","$","E","BOSS"],"build_version":"2019-01-23","purchased_purges":2,"victory":true,"max_hp_per_floor":[80,80,80,80,80,80,80,80,80,80,80,80,80,80,80,80,80,80,80,80,80,80,80,94,94,94,94,94,94,94,94,94,94,94,94,94,89,89,89,89,89,89,89,89,89,89,89,89,89,89,89,89,89,89,89],"card_choices":[{"not_picked":["Seeing Red","Sever Soul"],"picked":"Carnage","floor":1},{"not_picked":["Clothesline","Body Slam"],"picked":"Pommel Strike","floor":2},{"not_picked":["Combust","Clothesline"],"picked":"Cleave","floor":3},{"not_picked":["Body Slam","Twin Strike"],"picked":"Disarm","floor":7},{"not_picked":["Twin Strike","True Grit"],"picked":"Flame Barrier","floor":8},{"not_picked":["Intimidate","Havoc"],"picked":"Offering","floor":11},{"not_picked":["Blood for Blood","Perfected Strike"],"picked":"Iron Wave","floor":14},{"not_picked":["Brutality","Barricade"],"picked":"Reaper","floor":16},{"not_picked":["Iron Wave+1","Armaments+1"],"picked":"Inflame","floor":18},{"not_picked":["Sword Boomerang","Infernal Blade"],"picked":"Shrug It Off","floor":20},{"not_picked":["Havoc","Cleave","Infernal Blade"],"picked":"SKIP","floor":22},{"not_picked":["Evolve+1","Shrug It Off+1"],"picked":"Battle Trance","floor":24},{"not_picked":["Iron Wave","Wild Strike","Fire Breathing"],"picked":"SKIP","floor":27},{"not_picked":["Dark Embrace","Fiend Fire"],"picked":"Berserk","floor":33},{"not_picked":["Uppercut","Twin Strike"],"picked":"Spot Weakness+1","floor":35},{"not_picked":["Havoc+1","Flex+1"],"picked":"Intimidate+1","floor":36},{"not_picked":["Combust","Rampage","Intimidate+1"],"picked":"SKIP","floor":44},{"not_picked":["Power Through","Dropkick"],"picked":"Sword Boomerang","floor":45},{"not_picked":["Deep Breath","Dark Shackles"],"picked":"Discovery","floor":47},{"not_picked":["Dramatic Entrance","Swift Strike"],"picked":"Flash of Steel","floor":47},{"not_picked":["Clash","Shrug It Off+1"],"picked":"Disarm+1","floor":48},{"not_picked":["Dropkick+1","Twin Strike"],"picked":"Brutality+1","floor":54}],"player_experience":57897,"relics_obtained":[{"floor":8,"key":"Letter Opener"},{"floor":9,"key":"Red Skull"},{"floor":20,"key":"Pocketwatch"},{"floor":20,"key":"Kunai"},{"floor":24,"key":"Mango"},{"floor":25,"key":"MawBank"},{"floor":25,"key":"Self Forming Clay"},{"floor":26,"key":"Champion Belt"},{"floor":43,"key":"Potion Belt"},{"floor":44,"key":"Frozen Egg 2"},{"floor":46,"key":"Bag of Preparation"},{"floor":54,"key":"Blue Candle"}],"event_choices":[{"damage_healed":0,"gold_gain":0,"player_choice":"Success","damage_taken":25,"relics_obtained":["Matryoshka"],"max_hp_gain":0,"max_hp_loss":0,"event_name":"Scrap Ooze","floor":5,"gold_loss":0},{"damage_healed":0,"gold_gain":66,"player_choice":"Gained Gold","damage_taken":0,"max_hp_gain":0,"max_hp_loss":0,"event_name":"Golden Wing","floor":10,"gold_loss":0},{"damage_healed":0,"gold_gain":0,"player_choice":"Fight","damage_taken":0,"max_hp_gain":0,"max_hp_loss":0,"event_name":"Colosseum","floor":20,"gold_loss":0},{"damage_healed":0,"gold_gain":0,"player_choice":"Fought Nobs","damage_taken":0,"max_hp_gain":0,"max_hp_loss":0,"event_name":"Colosseum","floor":20,"gold_loss":0},{"damage_healed":0,"gold_gain":0,"player_choice":"Read","damage_taken":0,"max_hp_gain":0,"max_hp_loss":0,"event_name":"The Library","floor":29,"gold_loss":0,"cards_obtained":["Spot Weakness"]},{"damage_healed":0,"gold_gain":0,"player_choice":"Max HP","damage_taken":0,"max_hp_gain":0,"max_hp_loss":5,"event_name":"Winding Halls","floor":37,"gold_loss":0},{"cards_removed":["Cleave"],"damage_healed":0,"gold_gain":0,"player_choice":"Removed Attack","damage_taken":0,"max_hp_gain":0,"max_hp_loss":0,"event_name":"Falling","floor":38,"gold_loss":0},{"damage_healed":0,"gold_gain":0,"player_choice":"0 cards matched","damage_taken":0,"max_hp_gain":0,"max_hp_loss":0,"event_name":"Match and Keep!","floor":39,"gold_loss":0,"cards_obtained":[]},{"damage_healed":0,"gold_gain":0,"player_choice":"0 cards matched","damage_taken":0,"max_hp_gain":0,"max_hp_loss":0,"event_name":"Match and Keep!","floor":39,"gold_loss":0,"cards_obtained":[]},{"damage_healed":0,"gold_gain":0,"player_choice":"Memory 3","damage_taken":10,"max_hp_gain":0,"max_hp_loss":0,"event_name":"SensoryStone","floor":47,"gold_loss":0}],"is_beta":false,"boss_relics":[{"not_picked":["Runic Cube","White Beast Statue"],"picked":"Empty Cage"},{"not_picked":["Mark of Pain","Eternal Feather"],"picked":"Coffee Dripper"}],"items_purged_floors":[13,31],"is_endless":false,"potions_floor_spawned":[1,3,11,14,18,20,20,35,45,48,54],"ascension_level":9}