{"gold_per_floor":[219,24,24,24,38,74,92,92,92,92,117,117,117,117,117,117],"floor_reached":16,"playtime":781,"items_purged":[],"score":127,"play_id":"8ce8d541-bd30-4857-8ed8-6bcfc3b85c0a","local_time":"20190226185248","is_ascension_mode":true,"campfire_choices":[{"data":"Bash","floor":8,"key":"PURGE"},{"data":"Chrysalis","floor":10,"key":"SMITH"},{"floor":15,"key":"REST"}],"neow_cost":"NONE","seed_source_timestamp":954007011950197,"circlet_count":0,"master_deck":["Strike_R","Strike_R","Strike_R","Strike_R","Strike_R","Defend_R","Defend_R","Defend_R","Defend_R","Chrysalis+1","Shrug It Off","Decay"],"relics":["Burning Blood","Golden Idol","Peace Pipe","Charon\u0027s Ashes"],"potions_floor_usage":[6,11],"damage_taken":[{"damage":6,"enemies":"Cultist","floor":1,"turns":4},{"damage":0,"enemies":"Small Slimes","floor":5,"turns":5},{"damage":54,"enemies":"Lagavulin","floor":6,"turns":13},{"damage":9,"enemies":"2 Louse","floor":7,"turns":3},{"damage":22,"enemies":"Gremlin Gang","floor":11,"turns":4},{"damage":29,"enemies":"Hexaghost","floor":16,"turns":9}],"seed_played":"4382789022866555501","potions_obtained":[{"floor":1,"key":"Dexterity Potion"},{"floor":7,"key":"SkillPotion"}],"is_trial":false,"path_per_floor":["?","?","?","?","?"],"character_chosen":"IRONCLAD","items_purchased":["Chrysalis"],"campfire_rested":1,"item_purchase_floors":[2],"current_hp_per_floor":[72,72,72,72,74,26,23,23,23,23,7,7,7,7,29,0],"gold":117,"neow_bonus":"HUNDRED_GOLD","is_prod":false,"is_daily":false,"chose_seed":false,"campfire_upgraded":1,"win_rate":0,"timestamp":1551203568,"path_taken":["M","$","?","?","M","E","M","R","T","R","M","?","?","?","R","BOSS"],"build_version":"2019-01-23","purchased_purges":0,"victory":false,"max_hp_per_floor":[80,80,80,74,74,74,74,74,74,74,74,74,74,74,74,74],"card_choices":[{"not_picked":["Seeing Red","Armaments","Twin Strike"],"picked":"SKIP","floor":1},{"not_picked":["Body Slam","Armaments"],"picked":"Shrug It Off","floor":5},{"not_picked":["True Grit","Spot Weakness","Rupture"],"picked":"SKIP","floor":6},{"not_picked":["Rupture","Clash","Second Wind"],"picked":"SKIP","floor":7},{"not_picked":["Rupture","Rampage","Cleave"],"picked":"SKIP","floor":11}],"player_experience":226532,"relics_obtained":[{"floor":6,"key":"Peace Pipe"},{"floor":9,"key":"Charon\u0027s Ashes"}],"event_choices":[{"damage_healed":0,"gold_gain":0,"player_choice":"Leave","damage_taken":0,"max_hp_gain":0,"max_hp_loss":0,"event_name":"The Cleric","floor":3,"gold_loss":0},{"damage_healed":0,"gold_gain":0,"player_choice":"Lose Max HP","damage_taken":0,"relics_obtained":["Golden Idol"],"max_hp_gain":0,"max_hp_loss":6,"event_name":"Golden Idol","floor":4,"gold_loss":0},{"damage_healed":0,"gold_gain":0,"player_choice":"Searched \u00270\u0027 times","damage_taken":0,"max_hp_gain":0,"max_hp_loss":0,"event_name":"Dead Adventurer","floor":12,"gold_loss":0},{"damage_healed":0,"gold_gain":0,"player_choice":"Ignored","damage_taken":0,"max_hp_gain":0,"max_hp_loss":0,"event_name":"Shining Light","floor":13,"gold_loss":0},{"damage_healed":0,"gold_gain":0,"player_choice":"Cursed","damage_taken":0,"max_hp_gain":0,"max_hp_loss":0,"event_name":"Wheel of Change","floor":14,"gold_loss":0,"cards_obtained":["Decay"]}],"is_beta":false,"boss_relics":[],"items_purged_floors":[],"is_endless":false,"potions_floor_spawned":[1,7],"killed_by":"Hexaghost","ascension_level":6}