{"gold_per_floor":[114,125,50,70,83,83,83,83,163,27,39,51,51,69,69,164,164,183,18,18,36,36,66,66,66,114,124,124,143,159,169,169,266,266,276,295,305,155,155,155,166,87,87,87,99,99,116,162,162,162],"floor_reached":50,"playtime":4697,"items_purged":["Strike_G","Strike_G","Defend_G","Strike_G"],"score":458,"play_id":"c22113a9-01ba-42c6-a33c-42b042f9415f","local_time":"20181017134412","is_ascension_mode":false,"campfire_choices":[{"data":"Glass Knife","floor":6,"key":"SMITH"},{"data":"Sucker Punch","floor":8,"key":"SMITH"},{"data":"Neutralize","floor":15,"key":"SMITH"},{"data":"Quick Slash","floor":24,"key":"SMITH"},{"data":"Quick Slash","floor":28,"key":"SMITH"},{"floor":32,"key":"REST"},{"data":"Die Die Die","floor":40,"key":"SMITH"},{"floor":44,"key":"REST"},{"data":"Strike_G","floor":46,"key":"SMITH"},{"floor":49,"key":"REST"}],"neow_cost":"TEN_PERCENT_HP_LOSS","seed_source_timestamp":636906342304730,"circlet_count":0,"master_deck":["Defend_G+1","Defend_G+1","Defend_G+1","Defend_G+1","Strike_G+1","Survivor","Neutralize+1","Glass Knife+1","Sucker Punch+1","Backstab","Quick Slash+1","PiercingWail","Backstab","Prepared","Quick Slash+1","After Image+1","Die Die Die+1","Caltrops+1","Outmaneuver+1","Die Die Die","Dagger Spray+1","Noxious Fumes+1","A Thousand Cuts+1","Dagger Spray+1","Blade Dance+1","Die Die Die","Thinking Ahead","Blade Dance+1","Caltrops+1","Quick Slash+1","Predator+1","Expertise+1"],"relics":["Ring of the Snake","Frozen Egg 2","War Paint","Sozu","Anchor","Orichalcum","Philosopher\u0027s Stone","Question Card","The Specimen"],"potions_floor_usage":[],"damage_taken":[{"damage":1,"enemies":"Jaw Worm","floor":1,"turns":5},{"damage":0,"enemies":"Small Slimes","floor":2,"turns":3},{"damage":0,"enemies":"Cultist","floor":4,"turns":2},{"damage":0,"enemies":"3 Louse","floor":5,"turns":2},{"damage":0,"enemies":"Lots of Slimes","floor":11,"turns":2},{"damage":2,"enemies":"Large Slime","floor":12,"turns":3},{"damage":0,"enemies":"2 Fungi Beasts","floor":14,"turns":2},{"damage":5,"enemies":"Hexaghost","floor":16,"turns":14},{"damage":0,"enemies":"Chosen","floor":18,"turns":3},{"damage":5,"enemies":"Spheric Guardian","floor":21,"turns":3},{"damage":17,"enemies":"Slavers","floor":23,"turns":6},{"damage":0,"enemies":"Cultist and Chosen","floor":27,"turns":6},{"damage":4,"enemies":"Snecko","floor":29,"turns":4},{"damage":0,"enemies":"Centurion and Healer","floor":30,"turns":5},{"damage":0,"enemies":"Cultist and Chosen","floor":31,"turns":4},{"damage":10,"enemies":"Collector","floor":33,"turns":8},{"damage":12,"enemies":"3 Shapes","floor":35,"turns":3},{"damage":5,"enemies":"3 Darklings","floor":36,"turns":4},{"damage":6,"enemies":"4 Shapes","floor":37,"turns":3},{"damage":8,"enemies":"Sphere and 2 Shapes","floor":41,"turns":4},{"damage":0,"enemies":"3 Darklings","floor":45,"turns":2},{"damage":0,"enemies":"4 Shapes","floor":47,"turns":2},{"damage":4,"enemies":"Mysterious Sphere","floor":48,"turns":3},{"damage":63,"enemies":"Donu and Deca","floor":50,"turns":5}],"seed_played":"2972895467305394813","potions_obtained":[{"floor":2,"key":"Fire Potion"},{"floor":12,"key":"Energy Potion"},{"floor":16,"key":"Weak Potion"}],"is_trial":false,"path_per_floor":["M","M","$","M","M","R","?","R","T","$","M","M","?","M","R","B",null,"M","$","?","M","?","E","R","$","T","M","R","M","M","M","R","B",null,"M","M","M","$","?","R","M","$","T","R","M","R","M","?","R"],"character_chosen":"THE_SILENT","items_purchased":["Backstab","Caltrops+1","Caltrops+1"],"campfire_rested":3,"item_purchase_floors":[10,19,42],"current_hp_per_floor":[62,62,62,62,62,62,49,49,49,49,49,47,47,47,47,42,63,63,63,63,58,58,41,41,41,41,41,41,37,37,37,55,45,63,51,46,40,40,40,40,32,32,32,50,50,50,50,46,63,0],"gold":162,"neow_bonus":"THREE_RARE_CARDS","is_prod":false,"is_daily":false,"chose_seed":false,"campfire_upgraded":7,"win_rate":0.0,"timestamp":1539809052,"path_taken":["M","M","$","M","M","R","?","R","T","$","?","M","?","M","R","BOSS","M","$","?","M","?","E","R","$","T","M","R","?","M","M","R","BOSS","M","?","M","$","?","R","?","$","T","R","M","R","?","?","R","BOSS"],"build_version":"2018-10-11","purchased_purges":4,"victory":false,"max_hp_per_floor":[63,63,63,63,63,63,63,63,63,63,63,63,63,63,63,63,63,63,63,63,63,63,63,63,63,63,63,63,63,63,63,63,63,63,63,63,63,63,63,63,63,63,63,63,63,63,63,63,63,63],"card_choices":[{"not_picked":["Die Die Die","Night Terror"],"picked":"Glass Knife","floor":0},{"not_picked":["Prepared","Distraction"],"picked":"Sucker Punch","floor":1},{"not_picked":["Slice","Poisoned Stab"],"picked":"Backstab","floor":2},{"not_picked":["Deflect","Reflex"],"picked":"Quick Slash","floor":4},{"not_picked":["Eviscerate","Slice"],"picked":"PiercingWail","floor":5},{"not_picked":["Underhanded Strike","Slice"],"picked":"Prepared","floor":11},{"not_picked":["Underhanded Strike","Dodge and Roll"],"picked":"Quick Slash","floor":12},{"not_picked":["Expertise","Masterful Stab"],"picked":"After Image+1","floor":14},{"not_picked":["Venomology","Wraith Form v2+1"],"picked":"Die Die Die","floor":16},{"not_picked":["Flying Knee","Sucker Punch","Deadly Poison"],"picked":"SKIP","floor":18},{"not_picked":["Dagger Spray","Underhanded Strike"],"picked":"Outmaneuver+1","floor":21},{"not_picked":["Flying Knee","Deadly Poison","Deflect"],"picked":"SKIP","floor":23},{"not_picked":["Deadly Poison","Slice+1"],"picked":"Die Die Die","floor":27},{"not_picked":["Slice","Skewer"],"picked":"Dagger Spray+1","floor":29},{"not_picked":["Flying Knee","Blade Dance"],"picked":"Noxious Fumes+1","floor":30},{"not_picked":["Slice","Underhanded Strike","Sucker Punch"],"picked":"SKIP","floor":31},{"not_picked":["Wraith Form v2+1","After Image+1"],"picked":"A Thousand Cuts+1","floor":33},{"not_picked":["Deflect","Tactician+1"],"picked":"Dagger Spray+1","floor":35},{"not_picked":["Noxious Fumes+1","Poisoned Stab"],"picked":"Blade Dance+1","floor":36},{"not_picked":["Expertise","PiercingWail"],"picked":"Die Die Die","floor":37},{"not_picked":["Bandage Up","Dark Shackles"],"picked":"Thinking Ahead","floor":39},{"not_picked":["PiercingWail+1","Quick Slash"],"picked":"Blade Dance+1","floor":41},{"not_picked":["Backstab+1","Deadly Poison","Poisoned Stab+1"],"picked":"Quick Slash+1","floor":45},{"not_picked":["Dodge and Roll","Slice","Quick Slash+1"],"picked":"Predator+1","floor":47},{"not_picked":["Endless Agony+1","Heel Hook+1","Backflip"],"picked":"Expertise+1","floor":48}],"player_experience":17287,"relics_obtained":[{"floor":9,"key":"Frozen Egg 2"},{"floor":13,"key":"War Paint"},{"floor":23,"key":"Anchor"},{"floor":26,"key":"Orichalcum"},{"floor":43,"key":"Question Card"},{"floor":48,"key":"The Specimen"}],"event_choices":[{"event_name":"Shining Light","player_choice":"Entered Light","floor":7,"damage_taken":0},{"event_name":"Wheel of Change","player_choice":"Relic","floor":13,"damage_taken":0},{"event_name":"Back to Basics","player_choice":"Elegance","floor":20,"damage_taken":0},{"event_name":"The Lab","player_choice":"Got Potions","floor":22,"damage_taken":0},{"event_name":"SensoryStone","player_choice":"Memory 1","floor":39,"damage_taken":0},{"event_name":"Mysterious Sphere","player_choice":"Fight","floor":48,"damage_taken":0}],"is_beta":false,"boss_relics":[{"not_picked":["Runic Pyramid","Fusion Hammer"],"picked":"Sozu"},{"not_picked":["Eternal Feather","WristBlade"],"picked":"Philosopher\u0027s Stone"}],"items_purged_floors":[3,10,19,38],"is_endless":false,"potions_floor_spawned":[2,12,16,27,29,33,35,37,41],"killed_by":"Donu and Deca","ascension_level":0}