{"gold_per_floor":[13,13,26,42,42,62,62,81,81,81,96,121,121,146,146,146],"floor_reached":16,"playtime":580,"items_purged":[],"score":179,"play_id":"07f50c59-9372-4521-8408-3914d15cbb7b","local_time":"20190225025542","is_ascension_mode":true,"campfire_choices":[{"data":"Demon Form","floor":7,"key":"SMITH"},{"data":"True Grit","floor":13,"key":"SMITH"},{"data":"Exhume","floor":15,"key":"SMITH"}],"neow_cost":"NO_GOLD","seed_source_timestamp":248039683338015,"circlet_count":0,"master_deck":["AscendersBane","Strike_R","Strike_R","Strike_R","Strike_R+1","Defend_R","Defend_R","Defend_R","Defend_R","Bash","Immolate","Ghostly Armor+1","Pommel Strike","Seeing Red","Demon Form+1","True Grit+1","Exhume+1","Dual Wield"],"relics":["Burning Blood","Omamori","Question Card"],"potions_floor_usage":[8],"damage_taken":[{"damage":0,"enemies":"2 Louse","floor":1,"turns":1},{"damage":5,"enemies":"Small Slimes","floor":3,"turns":4},{"damage":12,"enemies":"Jaw Worm","floor":4,"turns":3},{"damage":0,"enemies":"3 Louse","floor":6,"turns":2},{"damage":14,"enemies":"Exordium Wildlife","floor":8,"turns":5},{"damage":1,"enemies":"Looter","floor":11,"turns":4},{"damage":15,"enemies":"Lagavulin","floor":12,"turns":6},{"damage":23,"enemies":"Gremlin Nob","floor":14,"turns":5},{"damage":47,"enemies":"Hexaghost","floor":16,"turns":9}],"seed_played":"5048663322881392200","potions_obtained":[{"floor":1,"key":"PowerPotion"},{"floor":4,"key":"Strength Potion"}],"is_trial":false,"path_per_floor":["M","?","M","M","?","M","R","M","T","?","M","E","R","E","R","B"],"character_chosen":"IRONCLAD","items_purchased":[],"campfire_rested":0,"item_purchase_floors":[],"current_hp_per_floor":[78,62,63,57,80,80,80,72,72,65,70,61,61,44,44,0],"gold":146,"neow_bonus":"THREE_RARE_CARDS","is_prod":false,"is_daily":false,"chose_seed":false,"campfire_upgraded":3,"win_rate":0,"timestamp":1551030942,"path_taken":["M","?","M","M","?","M","R","M","T","?","M","E","R","E","R","BOSS"],"build_version":"2019-01-23","purchased_purges":0,"victory":false,"max_hp_per_floor":[80,80,80,80,80,80,80,80,80,80,80,80,80,80,80,80],"card_choices":[{"not_picked":["Juggernaut","Bludgeon"],"picked":"Immolate","floor":0},{"not_picked":["Corruption","Clothesline"],"picked":"Ghostly Armor","floor":1},{"not_picked":["Body Slam","Clothesline"],"picked":"Pommel Strike","floor":3},{"not_picked":["Sever Soul","Sentinel"],"picked":"Seeing Red","floor":4},{"not_picked":["Anger","Corruption"],"picked":"Demon Form","floor":6},{"not_picked":["Feel No Pain","Clash","Fire Breathing"],"picked":"SKIP","floor":8},{"not_picked":["Cleave","Anger"],"picked":"True Grit","floor":11},{"not_picked":["Pommel Strike","Disarm"],"picked":"Exhume","floor":12},{"not_picked":["Clash","Pommel Strike"],"picked":"Dual Wield","floor":14}],"player_experience":85557,"relics_obtained":[{"floor":12,"key":"Omamori"},{"floor":14,"key":"Question Card"}],"event_choices":[{"damage_healed":0,"gold_gain":0,"player_choice":"Entered Light","damage_taken":16,"max_hp_gain":0,"max_hp_loss":0,"event_name":"Shining Light","floor":2,"gold_loss":0,"cards_upgraded":["Strike_R","Ghostly Armor"]},{"damage_healed":26,"gold_gain":0,"player_choice":"Banana","damage_taken":0,"max_hp_gain":0,"max_hp_loss":0,"event_name":"Big Fish","floor":5,"gold_loss":0},{"cards_removed":["Strike_R"],"damage_healed":0,"gold_gain":0,"player_choice":"Card Removal","damage_taken":7,"max_hp_gain":0,"max_hp_loss":0,"event_name":"Golden Wing","floor":10,"gold_loss":0}],"is_beta":false,"boss_relics":[],"items_purged_floors":[],"is_endless":false,"potions_floor_spawned":[1,4,6],"killed_by":"Hexaghost","ascension_level":12}