{"gold_per_floor":[110,110,129,18,93,93,93,93,117,130,130,130],"floor_reached":12,"playtime":208,"items_purged":["Bash"],"score":76,"play_id":"2ea87a95-25a9-4942-85cd-eaec8216458a","local_time":"20181126185451","is_ascension_mode":true,"campfire_choices":[{"floor":6,"key":"RECALL"},{"data":"Whirlwind","floor":11,"key":"SMITH"}],"neow_cost":"NONE","seed_source_timestamp":180695664644558,"circlet_count":0,"master_deck":["Strike_R","Strike_R","Strike_R","Strike_R","Strike_R","Defend_R","Defend_R","Defend_R","Defend_R","Whirlwind+1"],"relics":["Burning Blood","NeowsBlessing"],"potions_floor_usage":[12],"damage_taken":[{"damage":0,"enemies":"Jaw Worm","floor":1,"turns":1},{"damage":0,"enemies":"Small Slimes","floor":3,"turns":1},{"damage":0,"enemies":"Cultist","floor":10,"turns":1},{"damage":102,"enemies":"Lagavulin","floor":12,"turns":9}],"seed_played":"-6825323806027869469","potions_obtained":[{"floor":10,"key":"BloodPotion"}],"is_trial":false,"path_per_floor":["M","?","M","$","?","R","$","?","T","M","R","E"],"character_chosen":"IRONCLAD","items_purchased":["Whirlwind"],"campfire_rested":0,"item_purchase_floors":[4],"current_hp_per_floor":[80,85,85,85,74,74,74,74,74,80,80,0],"gold":130,"neow_bonus":"THREE_ENEMY_KILL","is_prod":false,"is_daily":false,"chose_seed":false,"campfire_upgraded":1,"win_rate":0,"timestamp":1543280091,"path_taken":["M","?","M","$","?","R","?","?","T","M","R","E"],"build_version":"2018-11-15","purchased_purges":1,"victory":false,"max_hp_per_floor":[80,85,85,85,85,85,85,85,85,85,85,85],"card_choices":[{"not_picked":["Thunderclap","Twin Strike","Burning Pact"],"picked":"SKIP","floor":1},{"not_picked":["Headbutt","Iron Wave","Clash"],"picked":"SKIP","floor":3},{"not_picked":["Pommel Strike","Headbutt","Body Slam"],"picked":"SKIP","floor":10}],"player_experience":495150,"relics_obtained":[],"event_choices":[{"damage_healed":0,"gold_gain":0,"player_choice":"Donut","damage_taken":0,"max_hp_gain":5,"max_hp_loss":0,"event_name":"Big Fish","floor":2,"gold_loss":0},{"damage_healed":0,"gold_gain":75,"player_choice":"Gather Gold","damage_taken":11,"max_hp_gain":0,"max_hp_loss":0,"event_name":"World of Goop","floor":5,"gold_loss":0},{"damage_healed":0,"gold_gain":0,"player_choice":"Bought 0 Potions","damage_taken":0,"max_hp_gain":0,"max_hp_loss":0,"event_name":"The Woman in Blue","floor":8,"gold_loss":0}],"is_beta":false,"boss_relics":[],"items_purged_floors":[4],"is_endless":false,"potions_floor_spawned":[10],"killed_by":"Lagavulin","ascension_level":3}