{"gold_per_floor":[119,219,235,235,248,248,274,274,274,274,294,311,311,343,343,444,444,444,173,173,173,173,173,173,173,173,173,173,173,173,173,173,173,173,173,173,173,173,123,123,123,123,123,123,123,123,123,123,123,123],"floor_reached":51,"playtime":4149,"items_purged":["Strike_G","Strike_G"],"score":925,"play_id":"a9b89907-9e79-479f-8812-5845a2289e7b","local_time":"20181110013056","is_ascension_mode":true,"campfire_choices":[{"data":"Crippling Poison","floor":6.0,"key":"SMITH"},{"data":"Blur","floor":8.0,"key":"SMITH"},{"floor":13.0,"key":"REST"},{"data":"Neutralize","floor":15.0,"key":"SMITH"},{"floor":24,"key":"REST"},{"floor":27,"key":"REST"},{"data":"Bouncing Flask","floor":29,"key":"SMITH"},{"data":"Noxious Fumes","floor":32,"key":"SMITH"},{"data":"Corpse Explosion","floor":41,"key":"SMITH"},{"data":"Well Laid Plans","floor":44,"key":"SMITH"},{"data":"Tools of the Trade","floor":47,"key":"SMITH"},{"floor":49,"key":"REST"}],"neow_cost":"NONE","seed_source_timestamp":16970822556304,"circlet_count":0,"master_deck":["Defend_G","Defend_G","Defend_G","Defend_G","Strike_G","Strike_G","Survivor","Neutralize+1","Escape Plan","Blur+1","Crippling Poison+1","Bouncing Flask+1","Backstab","Well Laid Plans+1","Corpse Explosion+1","Noxious Fumes+1","RitualDagger","Acrobatics+1","Tools of the Trade+1","Deflect+1","Blur+1","Bane+1","Footwork+1"],"special_seed":0,"relics":["Ring of the Snake","NeowsBlessing","Thread and Needle","Letter Opener","Smiling Mask","Ectoplasm","Happy Flower","Bottled Flame","Molten Egg 2","Red Mask","Philosopher\u0027s Stone","Bag of Preparation","Tiny Chest","Paper Crane","Snake Skull"],"potions_floor_usage":[22,22,23,33,40,42,50,50],"damage_taken":[{"damage":0.0,"enemies":"Small Slimes","floor":1.0,"turns":1.0},{"damage":0.0,"enemies":"Cultist","floor":3.0,"turns":1.0},{"damage":0.0,"enemies":"2 Louse","floor":5.0,"turns":1.0},{"damage":30.0,"enemies":"3 Sentries","floor":7.0,"turns":12.0},{"damage":0.0,"enemies":"2 Fungi Beasts","floor":11.0,"turns":3.0},{"damage":0.0,"enemies":"Red Slaver","floor":12.0,"turns":4.0},{"damage":10.0,"enemies":"Lagavulin","floor":14.0,"turns":6.0},{"damage":7.0,"enemies":"The Guardian","floor":16.0,"turns":9.0},{"damage":0.0,"enemies":"Chosen","floor":18.0,"turns":5.0},{"damage":0,"enemies":"3 Byrds","floor":21,"turns":2},{"damage":16,"enemies":"Snecko","floor":22,"turns":5},{"damage":44,"enemies":"Book of Stabbing","floor":23,"turns":7},{"damage":0,"enemies":"Centurion and Healer","floor":25,"turns":4},{"damage":1,"enemies":"Cultist and Chosen","floor":28,"turns":5},{"damage":0,"enemies":"3 Cultists","floor":30,"turns":2},{"damage":0,"enemies":"Masked Bandits","floor":31,"turns":1},{"damage":18,"enemies":"Collector","floor":33,"turns":7},{"damage":0,"enemies":"Orb Walker","floor":35,"turns":4},{"damage":3,"enemies":"3 Darklings","floor":36,"turns":2},{"damage":3,"enemies":"Jaw Worm Horde","floor":38,"turns":4},{"damage":0,"enemies":"Giant Head","floor":40,"turns":9},{"damage":6,"enemies":"Reptomancer","floor":42,"turns":7},{"damage":2,"enemies":"Nemesis","floor":45,"turns":7},{"damage":1,"enemies":"4 Shapes","floor":46,"turns":1},{"damage":16,"enemies":"Time Eater","floor":50,"turns":10}],"seed_played":"-7392134650800446076","potions_obtained":[{"floor":3.0,"key":"Swift Potion"},{"floor":7.0,"key":"Regen Potion"},{"floor":12.0,"key":"Ancient Potion"},{"floor":23,"key":"LiquidBronze"},{"floor":28,"key":"GhostInAJar"},{"floor":31,"key":"Swift Potion"},{"floor":33,"key":"PowerPotion"},{"floor":40,"key":"GamblersBrew"},{"floor":45,"key":"Ancient Potion"}],"is_trial":false,"path_per_floor":["M","?","M","?","M","R","E","R","T","?","M","M","R","E","R","B",null,"M","$","?","M","M","E","R","M","T","R","M","R","M","?","R","B",null,"M","M","?","M","$","E","R","E","T","R","E","M","R","?","R","B",null],"character_chosen":"THE_SILENT","items_purchased":["Noxious Fumes","Happy Flower"],"campfire_rested":4,"item_purchase_floors":[19,19],"current_hp_per_floor":[70,70,70,75,75,75,45,45,45,45,45,45,67,57,57,50,69,69,69,63,63,47,15,37,37,37,59,58,58,58,58,58,40,66,66,63,63,60,60,60,60,54,54,54,52,51,51,51,73,57],"gold":123,"neow_bonus":"THREE_ENEMY_KILL","is_prod":false,"is_daily":false,"chose_seed":false,"campfire_upgraded":8,"win_rate":0,"timestamp":1541842256,"path_taken":["M","?","?","?","M","R","E","R","T","?","M","?","R","E","R","BOSS","M","$","?","M","M","E","R","M","T","R","M","R","M","?","R","BOSS","M","M","?","M","$","E","R","E","T","R","E","M","R","?","R","BOSS"],"build_version":"2018-11-08","purchased_purges":2,"victory":true,"max_hp_per_floor":[70,70,70,75,75,75,75,75,75,75,75,75,75,75,75,75,75,75,75,75,75,75,75,75,75,75,75,75,75,75,75,75,75,75,75,75,75,75,75,75,75,75,75,75,75,75,75,75,75,75],"card_choices":[{"not_picked":["Dagger Spray","Blade Dance"],"picked":"Escape Plan","floor":1.0},{"not_picked":["Poisoned Stab","Dodge and Roll"],"picked":"Blur","floor":3.0},{"not_picked":["Backflip","Slice"],"picked":"Crippling Poison","floor":5.0},{"not_picked":["Underhanded Strike","Eviscerate"],"picked":"Bouncing Flask","floor":7.0},{"not_picked":["Blade Dance","Endless Agony","Heel Hook"],"picked":"SKIP","floor":11.0},{"not_picked":["Deadly Poison","Poisoned Stab"],"picked":"Backstab","floor":12.0},{"not_picked":["Reflex","Endless Agony"],"picked":"Well Laid Plans","floor":14.0},{"not_picked":["Venomology","Malaise"],"picked":"Corpse Explosion","floor":16.0},{"not_picked":["Sucker Punch","Cloak And Dagger","Quick Slash"],"picked":"SKIP","floor":18.0},{"not_picked":["Blade Dance","Distraction+1","Heel Hook"],"picked":"SKIP","floor":21},{"not_picked":["Escape Plan","Outmaneuver+1"],"picked":"Acrobatics+1","floor":22},{"not_picked":["Deflect","Outmaneuver"],"picked":"Tools of the Trade","floor":23},{"not_picked":["Finisher","Concentrate","Riddle With Holes"],"picked":"SKIP","floor":25},{"not_picked":["Outmaneuver+1","Reflex","Setup"],"picked":"SKIP","floor":28},{"not_picked":["Quick Slash+1","Dagger Throw+1"],"picked":"Deflect+1","floor":30},{"not_picked":["Outmaneuver","Flying Knee+1"],"picked":"Blur+1","floor":31},{"not_picked":["Outmaneuver","Concentrate","Cloak And Dagger"],"picked":"SKIP","floor":35},{"not_picked":["Outmaneuver+1","Finisher+1","Dodge and Roll"],"picked":"SKIP","floor":36},{"not_picked":["Blade Dance+1","Sucker Punch+1"],"picked":"Bane+1","floor":38},{"not_picked":["Dagger Spray+1","Endless Agony+1","Dodge and Roll"],"picked":"SKIP","floor":40},{"not_picked":["Quick Slash+1","Dodge and Roll","Flying Knee+1"],"picked":"SKIP","floor":42},{"not_picked":["Endless Agony+1","Dagger Spray+1","Eviscerate+1"],"picked":"SKIP","floor":45},{"not_picked":["Sucker Punch+1","Dodge and Roll"],"picked":"Footwork+1","floor":46}],"player_experience":194835,"relics_obtained":[{"floor":7.0,"key":"Thread and Needle"},{"floor":9.0,"key":"Letter Opener"},{"floor":14.0,"key":"Smiling Mask"},{"floor":23,"key":"Bottled Flame"},{"floor":26,"key":"Molten Egg 2"},{"floor":31,"key":"Red Mask"},{"floor":40,"key":"Bag of Preparation"},{"floor":42,"key":"Tiny Chest"},{"floor":43,"key":"Paper Crane"},{"floor":45,"key":"Snake Skull"}],"event_choices":[{"damage_healed":0.0,"max_hp_gain":0.0,"max_hp_loss":0.0,"gold_gain":100.0,"event_name":"Golden Shrine","player_choice":"Pray","floor":2.0,"gold_loss":0.0,"damage_taken":0.0},{"damage_healed":0.0,"max_hp_gain":5.0,"max_hp_loss":0.0,"gold_gain":0.0,"event_name":"Big Fish","player_choice":"Donut","floor":4.0,"gold_loss":0.0,"damage_taken":0.0},{"cards_removed":["Strike_G"],"damage_healed":0.0,"max_hp_gain":0.0,"max_hp_loss":0.0,"gold_gain":0.0,"event_name":"Purifier","player_choice":"Purged","floor":10.0,"gold_loss":0.0,"damage_taken":0.0},{"damage_healed":0,"gold_gain":0,"player_choice":"Joined the Cult","damage_taken":6,"max_hp_gain":0,"max_hp_loss":0,"event_name":"Nest","floor":20,"gold_loss":0,"cards_obtained":["RitualDagger"]},{"damage_healed":0,"gold_gain":0,"player_choice":"Fought Bandits","damage_taken":0,"max_hp_gain":0,"max_hp_loss":0,"event_name":"Masked Bandits","floor":31,"gold_loss":0},{"damage_healed":0,"gold_gain":0,"player_choice":"Memory 1","damage_taken":0,"max_hp_gain":0,"max_hp_loss":0,"event_name":"SensoryStone","floor":37,"gold_loss":0},{"cards_removed":["Defend_G"],"damage_healed":0,"gold_gain":0,"player_choice":"Removed Skill","damage_taken":0,"max_hp_gain":0,"max_hp_loss":0,"event_name":"Falling","floor":48,"gold_loss":0}],"is_beta":false,"boss_relics":[{"not_picked":["Cursed Key","Busted Crown"],"picked":"Ectoplasm"},{"not_picked":["Ring of the Serpent","Astrolabe"],"picked":"Philosopher\u0027s Stone"}],"items_purged_floors":[19,39],"is_endless":false,"potions_floor_spawned":[3,7,12,16,21,23,28,31,33,35,40,45,46],"ascension_level":5}