{"gold_per_floor":[109,34,47,63,63,63,92,92,92,109,9,9,29,41,41,143,143,159,177,201,201],"floor_reached":21,"playtime":1200,"items_purged":["Defend_G","Defend_G"],"score":190,"play_id":"ad61cda6-0f82-4519-8258-de2836a4bae1","local_time":"20181114172028","is_ascension_mode":true,"campfire_choices":[{"data":"Noxious Fumes","floor":6,"key":"SMITH"},{"floor":15,"key":"REST"}],"neow_cost":"NONE","seed_source_timestamp":701845323017,"circlet_count":0,"master_deck":["Survivor","Neutralize+1","Noxious Fumes+1","Infinite Blades","A Thousand Cuts","Expertise","Deflect","Poisoned Stab","Accuracy","Bane","Reflex","Expertise","Footwork","Infinite Blades"],"relics":["Ring of the Snake","Blue Candle","Vajra","Pandora\u0027s Box","Snake Skull"],"potions_floor_usage":[16,16,16],"damage_taken":[{"damage":4,"enemies":"Cultist","floor":1,"turns":4},{"damage":0,"enemies":"Jaw Worm","floor":3,"turns":4},{"damage":2,"enemies":"Small Slimes","floor":4,"turns":4},{"damage":18,"enemies":"3 Sentries","floor":7,"turns":7},{"damage":0,"enemies":"Red Slaver","floor":10,"turns":4},{"damage":3,"enemies":"Gremlin Gang","floor":13,"turns":5},{"damage":2,"enemies":"2 Fungi Beasts","floor":14,"turns":4},{"damage":7,"enemies":"The Guardian","floor":16,"turns":10},{"damage":17,"enemies":"Spheric Guardian","floor":18,"turns":4},{"damage":23,"enemies":"Shell Parasite","floor":19,"turns":5},{"damage":35,"enemies":"Colosseum Slavers","floor":21,"turns":2}],"seed_played":"-587877581859985068","potions_obtained":[{"floor":4,"key":"Fire Potion"},{"floor":7,"key":"AttackPotion"},{"floor":10,"key":"Block Potion"},{"floor":16,"key":"Dexterity Potion"},{"floor":18,"key":"Strength Potion"}],"is_trial":false,"path_per_floor":["M","$","M","M","?","R","E","$","T","M","$","?","M","M","R","B",null,"M","M","T","?"],"character_chosen":"THE_SILENT","items_purchased":[],"campfire_rested":1,"item_purchase_floors":[],"current_hp_per_floor":[66,66,66,64,64,64,46,46,46,46,46,46,43,41,62,55,70,53,30,30,0],"gold":201,"neow_bonus":"UPGRADE_CARD","is_prod":false,"is_daily":false,"chose_seed":false,"campfire_upgraded":1,"win_rate":0,"timestamp":1542237628,"path_taken":["M","$","M","?","?","R","E","$","T","M","$","?","?","?","R","BOSS","M","?","?","?"],"build_version":"2018-11-08","purchased_purges":2,"victory":false,"max_hp_per_floor":[70,70,70,70,70,70,70,70,70,70,70,70,70,70,70,70,70,70,70,70,70],"card_choices":[{"not_picked":["Poisoned Stab","Bane","Tactician"],"picked":"SKIP","floor":1},{"not_picked":["All Out Attack","Blade Dance","Dagger Throw"],"picked":"SKIP","floor":3},{"not_picked":["Sucker Punch","Dagger Throw"],"picked":"Noxious Fumes","floor":4},{"not_picked":["Caltrops","Flying Knee","Doppelganger"],"picked":"SKIP","floor":7},{"not_picked":["Dagger Throw","Caltrops","Masterful Stab"],"picked":"SKIP","floor":10},{"not_picked":["Poisoned Stab","Distraction","Bane"],"picked":"SKIP","floor":13},{"not_picked":["Deflect","Sucker Punch"],"picked":"Infinite Blades","floor":14},{"not_picked":["Envenom","Die Die Die"],"picked":"A Thousand Cuts","floor":16},{"not_picked":["Deflect+1","Deadly Poison+1"],"picked":"Footwork","floor":18},{"not_picked":["Blade Dance","Riddle With Holes+1"],"picked":"Infinite Blades","floor":19}],"player_experience":210110,"relics_obtained":[{"floor":7,"key":"Blue Candle"},{"floor":9,"key":"Vajra"},{"floor":20,"key":"Snake Skull"}],"event_choices":[{"cards_removed":["Strike_G"],"damage_healed":0,"gold_gain":0,"player_choice":"Forget","damage_taken":0,"max_hp_gain":0,"max_hp_loss":0,"event_name":"Living Wall","floor":5,"gold_loss":0},{"damage_healed":0,"gold_gain":0,"player_choice":"0 cards matched","damage_taken":0,"max_hp_gain":0,"max_hp_loss":0,"event_name":"Match and Keep!","floor":12,"gold_loss":0,"cards_obtained":[]},{"damage_healed":0,"gold_gain":0,"player_choice":"Fight","damage_taken":0,"max_hp_gain":0,"max_hp_loss":0,"event_name":"Colosseum","floor":21,"gold_loss":0}],"is_beta":false,"boss_relics":[{"not_picked":["Empty Cage","Ectoplasm"],"picked":"Pandora\u0027s Box"}],"items_purged_floors":[2,11],"is_endless":false,"potions_floor_spawned":[4,7,10,14,16,18],"killed_by":"Colosseum Slavers","ascension_level":1}