{"gold_per_floor":[109,109,122,27,27,27,65,140,140,90,104,143,58,81,81,81],"floor_reached":16,"playtime":1127,"items_purged":["Defend_G","Strike_G"],"score":180,"play_id":"1ba3e733-8301-495f-a9c5-87b928acc63d","local_time":"20190225165819","is_ascension_mode":true,"campfire_choices":[{"floor":6,"key":"REST"},{"floor":15,"key":"REST"}],"neow_cost":"NONE","seed_source_timestamp":10235239552289,"circlet_count":0,"master_deck":["Defend_G","Defend_G","Defend_G","Defend_G","Strike_G","Strike_G","Strike_G","Survivor","Neutralize","Cloak And Dagger","Doppelganger","Dodge and Roll","Prepared","Noxious Fumes","Concentrate","Endless Agony","Acrobatics","Expertise","Tactician"],"relics":["Ring of the Snake","NeowsBlessing","Golden Idol","Smiling Mask","Juzu Bracelet","Bag of Marbles"],"potions_floor_usage":[16],"damage_taken":[{"damage":0,"enemies":"Small Slimes","floor":1,"turns":1},{"damage":0,"enemies":"2 Louse","floor":3,"turns":1},{"damage":0,"enemies":"Gremlin Nob","floor":7,"turns":1},{"damage":0,"enemies":"Jaw Worm","floor":11,"turns":6},{"damage":25,"enemies":"Lagavulin","floor":12,"turns":9},{"damage":0,"enemies":"Red Slaver","floor":14,"turns":6},{"damage":56,"enemies":"Slime Boss","floor":16,"turns":10}],"seed_played":"3920141118553267903","potions_obtained":[{"floor":3,"key":"Ancient Potion"},{"floor":7,"key":"Dexterity Potion"},{"floor":11,"key":"Ancient Potion"}],"is_trial":false,"path_per_floor":["M","?","M","$","?","R","E","?","T","$","M","E","$","M","R","B"],"character_chosen":"THE_SILENT","items_purchased":["Prepared","Noxious Fumes","Expertise"],"campfire_rested":2,"item_purchase_floors":[4,4,13],"current_hp_per_floor":[63,63,63,63,46,67,67,56,56,56,56,31,31,31,52,0],"gold":81,"neow_bonus":"THREE_ENEMY_KILL","is_prod":false,"is_daily":false,"chose_seed":false,"campfire_upgraded":0,"win_rate":0,"timestamp":1551088699,"path_taken":["M","?","M","$","?","R","E","?","T","$","M","E","?","M","R","BOSS"],"build_version":"2019-01-23","purchased_purges":2,"victory":false,"max_hp_per_floor":[70,70,70,70,70,70,70,70,70,70,70,70,70,70,70,70],"card_choices":[{"not_picked":["Sucker Punch","Deadly Poison"],"picked":"Cloak And Dagger","floor":1},{"not_picked":["Sucker Punch","Distraction"],"picked":"Dodge and Roll","floor":3},{"not_picked":["Dagger Throw","Dodge and Roll"],"picked":"Concentrate","floor":7},{"not_picked":["Sucker Punch","Prepared"],"picked":"Endless Agony","floor":11},{"not_picked":["Skewer","Flying Knee"],"picked":"Acrobatics","floor":12},{"not_picked":["Deadly Poison","Endless Agony"],"picked":"Tactician","floor":14}],"player_experience":259978,"relics_obtained":[{"floor":7,"key":"Smiling Mask"},{"floor":9,"key":"Juzu Bracelet"},{"floor":12,"key":"Bag of Marbles"}],"event_choices":[{"damage_healed":0,"gold_gain":0,"cards_transformed":["Strike_G"],"player_choice":"Change","damage_taken":0,"max_hp_gain":0,"max_hp_loss":0,"event_name":"Living Wall","floor":2,"gold_loss":0,"cards_obtained":["Doppelganger"]},{"damage_healed":0,"gold_gain":0,"player_choice":"Take Damage","damage_taken":17,"relics_obtained":["Golden Idol"],"max_hp_gain":0,"max_hp_loss":0,"event_name":"Golden Idol","floor":5,"gold_loss":0},{"damage_healed":0,"gold_gain":75,"player_choice":"Gather Gold","damage_taken":11,"max_hp_gain":0,"max_hp_loss":0,"event_name":"World of Goop","floor":8,"gold_loss":0}],"is_beta":false,"boss_relics":[],"items_purged_floors":[10,13],"is_endless":false,"potions_floor_spawned":[3,7,11],"killed_by":"Slime Boss","ascension_level":7}