{"gold_per_floor":[117,129,34,51,61,91,91,91,115,133,133,147,147,65,65,169,169,180,7,25,43,62,62,62,77,77,93,93,93,63,81,81,81],"floor_reached":33,"playtime":5412,"items_purged":[],"score":251,"play_id":"54ca098a-a3e5-4bbf-b143-63aa932dcc75","local_time":"20190129212817","is_ascension_mode":false,"campfire_choices":[{"data":"Warcry","floor":7,"key":"SMITH"},{"floor":11,"key":"REST"},{"data":"Strike_R","floor":15,"key":"SMITH"},{"floor":23,"key":"REST"},{"data":"RitualDagger","floor":29,"key":"SMITH"},{"floor":32,"key":"REST"}],"neow_cost":"","seed_source_timestamp":974879570554455,"circlet_count":0,"master_deck":["Strike_R+1","Strike_R","Strike_R","Strike_R","Defend_R","Defend_R","Defend_R+1","Bash","Clash","Flex+1","Impatience","Pommel Strike","Warcry+1","Inflame","Battle Trance","Carnage","PanicButton","Feed","Bloodletting","Warcry","Battle Trance","Disarm+1","Reckless Charge","Blood for Blood","RitualDagger+1","Clash+1"],"relics":["Burning Blood","Anchor","War Paint","Empty Cage","Happy Flower","Pantograph"],"potions_floor_usage":[16,16,25,33,33,33],"damage_taken":[{"damage":5,"enemies":"Small Slimes","floor":1,"turns":4},{"damage":1,"enemies":"Jaw Worm","floor":2,"turns":3},{"damage":0,"enemies":"Cultist","floor":4,"turns":2},{"damage":6,"enemies":"Exordium Thugs","floor":5,"turns":3},{"damage":28,"enemies":"Gremlin Nob","floor":6,"turns":4},{"damage":2,"enemies":"3 Louse","floor":10,"turns":3},{"damage":0,"enemies":"2 Fungi Beasts","floor":12,"turns":3},{"damage":60,"enemies":"The Guardian","floor":16,"turns":8},{"damage":0,"enemies":"Chosen","floor":18,"turns":4},{"damage":10,"enemies":"2 Thieves","floor":20,"turns":3},{"damage":40,"enemies":"Centurion and Healer","floor":21,"turns":5},{"damage":8,"enemies":"Cultist and Chosen","floor":22,"turns":6},{"damage":19,"enemies":"3 Cultists","floor":25,"turns":6},{"damage":7,"enemies":"Snecko","floor":27,"turns":4},{"damage":18,"enemies":"Snake Plant","floor":31,"turns":4},{"damage":86,"enemies":"Champ","floor":33,"turns":11}],"seed_played":"7892695180481718503","potions_obtained":[{"floor":2,"key":"Regen Potion"},{"floor":4,"key":"Block Potion"},{"floor":6,"key":"Weak Potion"},{"floor":16,"key":"Explosive Potion"},{"floor":18,"key":"Dexterity Potion"},{"floor":21,"key":"Block Potion"},{"floor":30,"key":"Strength Potion"},{"floor":30,"key":"GamblersBrew"}],"is_trial":false,"path_per_floor":["?","?","$","M","?","?","?"],"character_chosen":"IRONCLAD","items_purchased":["Impatience","PanicButton","Warcry","Happy Flower"],"campfire_rested":3,"item_purchase_floors":[3,14,19,19],"current_hp_per_floor":[80,80,80,80,80,58,58,58,58,62,80,80,80,80,80,41,80,80,80,76,42,43,67,67,57,57,56,50,50,50,38,63,0],"gold":81,"neow_bonus":"","is_prod":false,"is_daily":false,"chose_seed":false,"campfire_upgraded":3,"win_rate":0.0,"timestamp":1548793697,"path_taken":["M","M","$","M","M","E","R","?","T","M","R","M","?","?","R","BOSS","M","$","M","M","?","R","?","M","T","M","?","R","?","M","R","BOSS"],"build_version":"2019-01-23","purchased_purges":0,"victory":false,"max_hp_per_floor":[80,80,80,80,80,80,80,80,80,80,80,80,80,80,80,80,80,80,80,80,80,83,83,83,86,86,86,86,86,86,86,86,86],"card_choices":[{"not_picked":["Cleave","Thunderclap"],"picked":"Clash","floor":1},{"not_picked":["Headbutt","Cleave"],"picked":"Flex","floor":2},{"not_picked":["Flex","True Grit"],"picked":"Pommel Strike","floor":4},{"not_picked":["Berserk","Flex"],"picked":"Warcry","floor":5},{"not_picked":["Body Slam","Dual Wield"],"picked":"True Grit","floor":6},{"not_picked":["Cleave","Twin Strike"],"picked":"Battle Trance","floor":10},{"not_picked":["Sword Boomerang","Reaper"],"picked":"Carnage","floor":12},{"not_picked":["Bludgeon","Brutality"],"picked":"Feed","floor":16},{"not_picked":["Perfected Strike","Metallicize"],"picked":"Bloodletting","floor":18},{"not_picked":["Sword Boomerang","Ghostly Armor"],"picked":"Battle Trance","floor":20},{"not_picked":["Clothesline","Searing Blow+1"],"picked":"Disarm+1","floor":21},{"not_picked":["Fire Breathing","Thunderclap"],"picked":"Reckless Charge","floor":22},{"not_picked":["Sword Boomerang","Cleave","Body Slam"],"picked":"SKIP","floor":25},{"not_picked":["Whirlwind","Clothesline"],"picked":"Blood for Blood","floor":27},{"not_picked":["Perfected Strike","Power Through+1"],"picked":"Clash+1","floor":31}],"player_experience":0,"relics_obtained":[{"floor":6,"key":"Anchor"},{"floor":9,"key":"War Paint"},{"floor":26,"key":"Pantograph"}],"event_choices":[{"damage_healed":0,"gold_gain":0,"cards_transformed":["True Grit"],"player_choice":"Change","damage_taken":0,"max_hp_gain":0,"max_hp_loss":0,"event_name":"Living Wall","floor":8,"gold_loss":0,"cards_obtained":["Inflame"]},{"damage_healed":0,"gold_gain":0,"player_choice":"Ignored","damage_taken":0,"max_hp_gain":0,"max_hp_loss":0,"event_name":"Liars Game","floor":13,"gold_loss":0},{"damage_healed":0,"gold_gain":0,"player_choice":"Ignored","damage_taken":0,"max_hp_gain":0,"max_hp_loss":0,"event_name":"Beggar","floor":24,"gold_loss":0},{"damage_healed":0,"gold_gain":0,"player_choice":"Joined the Cult","damage_taken":6,"max_hp_gain":0,"max_hp_loss":0,"event_name":"Nest","floor":28,"gold_loss":0,"cards_obtained":["RitualDagger"]},{"damage_healed":0,"gold_gain":0,"player_choice":"Bought 2 Potions","damage_taken":0,"max_hp_gain":0,"max_hp_loss":0,"event_name":"The Woman in Blue","floor":30,"gold_loss":0}],"is_beta":false,"boss_relics":[{"not_picked":["Snecko Eye","Calling Bell"],"picked":"Empty Cage"}],"items_purged_floors":[],"is_endless":false,"potions_floor_spawned":[2,4,6,16,18,21,31],"killed_by":"Champ","ascension_level":0}