{"gold_per_floor":[116,41,57,57,57,87,87,106,131,31,47,47,47,66,66,167,167,177,177,195,195,3,3,34,34,86,86,31,31,31,41,41,41],"floor_reached":33,"playtime":1130,"items_purged":["Bash","Strike_R","Strike_R"],"score":343,"play_id":"252cca64-ea87-40d3-bcd0-9835b992d610","local_time":"20190112134703","is_ascension_mode":true,"campfire_choices":[{"data":"Metallicize","floor":13,"key":"SMITH"},{"data":"Whirlwind","floor":15,"key":"SMITH"},{"data":"Metallicize","floor":23,"key":"SMITH"},{"data":"Inflame","floor":25,"key":"SMITH"},{"data":"Impervious","floor":27,"key":"SMITH"},{"floor":32,"key":"REST"}],"neow_cost":"NONE","seed_source_timestamp":205858874414560,"circlet_count":0,"master_deck":["Strike_R","Strike_R","Defend_R","Defend_R","Defend_R","Defend_R","Uppercut","Inflame+1","Whirlwind+1","Metallicize+1","Impervious+1","Necronomicurse","Metallicize+1","Ghostly Armor+1"],"relics":["Burning Blood","NeowsBlessing","Juzu Bracelet","Philosopher\u0027s Stone","Necronomicon","Bottled Flame","Boot","Tiny Chest","MutagenicStrength"],"potions_floor_usage":[16,33,33,33],"damage_taken":[{"damage":0,"enemies":"Cultist","floor":1,"turns":1},{"damage":0,"enemies":"Jaw Worm","floor":3,"turns":1},{"damage":0,"enemies":"Gremlin Nob","floor":6,"turns":1},{"damage":6,"enemies":"2 Louse","floor":8,"turns":4},{"damage":9,"enemies":"Blue Slaver","floor":11,"turns":8},{"damage":18,"enemies":"Exordium Thugs","floor":14,"turns":6},{"damage":50,"enemies":"Slime Boss","floor":16,"turns":7},{"damage":12,"enemies":"2 Thieves","floor":18,"turns":4},{"damage":0,"enemies":"Chosen","floor":20,"turns":4},{"damage":45,"enemies":"Gremlin Leader","floor":24,"turns":6},{"damage":0,"enemies":"Sentry and Sphere","floor":31,"turns":1},{"damage":65,"enemies":"Collector","floor":33,"turns":6}],"seed_played":"6170651458430612801","potions_obtained":[{"floor":8,"key":"Strength Potion"},{"floor":14,"key":"SmokeBomb"},{"floor":16,"key":"AttackPotion"},{"floor":18,"key":"FearPotion"},{"floor":24,"key":"Block Potion"}],"is_trial":false,"path_per_floor":["M","$","M","$","?","E","?","M","T","$","M","$","R","M","R","B",null,"M","?","M","?","$","R","E","R","T","R","?","?","$","M","R","B"],"character_chosen":"IRONCLAD","items_purchased":["Metallicize"],"campfire_rested":1,"item_purchase_floors":[22],"current_hp_per_floor":[80,80,80,80,80,80,80,80,80,80,77,77,77,65,65,21,80,74,58,64,49,49,49,10,10,10,10,10,10,10,16,41,0],"gold":41,"neow_bonus":"THREE_ENEMY_KILL","is_prod":false,"is_daily":false,"chose_seed":false,"campfire_upgraded":5,"win_rate":0,"timestamp":1547322423,"path_taken":["M","?","?","$","?","E","?","M","T","$","M","?","R","M","R","BOSS","M","?","M","?","$","R","E","R","T","R","?","?","$","M","R","BOSS"],"build_version":"2019-01-10","purchased_purges":3,"victory":false,"max_hp_per_floor":[80,80,80,80,80,80,80,80,80,80,80,80,80,80,80,80,80,80,80,80,85,85,85,85,85,85,85,85,85,85,85,85,85],"card_choices":[{"not_picked":["Body Slam","Entrench"],"picked":"Uppercut","floor":1},{"not_picked":["Twin Strike","Pummel"],"picked":"Inflame","floor":3},{"not_picked":["True Grit","Clash","Corruption"],"picked":"SKIP","floor":6},{"not_picked":["Rupture","Sentinel"],"picked":"Whirlwind","floor":8},{"not_picked":["Clash","Intimidate"],"picked":"Metallicize","floor":11},{"not_picked":["Hemokinesis","Second Wind","Iron Wave"],"picked":"SKIP","floor":14},{"not_picked":["Barricade","Bludgeon"],"picked":"Impervious","floor":16},{"not_picked":["Havoc","Wild Strike+1","Flex"],"picked":"SKIP","floor":18},{"not_picked":["Thunderclap","Armaments","Havoc+1"],"picked":"SKIP","floor":20},{"not_picked":["Flex","Wild Strike","Seeing Red"],"picked":"SKIP","floor":24},{"not_picked":["Sentinel","Brutality"],"picked":"Ghostly Armor+1","floor":31}],"player_experience":1034559,"relics_obtained":[{"floor":6,"key":"Juzu Bracelet"},{"floor":19,"key":"Necronomicon"},{"floor":24,"key":"Bottled Flame"},{"floor":26,"key":"Boot"}],"event_choices":[{"damage_healed":0,"gold_gain":0,"player_choice":"Ignored","damage_taken":0,"max_hp_gain":0,"max_hp_loss":0,"event_name":"Liars Game","floor":5,"gold_loss":0},{"cards_removed":["Strike_R"],"damage_healed":0,"gold_gain":0,"player_choice":"Forget","damage_taken":0,"max_hp_gain":0,"max_hp_loss":0,"event_name":"Living Wall","floor":7,"gold_loss":0},{"damage_healed":0,"gold_gain":0,"player_choice":"Obtained Book","damage_taken":16,"max_hp_gain":0,"max_hp_loss":0,"event_name":"Cursed Tome","floor":19,"gold_loss":0},{"damage_healed":0,"gold_gain":0,"player_choice":"Shed Blood","damage_taken":20,"max_hp_gain":5,"max_hp_loss":0,"event_name":"Forgotten Altar","floor":21,"gold_loss":0},{"damage_healed":0,"gold_gain":0,"player_choice":"Obtained Relic","damage_taken":0,"relics_obtained":["Tiny Chest"],"max_hp_gain":0,"max_hp_loss":0,"event_name":"Addict","floor":28,"gold_loss":85},{"damage_healed":0,"gold_gain":0,"player_choice":"Inject Mutagens","damage_taken":0,"relics_obtained":["MutagenicStrength"],"max_hp_gain":0,"max_hp_loss":0,"event_name":"Drug Dealer","floor":29,"gold_loss":0}],"is_beta":false,"boss_relics":[{"not_picked":["Runic Dome","Orrery"],"picked":"Philosopher\u0027s Stone"}],"items_purged_floors":[2,10,22],"is_endless":false,"potions_floor_spawned":[8,14,16,18,24],"killed_by":"Collector","ascension_level":4}