{"gold_per_floor":[115,115,129,129,129,164,236,311,360,360,377,392,392,392,392,496,496,462,462,462,27,38,38,38],"floor_reached":24,"playtime":915,"items_purged":["Strike_R"],"score":269,"play_id":"203ab4fc-4a7b-40d3-85b1-bbe83abfcabd","local_time":"20190222002404","is_ascension_mode":true,"campfire_choices":[{"data":"Armaments","floor":13,"key":"SMITH"},{"floor":15,"key":"RECALL"},{"data":"Barricade","floor":23,"key":"SMITH"}],"neow_cost":"TEN_PERCENT_HP_LOSS","seed_source_timestamp":416357646111495,"circlet_count":0,"master_deck":["Strike_R","Strike_R","Strike_R","Strike_R","Defend_R","Defend_R+1","Defend_R","Defend_R","Bash","Seeing Red+1","Body Slam","Armaments+1","Perfected Strike","Barricade+1","Body Slam","Offering","Corruption+1"],"relics":["Burning Blood","Magic Flower","Juzu Bracelet","Letter Opener","Sundial","Dream Catcher","Blood Vial","Empty Cage","Lee\u0027s Waffle"],"potions_floor_usage":[6,6,18,18,24],"damage_taken":[{"damage":8,"enemies":"2 Louse","floor":1,"turns":4},{"damage":7,"enemies":"Jaw Worm","floor":3,"turns":2},{"damage":21,"enemies":"Gremlin Nob","floor":6,"turns":4},{"damage":1,"enemies":"Small Slimes","floor":11,"turns":3},{"damage":0,"enemies":"Exordium Wildlife","floor":12,"turns":4},{"damage":67,"enemies":"The Guardian","floor":16,"turns":15},{"damage":26,"enemies":"2 Thieves","floor":18,"turns":5},{"damage":40,"enemies":"Colosseum Slavers","floor":19,"turns":4},{"damage":25,"enemies":"3 Byrds","floor":22,"turns":6},{"damage":74,"enemies":"Gremlin Leader","floor":24,"turns":3}],"seed_played":"3557086767801659302","potions_obtained":[{"floor":1,"key":"Block Potion"},{"floor":3,"key":"Strength Potion"},{"floor":16,"key":"SneckoOil"},{"floor":18,"key":"Fruit Juice"},{"floor":22,"key":"SteroidPotion"}],"is_trial":false,"path_per_floor":["M","?","M","?","?","E","T","?","T","?","M","M","R","?","R","B",null,"M","?","?","$","M","R","E"],"character_chosen":"IRONCLAD","items_purchased":["Lee\u0027s Waffle","Offering"],"campfire_rested":0,"item_purchase_floors":[21,21],"current_hp_per_floor":[72,58,60,53,53,41,41,30,30,48,56,65,65,65,65,10,54,45,17,10,81,65,65,0],"gold":38,"neow_bonus":"ONE_RARE_RELIC","is_prod":false,"is_daily":false,"chose_seed":false,"campfire_upgraded":2,"win_rate":0,"timestamp":1550762644,"path_taken":["M","?","M","?","?","E","?","?","T","?","M","M","R","?","R","BOSS","M","?","?","$","M","R","E"],"build_version":"2019-01-23","purchased_purges":1,"victory":false,"max_hp_per_floor":[72,72,72,72,72,72,72,72,72,72,72,72,72,72,72,72,69,74,74,74,81,81,81,81],"card_choices":[{"not_picked":["Disarm","Iron Wave"],"picked":"Seeing Red","floor":1},{"not_picked":["True Grit","Shrug It Off"],"picked":"Body Slam","floor":3},{"not_picked":["Perfected Strike","Evolve"],"picked":"Armaments","floor":6},{"not_picked":["Evolve","Wild Strike","Armaments"],"picked":"SKIP","floor":11},{"not_picked":["Hemokinesis","Twin Strike"],"picked":"Perfected Strike","floor":12},{"not_picked":["Feed","Double Tap"],"picked":"Barricade","floor":16},{"not_picked":["Clash+1","Fire Breathing+1"],"picked":"Body Slam","floor":18},{"not_picked":["Anger","Sword Boomerang+1"],"picked":"Corruption+1","floor":22}],"player_experience":41690,"relics_obtained":[{"floor":6,"key":"Letter Opener"},{"floor":7,"key":"Sundial"},{"floor":9,"key":"Dream Catcher"}],"event_choices":[{"damage_healed":0,"gold_gain":0,"player_choice":"Entered Light","damage_taken":14,"max_hp_gain":0,"max_hp_loss":0,"event_name":"Shining Light","floor":2,"gold_loss":0,"cards_upgraded":["Defend_R","Seeing Red"]},{"damage_healed":0,"gold_gain":0,"player_choice":"Success","damage_taken":7,"relics_obtained":["Juzu Bracelet"],"max_hp_gain":0,"max_hp_loss":0,"event_name":"Scrap Ooze","floor":4,"gold_loss":0},{"damage_healed":0,"gold_gain":0,"player_choice":"Ignored","damage_taken":0,"max_hp_gain":0,"max_hp_loss":0,"event_name":"Liars Game","floor":5,"gold_loss":0},{"damage_healed":0,"gold_gain":75,"player_choice":"Gather Gold","damage_taken":11,"max_hp_gain":0,"max_hp_loss":0,"event_name":"World of Goop","floor":8,"gold_loss":0},{"damage_healed":18,"gold_gain":0,"player_choice":"Healed and dodged fight","damage_taken":0,"max_hp_gain":0,"max_hp_loss":0,"event_name":"Mushrooms","floor":10,"gold_loss":0,"cards_obtained":["Parasite"]},{"damage_healed":0,"gold_gain":0,"player_choice":"Box","damage_taken":0,"relics_obtained":["Blood Vial"],"max_hp_gain":0,"max_hp_loss":0,"event_name":"Big Fish","floor":14,"gold_loss":0,"cards_obtained":["Regret"]},{"damage_healed":0,"gold_gain":0,"player_choice":"Fight","damage_taken":0,"max_hp_gain":0,"max_hp_loss":0,"event_name":"Colosseum","floor":19,"gold_loss":0},{"damage_healed":0,"gold_gain":0,"player_choice":"Fled From Nobs","damage_taken":0,"max_hp_gain":0,"max_hp_loss":0,"event_name":"Colosseum","floor":19,"gold_loss":0},{"damage_healed":0,"gold_gain":0,"player_choice":"Damaged","damage_taken":7,"max_hp_gain":0,"max_hp_loss":0,"event_name":"Wheel of Change","floor":20,"gold_loss":0}],"is_beta":false,"boss_relics":[{"not_picked":["Black Blood","Astrolabe"],"picked":"Empty Cage"}],"items_purged_floors":[21],"is_endless":false,"potions_floor_spawned":[1,3,16,18,22],"killed_by":"Gremlin Leader","ascension_level":8}