{"gold_per_floor":[111,124,124,124,49,84,84,9,58,70,88,102,67,92,92,193,193,211,136,57,69,86,116,116,116,163,180,180,180,205,120,120,217,217,237,256,1,1,21,52,52,86,86,112,125,125,125,80,80,80],"floor_reached":51,"playtime":5962,"items_purged":["Doubt","Strike_R"],"score":804,"play_id":"7a6f85ec-feb0-4217-8f5e-5b2b6c4d5bdc","local_time":"20181106021927","is_ascension_mode":true,"campfire_choices":[{"data":"Armaments","floor":7.0,"key":"SMITH"},{"data":"Metallicize","floor":15,"key":"SMITH"},{"floor":24,"key":"REST"},{"data":"Pommel Strike","floor":29,"key":"SMITH"},{"floor":32,"key":"REST"},{"floor":41,"key":"REST"},{"floor":46,"key":"REST"},{"data":"Spot Weakness","floor":49,"key":"SMITH"}],"neow_cost":"CURSE","seed_source_timestamp":0,"circlet_count":0,"master_deck":["Strike_R","Defend_R","Bash","Pommel Strike+1","Armaments+1","Metallicize+1","Headbutt","Flame Barrier","Offering","Reaper","Anger+1","Warcry+1","Hemokinesis+1","Shrug It Off","Spot Weakness+1","Disarm+1","Heavy Blade","Ghostly Armor","Seeing Red+1","Barricade","Anger","Seeing Red","Madness","Madness","Battle Trance+1","Flame Barrier+1","Anger+1","Shrug It Off"],"special_seed":0,"relics":["Burning Blood","Nunchaku","Red Skull","Bird Faced Urn","Vajra","Matryoshka","Astrolabe","Gremlin Horn","Strawberry","Bag of Marbles","Self Forming Clay","Potion Belt","Runic Cube","Centennial Puzzle","Orichalcum","Dream Catcher","Juzu Bracelet","Molten Egg 2","Boot"],"potions_floor_usage":[16,23,33,50,50],"damage_taken":[{"damage":3.0,"enemies":"Jaw Worm","floor":1.0,"turns":5.0},{"damage":9.0,"enemies":"2 Louse","floor":2.0,"turns":4.0},{"damage":37.0,"enemies":"Lagavulin","floor":6.0,"turns":8.0},{"damage":0.0,"enemies":"Small Slimes","floor":10.0,"turns":3.0},{"damage":8.0,"enemies":"Blue Slaver","floor":11.0,"turns":2.0},{"damage":6.0,"enemies":"2 Fungi Beasts","floor":12.0,"turns":3.0},{"damage":9,"enemies":"3 Sentries","floor":14,"turns":8},{"damage":25,"enemies":"Slime Boss","floor":16,"turns":8},{"damage":17,"enemies":"Shell Parasite","floor":18,"turns":3},{"damage":11,"enemies":"Chosen","floor":21,"turns":3},{"damage":23,"enemies":"Shelled Parasite and Fungi","floor":22,"turns":6},{"damage":36,"enemies":"Book of Stabbing","floor":23,"turns":5},{"damage":23,"enemies":"Snake Plant","floor":27,"turns":5},{"damage":14,"enemies":"Slavers","floor":30,"turns":4},{"damage":51,"enemies":"Champ","floor":33,"turns":9},{"damage":18,"enemies":"3 Darklings","floor":35,"turns":4},{"damage":9,"enemies":"Orb Walker","floor":36,"turns":2},{"damage":20,"enemies":"Spire Growth","floor":39,"turns":5},{"damage":35,"enemies":"Reptomancer","floor":40,"turns":4},{"damage":12,"enemies":"Giant Head","floor":42,"turns":5},{"damage":51,"enemies":"Nemesis","floor":44,"turns":7},{"damage":8,"enemies":"Sphere and 2 Shapes","floor":45,"turns":3},{"damage":39,"enemies":"Awakened One","floor":50,"turns":9}],"seed_played":"7729285061766676091","potions_obtained":[{"floor":6.0,"key":"Fire Potion"},{"floor":10.0,"key":"Energy Potion"},{"floor":16,"key":"FearPotion"},{"floor":23,"key":"SmokeBomb"},{"floor":27,"key":"FearPotion"},{"floor":30,"key":"Regen Potion"},{"floor":39,"key":"SpeedPotion"},{"floor":40,"key":"Energy Potion"},{"floor":45,"key":"Explosive Potion"}],"is_trial":false,"path_per_floor":["M","M","?","?","$","E","R","$","T","M","M","M","M","?","E","R","B",null,"M","?","$","M","M","E","R","?","T","M","$","R","E","?","R","B",null,"M","M","$","?","M","E","R","E","T","E","M","R","?","$","R","B",null],"character_chosen":"IRONCLAD","items_purchased":["Metallicize","Spot Weakness","Centennial Puzzle","Shrug It Off"],"campfire_rested":4,"item_purchase_floors":[5,20,37,48],"current_hp_per_floor":[80,77,70,63,63,32,32,32,32,40,38,40,60,59,59,42,80,70,70,70,67,60,44,68,68,75,65,65,65,65,65,87,53,87,85,84,84,73,63,57,83,81,81,50,50,76,76,76,76,64],"gold":80,"neow_bonus":"ONE_RARE_RELIC","is_prod":false,"is_daily":false,"chose_seed":false,"campfire_upgraded":4,"win_rate":0,"timestamp":1541499567,"path_taken":["M","M","?","?","$","E","R","?","T","M","M","M","?","E","R","BOSS","M","?","$","M","M","E","R","?","T","M","?","R","E","?","R","BOSS","M","M","$","?","M","E","R","E","T","E","M","R","?","$","R","BOSS"],"build_version":"2018-11-01","purchased_purges":2,"victory":true,"max_hp_per_floor":[80,80,80,80,80,80,80,80,80,80,80,80,80,80,80,80,80,80,80,80,80,80,80,80,80,87,87,87,87,87,87,87,87,87,87,87,87,87,87,87,87,87,87,87,87,87,87,87,87,87],"card_choices":[{"not_picked":["Clothesline","Clash"],"picked":"Pommel Strike","floor":1.0},{"not_picked":["Bloodletting","Clash"],"picked":"Armaments","floor":2.0},{"not_picked":["Flex","Iron Wave","Fiend Fire"],"picked":"SKIP","floor":6.0},{"not_picked":["Cleave","Feel No Pain"],"picked":"Headbutt","floor":10.0},{"not_picked":["Clash","Sword Boomerang"],"picked":"Flame Barrier","floor":11.0},{"not_picked":["Sever Soul","Headbutt","Seeing Red"],"picked":"SKIP","floor":12},{"not_picked":["Fire Breathing","Body Slam"],"picked":"Offering","floor":14},{"not_picked":["Double Tap","Dark Embrace"],"picked":"Reaper","floor":16},{"not_picked":["Iron Wave","Flex"],"picked":"Shrug It Off","floor":18},{"not_picked":["Armaments","Flame Barrier"],"picked":"Disarm+1","floor":21},{"not_picked":["Perfected Strike","Rampage"],"picked":"Heavy Blade","floor":22},{"not_picked":["Thunderclap","Blood for Blood"],"picked":"Ghostly Armor","floor":23},{"not_picked":["Body Slam","Heavy Blade","Twin Strike+1"],"picked":"SKIP","floor":27},{"not_picked":["Heavy Blade+1","Immolate"],"picked":"Seeing Red+1","floor":30},{"not_picked":["Bludgeon","Dark Embrace"],"picked":"Barricade","floor":33},{"not_picked":["Sever Soul+1","Heavy Blade+1"],"picked":"Anger","floor":35},{"not_picked":["Armaments+1","Disarm"],"picked":"Seeing Red","floor":36},{"not_picked":["Flex+1","Perfected Strike"],"picked":"Battle Trance+1","floor":39},{"not_picked":["Combust","Impervious"],"picked":"Flame Barrier+1","floor":40},{"not_picked":["Disarm","Heavy Blade"],"picked":"Anger+1","floor":42},{"not_picked":["Evolve+1","Rage","Sword Boomerang+1"],"picked":"SKIP","floor":44},{"not_picked":["Perfected Strike+1","Blood for Blood+1","Twin Strike+1"],"picked":"SKIP","floor":45}],"player_experience":168481,"relics_obtained":[{"floor":6.0,"key":"Bird Faced Urn"},{"floor":9.0,"key":"Vajra"},{"floor":14,"key":"Matryoshka"},{"floor":23,"key":"Gremlin Horn"},{"floor":26,"key":"Strawberry"},{"floor":26,"key":"Bag of Marbles"},{"floor":30,"key":"Self Forming Clay"},{"floor":40,"key":"Orichalcum"},{"floor":42,"key":"Dream Catcher"},{"floor":43,"key":"Juzu Bracelet"},{"floor":43,"key":"Molten Egg 2"},{"floor":44,"key":"Boot"}],"event_choices":[{"cards_removed":["Strike_R"],"damage_healed":0.0,"max_hp_gain":0.0,"max_hp_loss":0.0,"gold_gain":0.0,"event_name":"Golden Wing","player_choice":"Card Removal","floor":3.0,"gold_loss":0.0,"damage_taken":7.0},{"damage_healed":0.0,"max_hp_gain":0.0,"max_hp_loss":0.0,"gold_gain":0.0,"event_name":"Scrap Ooze","player_choice":"Success","floor":4.0,"gold_loss":0.0,"damage_taken":7.0,"relics_obtained":["Red Skull"]},{"damage_healed":20,"gold_gain":0,"player_choice":"Healed","damage_taken":0,"max_hp_gain":0,"max_hp_loss":0,"event_name":"The Cleric","floor":13,"gold_loss":35},{"cards_removed":["Defend_R"],"damage_healed":0,"gold_gain":0,"player_choice":"Gave Gold","damage_taken":0,"max_hp_gain":0,"max_hp_loss":0,"event_name":"Beggar","floor":19,"gold_loss":75},{"cards_removed":["Strike_R"],"damage_healed":0,"gold_gain":0,"player_choice":"Elegance","damage_taken":0,"max_hp_gain":0,"max_hp_loss":0,"event_name":"Back to Basics","floor":25,"gold_loss":0},{"damage_healed":0,"gold_gain":0,"player_choice":"Obtained Relic","damage_taken":0,"relics_obtained":["Potion Belt"],"max_hp_gain":0,"max_hp_loss":0,"event_name":"Addict","floor":31,"gold_loss":85},{"damage_healed":0,"gold_gain":0,"player_choice":"Embrace Madness","damage_taken":11,"max_hp_gain":0,"max_hp_loss":0,"event_name":"Winding Halls","floor":38,"gold_loss":0,"cards_obtained":["Madness","Madness"]},{"damage_healed":0,"gold_gain":0,"player_choice":"Memory 1","damage_taken":0,"max_hp_gain":0,"max_hp_loss":0,"event_name":"SensoryStone","floor":47,"gold_loss":0}],"is_beta":false,"boss_relics":[{"not_picked":["Busted Crown","Black Star"],"picked":"Astrolabe"},{"not_picked":["White Beast Statue","Orrery"],"picked":"Runic Cube"}],"items_purged_floors":[8,37],"is_endless":false,"potions_floor_spawned":[6,10,16,23,27,30,39,40,45],"ascension_level":2}