{"gold_per_floor":[118,193,147,97,97,110,121,121,121,155,155,171,200,214,214,316,316,333,99,113,125,125,144,162,162],"floor_reached":25,"playtime":1190,"items_purged":["Writhe"],"score":280,"play_id":"0885bbf3-44a4-4a68-ae5c-f638597aec05","local_time":"20190221052036","is_ascension_mode":true,"campfire_choices":[{"data":"Armaments","floor":8,"key":"SMITH"},{"data":"Double Tap","floor":11,"key":"SMITH"},{"data":"Uppercut","floor":15,"key":"SMITH"}],"neow_cost":"TEN_PERCENT_HP_LOSS","seed_source_timestamp":347472672499441,"circlet_count":0,"master_deck":["Strike_R","Strike_R","Defend_R","Defend_R","Defend_R","Defend_R","Bash","Cleave","Second Wind","Armaments+1","Flex","Double Tap+1","Spot Weakness","Disarm","Uppercut+1","True Grit","Seeing Red","Immolate","True Grit","Whirlwind","Dual Wield","Seeing Red+1","Ghostly Armor"],"relics":["Burning Blood","Dodecahedron","PreservedInsect","Anchor","Eternal Feather"],"potions_floor_usage":[7,10,14,14,21,24,25,25],"damage_taken":[{"damage":0,"enemies":"2 Louse","floor":1,"turns":3},{"damage":3,"enemies":"Small Slimes","floor":6,"turns":4},{"damage":1,"enemies":"Cultist","floor":7,"turns":4},{"damage":31,"enemies":"Gremlin Nob","floor":10,"turns":5},{"damage":4,"enemies":"Large Slime","floor":12,"turns":6},{"damage":15,"enemies":"Lagavulin","floor":13,"turns":5},{"damage":0,"enemies":"Exordium Wildlife","floor":14,"turns":3},{"damage":27,"enemies":"Hexaghost","floor":16,"turns":10},{"damage":9,"enemies":"3 Byrds","floor":18,"turns":4},{"damage":36,"enemies":"Chosen","floor":20,"turns":7},{"damage":14,"enemies":"Snake Plant","floor":21,"turns":4},{"damage":0,"enemies":"3 Cultists","floor":23,"turns":2},{"damage":0,"enemies":"Shelled Parasite and Fungi","floor":24,"turns":7},{"damage":39,"enemies":"Book of Stabbing","floor":25,"turns":5}],"seed_played":"-5732563292128799771","potions_obtained":[{"floor":6,"key":"Weak Potion"},{"floor":7,"key":"Fruit Juice"},{"floor":10,"key":"Fire Potion"},{"floor":12,"key":"Explosive Potion"},{"floor":20,"key":"LiquidBronze"},{"floor":21,"key":"EssenceOfSteel"},{"floor":23,"key":"FearPotion"}],"is_trial":false,"path_per_floor":["M","?","$","?","?","M","M","R","T","E","R","M","E","M","R","B",null,"M","$","M","M","?","M","M","E"],"character_chosen":"IRONCLAD","items_purchased":["Flex","Whirlwind","Dual Wield","Energy Potion"],"campfire_rested":0,"item_purchase_floors":[3,19,19,19],"current_hp_per_floor":[72,61,61,61,61,64,74,74,74,49,49,51,42,48,48,27,65,62,62,32,24,24,30,36,0],"gold":162,"neow_bonus":"TRANSFORM_TWO_CARDS","is_prod":false,"is_daily":false,"chose_seed":false,"campfire_upgraded":3,"win_rate":0,"timestamp":1550694036,"path_taken":["M","?","$","?","?","M","M","R","T","E","R","M","E","M","R","BOSS","M","$","M","M","?","M","M","E"],"build_version":"2019-01-23","purchased_purges":1,"victory":false,"max_hp_per_floor":[72,72,72,72,72,72,77,77,77,77,77,77,77,77,77,77,77,77,77,77,77,77,77,77,77],"card_choices":[{"not_picked":["Heavy Blade","Inflame"],"picked":"Armaments","floor":1},{"not_picked":["Wild Strike","Rupture","Armaments"],"picked":"SKIP","floor":6},{"not_picked":["Dropkick","True Grit"],"picked":"Spot Weakness","floor":7},{"not_picked":["Perfected Strike","Cleave"],"picked":"Disarm","floor":10},{"not_picked":["Perfected Strike","Spot Weakness"],"picked":"Uppercut","floor":12},{"not_picked":["Wild Strike","Exhume"],"picked":"True Grit","floor":13},{"not_picked":["Armaments","Metallicize"],"picked":"Seeing Red","floor":14},{"not_picked":["Bludgeon","Brutality"],"picked":"Immolate","floor":16},{"not_picked":["Havoc+1","Perfected Strike"],"picked":"True Grit","floor":18},{"not_picked":["Anger+1","Sever Soul","Twin Strike"],"picked":"SKIP","floor":20},{"not_picked":["Armaments","Wild Strike","Second Wind"],"picked":"SKIP","floor":21},{"not_picked":["Twin Strike","Heavy Blade"],"picked":"Seeing Red+1","floor":23},{"not_picked":["Perfected Strike","Armaments"],"picked":"Ghostly Armor","floor":24}],"player_experience":23130,"relics_obtained":[{"floor":9,"key":"Dodecahedron"},{"floor":10,"key":"PreservedInsect"},{"floor":13,"key":"Anchor"}],"event_choices":[{"damage_healed":0,"gold_gain":75,"player_choice":"Gather Gold","damage_taken":11,"max_hp_gain":0,"max_hp_loss":0,"event_name":"World of Goop","floor":2,"gold_loss":0},{"cards_removed":["Strike_R"],"damage_healed":0,"gold_gain":0,"player_choice":"Card Removal","damage_taken":0,"max_hp_gain":0,"max_hp_loss":0,"event_name":"The Cleric","floor":4,"gold_loss":50},{"damage_healed":0,"gold_gain":0,"player_choice":"2 cards matched","damage_taken":0,"max_hp_gain":0,"max_hp_loss":0,"event_name":"Match and Keep!","floor":5,"gold_loss":0,"cards_obtained":["Writhe","Double Tap"]},{"damage_healed":0,"gold_gain":0,"player_choice":"Ignored","damage_taken":0,"max_hp_gain":0,"max_hp_loss":0,"event_name":"Cursed Tome","floor":22,"gold_loss":0}],"is_beta":false,"boss_relics":[{"not_picked":["Snecko Eye","Philosopher\u0027s Stone"],"picked":"Eternal Feather"}],"items_purged_floors":[19],"is_endless":false,"potions_floor_spawned":[6,7,10,12,20,21,23],"killed_by":"Book of Stabbing","ascension_level":6}