{"gold_per_floor":[363,438,216,227,87,87,106,106,106,106,106,106,132,132,132,227,227,197,112,112],"floor_reached":20,"playtime":4506,"items_purged":["Strike_R"],"score":168,"play_id":"128d7748-d0a6-42cb-bb4e-f0745015a71b","local_time":"20181226013244","is_ascension_mode":false,"campfire_choices":[{"data":"Limit Break","floor":6.0,"key":"SMITH"},{"data":"Pommel Strike","floor":8.0,"key":"SMITH"},{"data":"Bash","floor":10.0,"key":"SMITH"},{"data":"Shrug It Off","floor":12.0,"key":"SMITH"},{"floor":15.0,"key":"REST"}],"neow_cost":"PERCENT_DAMAGE","seed_source_timestamp":0,"circlet_count":0,"master_deck":["Strike_R","Strike_R","Strike_R","Defend_R","Defend_R","Defend_R","Bash+1","Shrug It Off+1","Clash","Limit Break+1","Pommel Strike+1","Impervious","Demon Form"],"special_seed":0,"relics":["Burning Blood","PreservedInsect","Gremlin Horn","Ornamental Fan","Runic Pyramid","WingedGreaves"],"potions_floor_usage":[16],"damage_taken":[{"damage":0.0,"enemies":"Small Slimes","floor":1.0,"turns":3.0},{"damage":1.0,"enemies":"Jaw Worm","floor":4.0,"turns":6.0},{"damage":0.0,"enemies":"Cultist","floor":7.0,"turns":3.0},{"damage":4.0,"enemies":"3 Sentries","floor":13.0,"turns":8.0},{"damage":62,"enemies":"Slime Boss","floor":16,"turns":21},{"damage":15,"enemies":"2 Thieves","floor":18,"turns":5},{"damage":17,"enemies":"Shell Parasite","floor":20,"turns":4}],"seed_played":"-6900214162547801610","potions_obtained":[{"floor":7.0,"key":"SkillPotion"},{"floor":18,"key":"Ancient Potion"}],"is_trial":false,"path_per_floor":["M","?","$","M","$","R","M","R","T","R","?","R","E","?","R","B",null,"M","?","M"],"character_chosen":"IRONCLAD","items_purchased":["PreservedInsect","Limit Break"],"campfire_rested":1,"item_purchase_floors":[3,5],"current_hp_per_floor":[62,51,51,56,56,56,62,62,62,62,55,55,57,57,80,24,80,71,71,54],"gold":112,"neow_bonus":"TWO_FIFTY_GOLD","is_prod":false,"is_daily":false,"chose_seed":false,"campfire_upgraded":4,"win_rate":0,"timestamp":1545784364,"path_taken":["M","?","$","M","$","R","M","R","T","R","?","R","E","?","R","BOSS","M","?","M"],"build_version":"2018-12-20","purchased_purges":1,"victory":false,"max_hp_per_floor":[80,80,80,80,80,80,80,80,80,80,80,80,80,80,80,80,80,80,80,80],"card_choices":[{"not_picked":["Flex","Iron Wave"],"picked":"Shrug It Off","floor":1.0},{"not_picked":["Inflame","Evolve"],"picked":"Clash","floor":4.0},{"not_picked":["Fire Breathing","Flex"],"picked":"Pommel Strike","floor":7.0},{"not_picked":["Reckless Charge","Iron Wave"],"picked":"Impervious","floor":13.0},{"not_picked":["Fiend Fire","Offering"],"picked":"Demon Form","floor":16},{"not_picked":["Clothesline","Clash","True Grit"],"picked":"SKIP","floor":18}],"player_experience":94164,"relics_obtained":[{"floor":9.0,"key":"Gremlin Horn"},{"floor":13.0,"key":"Ornamental Fan"}],"event_choices":[{"damage_healed":0.0,"max_hp_gain":0.0,"max_hp_loss":0.0,"gold_gain":75.0,"event_name":"World of Goop","player_choice":"Gather Gold","floor":2.0,"gold_loss":0.0,"damage_taken":11.0},{"cards_removed":["Strike_R"],"damage_healed":0.0,"max_hp_gain":0.0,"max_hp_loss":0.0,"gold_gain":0.0,"event_name":"Golden Wing","player_choice":"Card Removal","floor":11.0,"gold_loss":0.0,"damage_taken":7.0},{"cards_removed":["Defend_R"],"damage_healed":0.0,"max_hp_gain":0.0,"max_hp_loss":0.0,"gold_gain":0.0,"event_name":"Purifier","player_choice":"Purged","floor":14.0,"gold_loss":0.0,"damage_taken":0.0},{"damage_healed":0,"gold_gain":0,"player_choice":"Obtained Relic","damage_taken":0,"relics_obtained":["WingedGreaves"],"max_hp_gain":0,"max_hp_loss":0,"event_name":"Addict","floor":19,"gold_loss":85}],"is_beta":false,"boss_relics":[{"not_picked":["Tiny House","Fusion Hammer"],"picked":"Runic Pyramid"}],"items_purged_floors":[3],"is_endless":false,"potions_floor_spawned":[7,18],"killed_by":"Shell Parasite","ascension_level":0}