{"path_per_floor":["M","$","?","?","?","E","M","R","T","E","R","M","M","M","R","B",null,"M","?","?","?","T"],"character_chosen":"DEFECT","items_purchased":["Go for the Eyes"],"gold_per_floor":[119,73,73,148,323,348,367,367,367,401,401,415,425,435,435,533,563,583,683,683,683,683,683],"floor_reached":23,"campfire_rested":1,"playtime":771,"item_purchase_floors":[2],"current_hp_per_floor":[74,74,74,63,63,35,40,40,40,27,49,47,54,54,54,27,80,76,76,40,40,40,0],"items_purged":[],"gold":683,"score":232,"play_id":"8eb4d6f6-6483-41ce-ba96-038a8ff80145","local_time":"20180521201928","is_prod":false,"is_daily":false,"chose_seed":false,"is_ascension_mode":true,"campfire_upgraded":2,"timestamp":1526905168,"campfire_choices":[{"data":"Zap","floor":8,"key":"SMITH"},{"floor":11,"key":"REST"},{"data":"Go for the Eyes","floor":15,"key":"SMITH"}],"path_taken":["M","$","?","?","?","E","M","R","T","E","R","M","M","M","R","BOSS","M","?","?","?","?","E"],"build_version":"2018-05-18","seed_source_timestamp":269749061431286,"purchased_purges":0,"victory":false,"master_deck":["Strike_B","Strike_B","Strike_B","Defend_B+1","Defend_B","Defend_B+1","Defend_B+1","Zap+1","Dualcast","Rebound","Go for the Eyes+1","Self Repair","Doubt","Blizzard","Ball Lightning","Cold Snap","Glacier","Electrodynamics","Coolheaded","Coolheaded","Ghostly","Ghostly","Ghostly","Ghostly","Ghostly","Finesse"],"max_hp_per_floor":[75,75,75,75,75,75,75,75,75,75,75,75,75,75,75,75,80,80,80,40,40,40,40],"relics":["Cracked Core","Happy Flower","Unceasing Top","War Paint","Letter Opener","Tiny House","Kunai"],"card_choices":[{"not_picked":["Sweeping Beam","Steam"],"picked":"Rebound","floor":1},{"not_picked":["Rainbow","Darkness"],"picked":"Blizzard","floor":6},{"not_picked":["Turbo","Hello World","Barrage"],"picked":"SKIP","floor":7},{"not_picked":["Stack","Reprogram"],"picked":"Ball Lightning","floor":10},{"not_picked":["Stack","Tempest"],"picked":"Cold Snap","floor":12},{"not_picked":["Axe Kick","Barrage"],"picked":"Glacier","floor":13},{"not_picked":["Machine Learning","Leap","Hello World"],"picked":"SKIP","floor":14},{"not_picked":["Buffer","Creative AI"],"picked":"Electrodynamics","floor":16},{"not_picked":["Leap","Axe Kick"],"picked":"Coolheaded","floor":17},{"not_picked":["Gash","Turbo"],"picked":"Coolheaded","floor":18}],"player_experience":42489,"potions_floor_usage":[7],"damage_taken":[{"damage":1,"enemies":"Cultist","floor":1,"turns":4},{"damage":35,"enemies":"Lagavulin","floor":6,"turns":6},{"damage":11,"enemies":"Jaw Worm","floor":7,"turns":3},{"damage":20,"enemies":"3 Sentries","floor":10,"turns":7},{"damage":2,"enemies":"Small Slimes","floor":12,"turns":2},{"damage":0,"enemies":"2 Fungi Beasts","floor":13,"turns":2},{"damage":0,"enemies":"Looter","floor":14,"turns":2},{"damage":34,"enemies":"Slime Boss","floor":16,"turns":11},{"damage":11,"enemies":"Shell Parasite","floor":18,"turns":8},{"damage":46,"enemies":"Gremlin Leader","floor":23,"turns":7}],"relics_obtained":[{"floor":6,"key":"Unceasing Top"},{"floor":9,"key":"War Paint"},{"floor":10,"key":"Letter Opener"},{"floor":22,"key":"Kunai"}],"event_choices":[{"event_name":"Living Wall","player_choice":"Change","floor":3,"damage_taken":0},{"event_name":"World of Goop","player_choice":"Gather Gold","floor":4,"damage_taken":0},{"event_name":"Liars Game","player_choice":"agreed","floor":5,"damage_taken":0},{"event_name":"Golden Shrine","player_choice":"Pray","floor":19,"damage_taken":0},{"event_name":"Ghosts","player_choice":"Became a Ghost","floor":20,"damage_taken":0},{"event_name":"Match and Keep!","player_choice":"1 cards matched","floor":21,"damage_taken":0}],"boss_relics":[{"not_picked":["Philosopher\u0027s Stone","Ectoplasm"],"picked":"Tiny House"}],"items_purged_floors":[],"potions_floor_spawned":[6,10,13,16],"seed_played":"7987959858110156560","killed_by":"Gremlin Leader","ascension_level":1,"potions_obtained":[{"floor":6,"key":"Regen Potion"},{"floor":10,"key":"Ancient Potion"},{"floor":13,"key":"Energy Potion"},{"floor":16,"key":"SpeedPotion"}],"is_trial":false}