{"path_per_floor":["M","$","?","M","M","E","R","M","T","M","R","E","?"],"character_chosen":"DEFECT","items_purchased":["Glacier","Capacitor"],"gold_per_floor":[213,79,29,46,63,96,96,116,143,157,157,191,191,191],"floor_reached":14,"campfire_rested":0,"playtime":740,"current_hp_per_floor":[75,75,75,75,64,35,35,35,35,25,25,33,33,0],"items_purged":[],"gold":191,"score":100,"play_id":"1934d208-926a-4270-bea8-bb1c5757890f","local_time":"20180428143339","is_prod":false,"is_daily":false,"chose_seed":false,"is_ascension_mode":false,"campfire_upgraded":2,"timestamp":1524897219,"path_taken":["M","$","?","?","M","E","R","M","T","M","R","E","?","E"],"build_version":"2018-04-27","seed_source_timestamp":275020190645423,"purchased_purges":1,"victory":false,"master_deck":["Strike_B","Strike_B","Strike_B+1","Strike_B+1","Defend_B","Defend_B","Zap","Dualcast","Flux Capacitor","Glacier","Capacitor","Melter","Blizzard+1","Machine Learning","Impulse","Hologram+1","Glacier"],"max_hp_per_floor":[75,75,75,75,75,75,75,75,75,75,75,75,75,75],"relics":["Cracked Core","Dream Catcher","Whetstone","Bag of Marbles"],"card_choices":[{"not_picked":["Go for the Eyes","Axe Kick"],"picked":"Flux Capacitor","floor":1},{"not_picked":["Cold Snap","Defragment"],"picked":"Melter","floor":4},{"not_picked":["Axe Kick","Barrage"],"picked":"Blizzard","floor":5},{"not_picked":["Gash","Beam Cell"],"picked":"Machine Learning","floor":6},{"not_picked":["Barrage","Go for the Eyes"],"picked":"Impulse","floor":8},{"not_picked":["Rip and Tear","Leap"],"picked":"Hologram","floor":10},{"not_picked":["Ball Lightning","Go for the Eyes"],"picked":"Glacier","floor":12}],"player_experience":6005,"potions_floor_usage":[8,10,12],"damage_taken":[{"damage":0,"enemies":"Cultist","floor":1,"turns":4},{"damage":0,"enemies":"Small Slimes","floor":4,"turns":4},{"damage":11,"enemies":"Jaw Worm","floor":5,"turns":3},{"damage":29,"enemies":"Gremlin Nob","floor":6,"turns":6},{"damage":0,"enemies":"2 Fungi Beasts","floor":8,"turns":2},{"damage":10,"enemies":"Exordium Thugs","floor":10,"turns":4},{"damage":7,"enemies":"3 Sentries","floor":12,"turns":7},{"damage":37,"enemies":"Gremlin Nob","floor":14,"turns":5}],"event_choices":[{"event_name":"The Cleric","player_choice":"Card Removal","floor":3,"damage_taken":0},{"event_name":"Bonfire Elementals","player_choice":"BASIC","floor":13,"damage_taken":0}],"boss_relics":[],"potions_floor_spawned":[1,6,8,10,12],"seed_played":"6345332132498691180","killed_by":"Gremlin Nob","ascension_level":0,"is_trial":false}