{"path_per_floor":["?","?","?","?","?","?","?","?","?","?","?","?","?","?","?","B",null,"?","?","?","?","?","?","?","?","?","?","?","?","?","?","?","B",null,"?","?","?","?","?","?","?","?","?","?","?","?","?","?","?","B"],"character_chosen":"IRONCLAD","items_purchased":["Twin Strike","Inflame","Bottled Tornado","True Grit"],"gold_per_floor":[114,64,79,19,19,19,81,96,171,171,201,216,231,246,246,346,346,361,376,376,391,406,436,1,16,66,81,81,81,96,121,121,221,221,236,251,251,266,266,266,296,311,611,626,626,641,656,731,731,731],"floor_reached":51,"campfire_rested":1,"playtime":2942,"current_hp_per_floor":[80,80,75,75,75,75,60,56,56,56,41,41,39,35,35,26,80,80,80,80,71,78,46,46,36,36,26,65,65,75,75,75,41,80,79,77,77,80,80,80,12,79,79,33,33,30,55,55,55,22],"items_purged":[],"gold":731,"score":580,"play_id":"3cde262d-8100-4730-ae05-7078789570c6","local_time":"20180302143823","daily_mods":[{"name":"Diverse","description":"Start with 2 cards from another class.","modID":"Diverse","img":{"data":{"file":{"file":{"path":"images\\ui\\run_mods\\diverse.png"},"type":"Internal"},"width":64,"height":64,"format":"RGBA8888","useMipMaps":false,"isPrepared":false},"glTarget":3553,"glHandle":685,"minFilter":"Linear","magFilter":"Linear","uWrap":"ClampToEdge","vWrap":"ClampToEdge"},"positive":true},{"name":"Uncertain Future","description":"The map shows only ?.","modID":"Uncertain Future","img":{"data":{"file":{"file":{"path":"images\\ui\\run_mods\\uncertain_future.png"},"type":"Internal"},"width":64,"height":64,"format":"RGBA8888","useMipMaps":false,"isPrepared":false},"glTarget":3553,"glHandle":679,"minFilter":"Linear","magFilter":"Linear","uWrap":"ClampToEdge","vWrap":"ClampToEdge"},"positive":false},{"name":"Binary","description":"Card rewards contain only 2 cards.","modID":"Binary","img":{"data":{"file":{"file":{"path":"images\\ui\\run_mods\\binary.png"},"type":"Internal"},"width":64,"height":64,"format":"RGBA8888","useMipMaps":false,"isPrepared":false},"glTarget":3553,"glHandle":680,"minFilter":"Linear","magFilter":"Linear","uWrap":"ClampToEdge","vWrap":"ClampToEdge"},"positive":false},{"name":"Vintage","description":"The Merchant\u0027s prices are increased by 25%.","modID":"Vintage","img":{"data":{"file":{"file":{"path":"images\\ui\\run_mods\\vintage.png"},"type":"Internal"},"width":64,"height":64,"format":"RGBA8888","useMipMaps":false,"isPrepared":false},"glTarget":3553,"glHandle":677,"minFilter":"Linear","magFilter":"Linear","uWrap":"ClampToEdge","vWrap":"ClampToEdge"},"positive":false}],"is_prod":false,"is_daily":true,"is_ascension_mode":false,"campfire_upgraded":6,"timestamp":1519969103,"path_taken":["?","?","?","?","?","?","?","?","?","?","?","?","?","?","?","BOSS","?","?","?","?","?","?","?","?","?","?","?","?","?","?","?","BOSS","?","?","?","?","?","?","?","?","?","?","?","?","?","?","?","BOSS"],"build_version":"2018-03-01-PROD1","purchased_purges":1,"victory":true,"master_deck":["Strike_R","Strike_R","Strike_R","Strike_R","Strike_R","Defend_R","Defend_R","Defend_R","Bash","Bouncing Flask+1","Bouncing Flask+1","Warcry","Battle Trance","Twin Strike","Shockwave","Shrug It Off","Feel No Pain+1","Heavy Blade","Armaments+1","Warcry","Reaper","Perfected Strike+1","Armaments+1","Ghostly Armor","Clothesline+1","Feel No Pain+1","Inflame+1","True Grit","Twin Strike","Ghostly Armor+1","Sentinel","Impervious","Cleave+1","Pommel Strike+1","Perfected Strike+1","Wild Strike+1","True Grit+1","Carnage+1","Warcry+1"],"max_hp_per_floor":[80,80,80,80,80,80,80,80,80,80,80,80,80,80,80,80,80,80,80,80,80,80,80,80,80,80,80,80,80,80,80,80,80,80,80,80,80,80,80,80,80,80,80,80,80,80,80,80,80,80],"relics":["Burning Blood","Tiny Chest","Gremlin Horn","Pantograph","Velvet Choker","Frozen Egg 2","Bottled Tornado","Regal Pillow","Omamori","Calling Bell","Pen Nib","Sundial","Gambling Chip","Red Skull","Art of War","Old Coin","Dodecahedron"],"card_choices":[{"not_picked":["Clash"],"picked":"Warcry"},{"not_picked":["Body Slam"],"picked":"Battle Trance"},{"not_picked":["Clothesline"],"picked":"Shockwave"},{"not_picked":["Wild Strike"],"picked":"Shrug It Off"},{"not_picked":["Sword Boomerang"],"picked":"Feel No Pain"},{"not_picked":["Iron Wave"],"picked":"Heavy Blade"},{"not_picked":["Combust"],"picked":"Armaments"},{"not_picked":["Heavy Blade"],"picked":"Warcry"},{"not_picked":["Impervious"],"picked":"Reaper"},{"not_picked":["Cleave"],"picked":"Perfected Strike"},{"not_picked":["Rage"],"picked":"Armaments"},{"not_picked":["Clash"],"picked":"Ghostly Armor"},{"not_picked":["Iron Wave"],"picked":"Clothesline"},{"not_picked":["Sword Boomerang"],"picked":"Feel No Pain"},{"not_picked":["Searing Blow"],"picked":"Twin Strike"},{"not_picked":["Sword Boomerang"],"picked":"Ghostly Armor"},{"not_picked":["Clash"],"picked":"Sentinel"},{"not_picked":["Immolate"],"picked":"Impervious"},{"not_picked":["Clash"],"picked":"Cleave"},{"not_picked":["Dual Wield"],"picked":"Pommel Strike"},{"not_picked":["Sword Boomerang"],"picked":"Perfected Strike"},{"not_picked":["Twin Strike"],"picked":"Wild Strike"},{"not_picked":["Hemokinesis"],"picked":"True Grit"},{"not_picked":["Metallicize"],"picked":"Carnage"},{"not_picked":["Armaments"],"picked":"Warcry"}],"player_experience":531419,"potions_floor_usage":[7,7,7,11,16,22,23,23,25,41,46,50],"damage_taken":[{"damage":1,"enemies":"Cultist","floor":1,"turns":3},{"damage":11,"enemies":"Jaw Worm","floor":3,"turns":3},{"damage":21,"enemies":"Lagavulin Event","floor":7,"turns":5},{"damage":10,"enemies":"Small Slimes","floor":8,"turns":3},{"damage":21,"enemies":"Gremlin Nob","floor":11,"turns":4},{"damage":6,"enemies":"2 Fungi Beasts","floor":12,"turns":4},{"damage":8,"enemies":"Red Slaver","floor":13,"turns":3},{"damage":10,"enemies":"Looter","floor":14,"turns":4},{"damage":40,"enemies":"Slime Boss","floor":16,"turns":10},{"damage":8,"enemies":"3 Byrds","floor":18,"turns":5},{"damage":4,"enemies":"Chosen","floor":19,"turns":4},{"damage":15,"enemies":"Snecko","floor":21,"turns":4},{"damage":5,"enemies":"Cultist and Chosen","floor":22,"turns":6},{"damage":65,"enemies":"Slavers","floor":23,"turns":12},{"damage":19,"enemies":"Slaver and Parasite","floor":25,"turns":6},{"damage":16,"enemies":"Snake Plant","floor":27,"turns":3},{"damage":4,"enemies":"Centurion and Healer","floor":30,"turns":6},{"damage":56,"enemies":"Automaton","floor":33,"turns":11},{"damage":23,"enemies":"3 Shapes","floor":35,"turns":6},{"damage":8,"enemies":"Orb Walker","floor":36,"turns":4},{"damage":1,"enemies":"Sphere and 2 Shapes","floor":38,"turns":6},{"damage":88,"enemies":"2 Orb Walkers","floor":41,"turns":9},{"damage":7,"enemies":"4 Shapes","floor":42,"turns":8},{"damage":64,"enemies":"Maw","floor":44,"turns":10},{"damage":20,"enemies":"Sphere and 2 Shapes","floor":46,"turns":9},{"damage":11,"enemies":"3 Darklings","floor":47,"turns":5},{"damage":64,"enemies":"Time Eater","floor":50,"turns":12}],"event_choices":[{"event_name":"The Cleric","player_choice":"Card Removal","floor":2,"damage_taken":0},{"event_name":"The Lab","player_choice":"Got Potions","floor":5,"damage_taken":0},{"event_name":"Dead Adventurer","player_choice":"Searched \u00271\u0027 times","floor":7,"damage_taken":0},{"event_name":"Upgrade Shrine","player_choice":"Upgraded","floor":20,"damage_taken":0},{"event_name":"Purifier","player_choice":"One Purge","floor":39,"damage_taken":0},{"event_name":"Tomb of Lord Red Mask","player_choice":"Ignored","floor":45,"damage_taken":0}],"boss_relics":[{"not_picked":["Question Card","Cursed Key"],"picked":"Velvet Choker"},{"not_picked":["Snecko Eye","White Beast Statue"],"picked":"Calling Bell"}],"potions_floor_spawned":[3,8,11,12,14,16,21,22,27,36,46],"seed_played":"-4064848218327866266","ascension_level":0,"is_trial":false}