{"gold_per_floor":[19,33,33,33,7,7,23,23,70,83,96,96,121,145,145,268,268,293,165,165,80,80,80,100,100,100,121,165,181,181,181,181,309,309,328,90,111,444,444,444,544,564,564,582,597,597,138,156,156,156],"floor_reached":51,"playtime":2014,"items_purged":["Strike_R","Strike_R","Bash"],"score":959,"play_id":"140fae5d-3a7f-4f92-b68a-a31215e6163b","local_time":"20190223193348","is_ascension_mode":false,"campfire_choices":[{"data":"Body Slam","floor":6,"key":"SMITH"},{"data":"Disarm","floor":12,"key":"SMITH"},{"data":"Barricade","floor":15,"key":"SMITH"},{"data":"Shrug It Off","floor":23,"key":"SMITH"},{"data":"Shrug It Off","floor":25,"key":"SMITH"},{"data":"True Grit","floor":30,"key":"SMITH"},{"data":"Defend_R","floor":32,"key":"SMITH"},{"data":"Impervious","floor":40,"key":"SMITH"},{"data":"Defend_R","floor":46,"key":"SMITH"},{"data":"Battle Trance","floor":49,"key":"SMITH"}],"neow_cost":"NO_GOLD","seed_source_timestamp":21643440492103,"circlet_count":0,"master_deck":["Defend_R","Defend_R","Defend_R+1","Defend_R+1","Body Slam+1","Shrug It Off+1","Disarm+1","Barricade+1","Shrug It Off+1","True Grit+1","Impervious+1","Battle Trance+1"],"relics":["Burning Blood","Art of War","Runic Dome","Darkstone Periapt","Singing Bowl","StoneCalendar","Velvet Choker","Dead Branch","Du-Vu Doll","Sundial","Ginger"],"potions_floor_usage":[16,50,50,50],"damage_taken":[{"damage":2,"enemies":"Cultist","floor":1,"turns":5},{"damage":0,"enemies":"2 Louse","floor":2,"turns":4},{"damage":0,"enemies":"Jaw Worm","floor":7,"turns":3},{"damage":0,"enemies":"2 Fungi Beasts","floor":10,"turns":4},{"damage":23,"enemies":"Gremlin Gang","floor":11,"turns":10},{"damage":3,"enemies":"Exordium Thugs","floor":13,"turns":8},{"damage":0,"enemies":"2 Fungi Beasts","floor":14,"turns":5},{"damage":0,"enemies":"Slime Boss","floor":16,"turns":8},{"damage":0,"enemies":"Chosen","floor":18,"turns":8},{"damage":0,"enemies":"Shell Parasite","floor":24,"turns":4},{"damage":0,"enemies":"Snake Plant","floor":27,"turns":5},{"damage":0,"enemies":"Book of Stabbing","floor":28,"turns":6},{"damage":0,"enemies":"Sentry and Sphere","floor":29,"turns":6},{"damage":0,"enemies":"Champ","floor":33,"turns":8},{"damage":0,"enemies":"3 Shapes","floor":35,"turns":5},{"damage":0,"enemies":"Orb Walker","floor":37,"turns":4},{"damage":0,"enemies":"Mind Bloom Boss Battle","floor":41,"turns":5},{"damage":13,"enemies":"Jaw Worm Horde","floor":42,"turns":6},{"damage":19,"enemies":"Maw","floor":44,"turns":7},{"damage":0,"enemies":"Spire Growth","floor":45,"turns":3},{"damage":0,"enemies":"3 Darklings","floor":48,"turns":5},{"damage":0,"enemies":"Awakened One","floor":50,"turns":9}],"seed_played":"5895893206163129458","potions_obtained":[{"floor":1,"key":"Dexterity Potion"},{"floor":2,"key":"Dexterity Potion"},{"floor":16,"key":"Ancient Potion"},{"floor":24,"key":"Ancient Potion"},{"floor":33,"key":"Regen Potion"},{"floor":35,"key":"EssenceOfSteel"}],"is_trial":false,"path_per_floor":["M","M","?","?","$","R","M","?","T","M","M","R","M","M","R","B",null,"M","$","?","?","$","R","M","R","T","M","E","M","R","?","R","B",null,"M","$","M","?","T","R","?","M","T","M","M","R","$","M","R","B",null],"character_chosen":"IRONCLAD","items_purchased":["Shrug It Off","Shrug It Off","Impervious","Dexterity Potion","Ginger"],"campfire_rested":0,"item_purchase_floors":[5,19,36,47,47],"current_hp_per_floor":[80,80,73,53,53,53,59,59,59,65,48,48,51,57,57,63,80,80,80,65,65,65,65,71,71,71,79,87,89,89,89,89,91,91,93,93,95,95,95,95,97,92,92,79,87,87,87,95,95,101],"gold":156,"neow_bonus":"REMOVE_TWO","is_prod":false,"is_daily":false,"chose_seed":false,"campfire_upgraded":10,"win_rate":0,"timestamp":1550968428,"path_taken":["M","M","?","?","?","R","M","?","T","M","?","R","M","M","R","BOSS","M","$","?","?","?","R","M","R","T","M","E","?","R","?","R","BOSS","M","$","M","?","?","R","?","M","T","M","M","R","?","M","R","BOSS"],"build_version":"2019-01-23","purchased_purges":3,"victory":true,"max_hp_per_floor":[80,80,80,80,80,80,80,80,80,80,80,80,80,80,80,80,80,80,80,85,85,85,85,85,85,85,87,89,89,89,89,89,91,91,93,93,95,95,95,95,97,99,99,99,101,101,101,103,103,103],"card_choices":[{"not_picked":["Sever Soul","True Grit","Pummel"],"picked":"SKIP","floor":1},{"not_picked":["Inflame","Shockwave"],"picked":"Body Slam","floor":2},{"not_picked":["Thunderclap","Body Slam","Flex"],"picked":"SKIP","floor":7},{"not_picked":["Perfected Strike","Headbutt","Clash"],"picked":"SKIP","floor":10},{"not_picked":["Anger","Wild Strike"],"picked":"Disarm","floor":11},{"not_picked":["Bloodletting","Pommel Strike","Reckless Charge"],"picked":"SKIP","floor":13},{"not_picked":["Infernal Blade","Headbutt"],"picked":"Barricade","floor":14},{"not_picked":["Headbutt","Perfected Strike","Bloodletting"],"picked":"SKIP","floor":18},{"not_picked":["Fire Breathing","Iron Wave","Anger"],"picked":"SKIP","floor":24},{"not_picked":["Searing Blow","Headbutt+1","Clothesline"],"picked":"Singing Bowl","floor":27},{"not_picked":["Rampage+1","Immolate","Heavy Blade"],"picked":"Singing Bowl","floor":28},{"not_picked":["Twin Strike","Rupture"],"picked":"True Grit","floor":29},{"not_picked":["Barricade","Berserk","Dark Embrace"],"picked":"Singing Bowl","floor":33},{"not_picked":["Dropkick","Body Slam+1","Rampage"],"picked":"Singing Bowl","floor":35},{"not_picked":["Disarm+1","Feel No Pain","Anger"],"picked":"Singing Bowl","floor":37},{"not_picked":["Dual Wield+1","Twin Strike+1","Shockwave"],"picked":"Singing Bowl","floor":41},{"not_picked":["Whirlwind+1","Rupture","Iron Wave"],"picked":"Singing Bowl","floor":42},{"not_picked":["Sentinel","Dual Wield"],"picked":"Battle Trance","floor":44},{"not_picked":["Twin Strike","Havoc","Inflame+1"],"picked":"Singing Bowl","floor":45},{"not_picked":["Seeing Red","Cleave+1","Clash"],"picked":"Singing Bowl","floor":48}],"player_experience":439616,"relics_obtained":[{"floor":9,"key":"Art of War"},{"floor":26,"key":"Singing Bowl"},{"floor":28,"key":"StoneCalendar"},{"floor":39,"key":"Dead Branch"},{"floor":41,"key":"Du-Vu Doll"},{"floor":43,"key":"Sundial"}],"event_choices":[{"cards_removed":["Strike_R"],"damage_healed":0,"gold_gain":0,"player_choice":"Card Removal","damage_taken":7,"max_hp_gain":0,"max_hp_loss":0,"event_name":"Golden Wing","floor":3,"gold_loss":0},{"damage_healed":0,"gold_gain":0,"player_choice":"Take Damage","damage_taken":20,"relics_obtained":["Golden Idol"],"max_hp_gain":0,"max_hp_loss":0,"event_name":"Golden Idol","floor":4,"gold_loss":0},{"damage_healed":0,"gold_gain":0,"player_choice":"Ignored","damage_taken":0,"max_hp_gain":0,"max_hp_loss":0,"event_name":"NoteForYourself","floor":8,"gold_loss":0},{"damage_healed":0,"gold_gain":0,"player_choice":"Shed Blood","damage_taken":20,"max_hp_gain":5,"max_hp_loss":0,"event_name":"Forgotten Altar","floor":20,"gold_loss":0},{"damage_healed":0,"gold_gain":0,"player_choice":"Obtained Relic","damage_taken":0,"relics_obtained":["Darkstone Periapt"],"max_hp_gain":0,"max_hp_loss":0,"event_name":"Addict","floor":21,"gold_loss":85},{"damage_healed":0,"gold_gain":0,"player_choice":"Ignored","damage_taken":0,"max_hp_gain":0,"max_hp_loss":0,"event_name":"Duplicator","floor":31,"gold_loss":0},{"damage_healed":0,"gold_gain":333,"player_choice":"Gave Idol","damage_taken":0,"max_hp_gain":0,"max_hp_loss":0,"event_name":"The Moai Head","floor":38,"relics_lost":["Golden Idol"],"gold_loss":0},{"damage_healed":0,"gold_gain":0,"player_choice":"Fight","damage_taken":0,"max_hp_gain":0,"max_hp_loss":0,"event_name":"MindBloom","floor":41,"gold_loss":0}],"is_beta":false,"boss_relics":[{"not_picked":["Empty Cage","Black Blood"],"picked":"Runic Dome"},{"not_picked":["White Beast Statue","Busted Crown"],"picked":"Velvet Choker"}],"items_purged_floors":[19,36,47],"is_endless":false,"potions_floor_spawned":[1,2,16,24,33,35,41,45],"ascension_level":0}