{"gold_per_floor":[116,41,41,41,58,58,86,86,86,86,97,97,197,223,223,223],"floor_reached":16,"playtime":416,"items_purged":["Defend_G"],"score":151,"play_id":"91e19edd-a962-4e3a-ae0a-b793b802c02f","local_time":"20181204213745","is_ascension_mode":true,"campfire_choices":[{"floor":6,"key":"RECALL"},{"data":"Predator","floor":8,"key":"SMITH"},{"data":"Neutralize","floor":10,"key":"SMITH"},{"floor":15,"key":"REST"}],"neow_cost":"NONE","seed_source_timestamp":881469378376276,"circlet_count":0,"master_deck":["Defend_G","Defend_G","Defend_G","Defend_G","Strike_G","Strike_G","Strike_G","Strike_G","Survivor","Neutralize+1","Predator+1","Cloak And Dagger"],"relics":["Ring of the Snake","NeowsBlessing","Lantern","Potion Belt","Girya"],"potions_floor_usage":[16],"damage_taken":[{"damage":0,"enemies":"Small Slimes","floor":1,"turns":1},{"damage":0,"enemies":"Cultist","floor":5,"turns":1},{"damage":0,"enemies":"Lagavulin","floor":7,"turns":1},{"damage":16,"enemies":"Jaw Worm","floor":11,"turns":5},{"damage":24,"enemies":"Gremlin Nob","floor":14,"turns":4},{"damage":33,"enemies":"Hexaghost","floor":16,"turns":14}],"seed_played":"6222852242006049622","potions_obtained":[{"floor":14,"key":"Weak Potion"}],"is_trial":false,"path_per_floor":["M","$","?","$","M","R","E","R","T","R","M","?","?","E","R","B"],"character_chosen":"THE_SILENT","items_purchased":[],"campfire_rested":1,"item_purchase_floors":[],"current_hp_per_floor":[70,70,70,70,70,70,70,70,70,70,54,36,36,12,33,0],"gold":223,"neow_bonus":"THREE_ENEMY_KILL","is_prod":false,"is_daily":false,"chose_seed":false,"campfire_upgraded":2,"win_rate":0,"timestamp":1543981065,"path_taken":["M","$","?","$","?","R","E","R","T","R","M","?","?","E","R","BOSS"],"build_version":"2018-11-15","purchased_purges":1,"victory":false,"max_hp_per_floor":[70,70,70,70,70,70,70,70,70,70,70,70,70,70,70,70],"card_choices":[{"not_picked":["Dagger Spray","Poisoned Stab","Underhanded Strike"],"picked":"SKIP","floor":1},{"not_picked":["Bane","Dagger Spray","Prepared"],"picked":"SKIP","floor":5},{"not_picked":["Acrobatics","Blade Dance"],"picked":"Predator","floor":7},{"not_picked":["Bane","Storm of Steel"],"picked":"Cloak And Dagger","floor":11},{"not_picked":["Backflip","Concentrate","Flechettes"],"picked":"SKIP","floor":14}],"player_experience":648301,"relics_obtained":[{"floor":7,"key":"Lantern"},{"floor":14,"key":"Girya"}],"event_choices":[{"cards_removed":["Strike_G"],"damage_healed":0,"gold_gain":0,"player_choice":"Purged","damage_taken":0,"max_hp_gain":0,"max_hp_loss":0,"event_name":"Purifier","floor":3,"gold_loss":0},{"damage_healed":0,"gold_gain":0,"player_choice":"Success","damage_taken":18,"relics_obtained":["Potion Belt"],"max_hp_gain":0,"max_hp_loss":0,"event_name":"Scrap Ooze","floor":12,"gold_loss":0},{"damage_healed":0,"gold_gain":100,"player_choice":"Pray","damage_taken":0,"max_hp_gain":0,"max_hp_loss":0,"event_name":"Golden Shrine","floor":13,"gold_loss":0}],"is_beta":false,"boss_relics":[],"items_purged_floors":[2],"is_endless":false,"potions_floor_spawned":[14],"killed_by":"Hexaghost","ascension_level":3}