{"gold_per_floor":[367,367,332,350,50,50,79,96,396,169,169,203,26,41,41,41],"floor_reached":16,"playtime":675,"items_purged":["Strike_R"],"score":184,"play_id":"839f9112-9e66-4953-922b-1bac74a8fc72","local_time":"20190225224246","is_ascension_mode":true,"campfire_choices":[{"data":"Armaments","floor":6,"key":"SMITH"},{"data":"Apotheosis","floor":15,"key":"SMITH"}],"neow_cost":"PERCENT_DAMAGE","seed_source_timestamp":319170747066237,"circlet_count":0,"master_deck":["AscendersBane","Strike_R","Strike_R+1","Strike_R+1","Defend_R","Defend_R","Defend_R","Defend_R","Bash","Thunderclap","Armaments+1","Inflame","Dropkick","Flex","Seeing Red","Apotheosis+1","True Grit"],"relics":["Burning Blood","Paper Frog","Shovel","Old Coin","Vajra","PreservedInsect"],"potions_floor_usage":[7,12],"damage_taken":[{"damage":1,"enemies":"Cultist","floor":1,"turns":3},{"damage":6,"enemies":"2 Louse","floor":4,"turns":2},{"damage":20,"enemies":"3 Sentries","floor":7,"turns":7},{"damage":2,"enemies":"Jaw Worm","floor":8,"turns":3},{"damage":11,"enemies":"Lagavulin","floor":12,"turns":6},{"damage":5,"enemies":"Blue Slaver","floor":14,"turns":4},{"damage":41,"enemies":"Hexaghost","floor":16,"turns":9}],"seed_played":"-1511566320917873402","potions_obtained":[{"floor":1,"key":"Fire Potion"},{"floor":4,"key":"SpeedPotion"},{"floor":8,"key":"Energy Potion"}],"is_trial":false,"path_per_floor":["M","?","?","M","$","R","E","M","T","$","?","E","$","M","R","B"],"character_chosen":"IRONCLAD","items_purchased":["Paper Frog","Inflame","Vajra","Apotheosis"],"campfire_rested":0,"item_purchase_floors":[5,5,10,13],"current_hp_per_floor":[55,40,58,58,58,58,44,48,48,48,41,36,36,37,37,0],"gold":41,"neow_bonus":"TWO_FIFTY_GOLD","is_prod":false,"is_daily":false,"chose_seed":false,"campfire_upgraded":2,"win_rate":0,"timestamp":1551102166,"path_taken":["M","?","?","M","$","R","E","M","T","$","?","E","$","M","R","BOSS"],"build_version":"2019-01-23","purchased_purges":1,"victory":false,"max_hp_per_floor":[75,75,75,75,75,75,75,75,75,75,75,75,75,75,75,75],"card_choices":[{"not_picked":["Iron Wave","Body Slam"],"picked":"Thunderclap","floor":1},{"not_picked":["Twin Strike","Body Slam"],"picked":"Armaments","floor":4},{"not_picked":["Shockwave","Uppercut"],"picked":"Dropkick","floor":7},{"not_picked":["Rampage","Intimidate"],"picked":"Flex","floor":8},{"not_picked":["Warcry","Carnage"],"picked":"Seeing Red","floor":12},{"not_picked":["Pommel Strike","Perfected Strike"],"picked":"True Grit","floor":14}],"player_experience":101371,"relics_obtained":[{"floor":7,"key":"Shovel"},{"floor":9,"key":"Old Coin"},{"floor":12,"key":"PreservedInsect"}],"event_choices":[{"damage_healed":0,"gold_gain":0,"player_choice":"Entered Light","damage_taken":15,"max_hp_gain":0,"max_hp_loss":0,"event_name":"Shining Light","floor":2,"gold_loss":0,"cards_upgraded":["Strike_R","Strike_R"]},{"damage_healed":18,"gold_gain":0,"player_choice":"Healed","damage_taken":0,"max_hp_gain":0,"max_hp_loss":0,"event_name":"The Cleric","floor":3,"gold_loss":35},{"cards_removed":["Strike_R"],"damage_healed":0,"gold_gain":0,"player_choice":"Card Removal","damage_taken":7,"max_hp_gain":0,"max_hp_loss":0,"event_name":"Golden Wing","floor":11,"gold_loss":0}],"is_beta":false,"boss_relics":[],"items_purged_floors":[10],"is_endless":false,"potions_floor_spawned":[1,4,8],"killed_by":"Hexaghost","ascension_level":14}