{"gold_per_floor":[118,135,34,34,53,53,78,78,102,136,136,153,168,168,168,247,247,247,247,36,36,36],"floor_reached":22,"playtime":825,"items_purged":[],"score":382,"play_id":"3c062a65-7e99-4b25-bcf3-55fcb4929105","local_time":"20181223165850","is_ascension_mode":true,"campfire_choices":[{"data":"Crippling Poison","floor":6.0,"key":"SMITH"},{"data":"Backstab","floor":8.0,"key":"SMITH"},{"data":"Sucker Punch","floor":15,"key":"SMITH"}],"neow_cost":"NONE","seed_source_timestamp":22994066877025,"circlet_count":0,"master_deck":["AscendersBane","Defend_G","Defend_G","Defend_G","Defend_G","Defend_G","Strike_G","Strike_G","Strike_G","Strike_G","Survivor","Neutralize","Crippling Poison+1","Backstab+1","Dagger Spray","Deadly Poison+1","Dagger Throw","Sucker Punch+1","Corpse Explosion","Dagger Throw","PiercingWail","Master of Strategy"],"special_seed":0,"relics":["Philosopher\u0027s Stone","Happy Flower","Oddly Smooth Stone","Darkstone Periapt","Ectoplasm"],"potions_floor_usage":[21],"damage_taken":[{"damage":7.0,"enemies":"Cultist","floor":1.0,"turns":6.0},{"damage":2.0,"enemies":"Small Slimes","floor":2.0,"turns":3.0},{"damage":0.0,"enemies":"Jaw Worm","floor":5.0,"turns":3.0},{"damage":19.0,"enemies":"Lagavulin","floor":7.0,"turns":6.0},{"damage":1.0,"enemies":"3 Sentries","floor":10.0,"turns":7.0},{"damage":0.0,"enemies":"Large Slime","floor":12.0,"turns":4.0},{"damage":0.0,"enemies":"Looter","floor":13.0,"turns":2.0},{"damage":18,"enemies":"The Guardian","floor":16,"turns":10},{"damage":17,"enemies":"Spheric Guardian","floor":18,"turns":4},{"damage":0,"enemies":"3 Byrds","floor":19,"turns":2},{"damage":2,"enemies":"Centurion and Healer","floor":21,"turns":5},{"damage":37,"enemies":"Shelled Parasite and Fungi","floor":22,"turns":4}],"seed_played":"4083878243775721129","potions_obtained":[{"floor":4.0,"key":"Explosive Potion"},{"floor":4.0,"key":"Fire Potion"},{"floor":5.0,"key":"Explosive Potion"},{"floor":7.0,"key":"EssenceOfSteel"},{"floor":12.0,"key":"Swift Potion"},{"floor":19,"key":"EssenceOfSteel"}],"is_trial":false,"path_per_floor":["M","M","$","?","M","R","E","E","R","T","E","?","M","M","?","R","B",null,"M","M","$","M","M"],"character_chosen":"THE_SILENT","items_purchased":["Backstab","Dagger Spray","Master of Strategy"],"campfire_rested":0,"item_purchase_floors":[3,3,20],"current_hp_per_floor":[52,50,50,50,50,50,31,31,31,30,30,30,30,30,30,12,53,36,36,36,34,0],"gold":36,"neow_bonus":"BOSS_RELIC","is_prod":false,"is_daily":false,"chose_seed":false,"campfire_upgraded":3,"win_rate":0,"timestamp":1545580730,"path_taken":["M","M","$","?","?","R","E","R","T","E","?","M","?","?","R","BOSS","M","M","$","?","M"],"build_version":"2018-12-20","purchased_purges":0,"victory":false,"max_hp_per_floor":[66,66,66,66,66,66,66,66,66,66,66,66,66,66,66,66,66,66,66,66,66,66],"card_choices":[{"not_picked":["Quick Slash","Setup"],"picked":"Crippling Poison","floor":1.0},{"not_picked":["Flying Knee","Blade Dance","Prepared"],"picked":"SKIP","floor":2.0},{"not_picked":["Concentrate","All Out Attack"],"picked":"Deadly Poison","floor":5.0},{"not_picked":["Expertise","Bane"],"picked":"Dagger Throw","floor":7.0},{"not_picked":["Unload","Prepared"],"picked":"Sucker Punch","floor":10.0},{"not_picked":["Flying Knee","Blade Dance","Outmaneuver"],"picked":"SKIP","floor":12.0},{"not_picked":["Dagger Spray","Terror","Dagger Throw"],"picked":"SKIP","floor":13.0},{"not_picked":["Storm of Steel","Die Die Die"],"picked":"Corpse Explosion","floor":16},{"not_picked":["Setup","Finisher"],"picked":"Dagger Throw","floor":18},{"not_picked":["Dagger Throw","Acrobatics"],"picked":"PiercingWail","floor":19},{"not_picked":["Dagger Spray","Acrobatics","Poisoned Stab"],"picked":"SKIP","floor":21}],"player_experience":862330,"relics_obtained":[{"floor":7.0,"key":"Happy Flower"},{"floor":9.0,"key":"Oddly Smooth Stone"},{"floor":10.0,"key":"Darkstone Periapt"}],"event_choices":[{"damage_healed":0.0,"max_hp_gain":0.0,"max_hp_loss":0.0,"gold_gain":0.0,"event_name":"Lab","player_choice":"Got Potions","floor":4.0,"gold_loss":0.0,"damage_taken":0.0},{"damage_healed":0.0,"max_hp_gain":0.0,"max_hp_loss":0.0,"gold_gain":0.0,"event_name":"Upgrade Shrine","player_choice":"Upgraded","floor":11.0,"gold_loss":0.0,"damage_taken":0.0,"cards_upgraded":["Deadly Poison"]},{"cards_removed":["Strike_G"],"damage_healed":0,"gold_gain":0,"player_choice":"Purged","damage_taken":0,"max_hp_gain":0,"max_hp_loss":0,"event_name":"Purifier","floor":14,"gold_loss":0}],"is_beta":true,"boss_relics":[{"not_picked":["Pandora\u0027s Box","Eternal Feather"],"picked":"Ectoplasm"}],"items_purged_floors":[],"is_endless":false,"potions_floor_spawned":[5,7,12,19],"killed_by":"Shelled Parasite and Fungi","ascension_level":19}