{"gold_per_floor":[109,34,34,0,10,10,45,45,70,102,120,145,145,156,156,258,258,275,80,98,98,116,116,147,147,224,241,241,275,293,351,351,446,446,462,462,475,79,79,79,179,208,208,208,241,2,33,33,33,33,33,33,33,33],"floor_reached":54,"playtime":4886,"items_purged":["Strike_B","Strike_B","Strike_B"],"score":863,"play_id":"86817e41-4e44-421f-af38-783a0bc4b59d","local_time":"20190210235030","is_ascension_mode":true,"campfire_choices":[{"data":"Zap","floor":6,"key":"SMITH"},{"floor":13,"key":"REST"},{"floor":15,"key":"REST"},{"data":"Dualcast","floor":23,"key":"SMITH"},{"data":"White Noise","floor":25,"key":"SMITH"},{"data":"Force Field","floor":28,"key":"SMITH"},{"data":"Consume","floor":32,"key":"SMITH"},{"floor":40,"key":"RECALL"},{"data":"Loop","floor":44,"key":"SMITH"},{"floor":49,"key":"REST"},{"floor":52,"key":"DIG"}],"neow_cost":"NONE","seed_source_timestamp":2020778197513508,"circlet_count":0,"master_deck":["Strike_B","Defend_B","Defend_B","Defend_B","Defend_B","Zap+1","Dualcast+1","Self Repair","FTL","White Noise+1","Heatsinks","Capacitor","Chill","Electrodynamics","Coolheaded","Hello World","Static Discharge","Force Field+1","Thunder Strike","Consume+1","Echo Form","Stack+1","Loop+1","Auto Shields"],"relics":["Cracked Core","Happy Flower","Pocketwatch","Bird Faced Urn","Orichalcum","Nuclear Battery","Ornamental Fan","Bottled Flame","Kunai","Cables","Tiny Chest","Philosopher\u0027s Stone","Toy Ornithopter","StoneCalendar","Regal Pillow","Du-Vu Doll","Blue Candle","Mercury Hourglass","Shovel","Gremlin Horn","Dodecahedron"],"potions_floor_usage":[16,22,30,33,35,41,41,45],"damage_taken":[{"damage":0,"enemies":"Cultist","floor":1,"turns":3},{"damage":1,"enemies":"Jaw Worm","floor":5,"turns":3},{"damage":21,"enemies":"Lagavulin","floor":7,"turns":6},{"damage":35,"enemies":"3 Sentries","floor":10,"turns":6},{"damage":2,"enemies":"2 Louse","floor":11,"turns":2},{"damage":37,"enemies":"Gremlin Nob","floor":12,"turns":4},{"damage":11,"enemies":"Large Slime","floor":14,"turns":6},{"damage":5,"enemies":"The Guardian","floor":16,"turns":10},{"damage":7,"enemies":"Shell Parasite","floor":18,"turns":4},{"damage":18,"enemies":"Spheric Guardian","floor":20,"turns":4},{"damage":17,"enemies":"Snake Plant","floor":22,"turns":4},{"damage":0,"enemies":"Gremlin Leader","floor":24,"turns":6},{"damage":4,"enemies":"Shelled Parasite and Fungi","floor":27,"turns":6},{"damage":0,"enemies":"Book of Stabbing","floor":29,"turns":6},{"damage":0,"enemies":"3 Cultists","floor":30,"turns":4},{"damage":10,"enemies":"Gremlin Leader","floor":31,"turns":6},{"damage":16,"enemies":"Collector","floor":33,"turns":8},{"damage":6,"enemies":"Orb Walker","floor":35,"turns":2},{"damage":27,"enemies":"3 Darklings","floor":37,"turns":3},{"damage":0,"enemies":"Mind Bloom Boss Battle","floor":41,"turns":6},{"damage":24,"enemies":"Reptomancer","floor":42,"turns":6},{"damage":9,"enemies":"Nemesis","floor":45,"turns":7},{"damage":61,"enemies":"Reptomancer","floor":47,"turns":6},{"damage":14,"enemies":"Donu and Deca","floor":50,"turns":8},{"damage":88,"enemies":"Shield and Spear","floor":54,"turns":5}],"seed_played":"3357793661666886300","potions_obtained":[{"floor":12,"key":"LiquidBronze"},{"floor":14,"key":"Strength Potion"},{"floor":18,"key":"FearPotion"},{"floor":22,"key":"Energy Potion"},{"floor":27,"key":"EssenceOfSteel"},{"floor":30,"key":"Explosive Potion"},{"floor":33,"key":"AttackPotion"},{"floor":37,"key":"FocusPotion"},{"floor":45,"key":"Fruit Juice"}],"is_trial":false,"path_per_floor":["$","?","?","?","?","?","?","$","T"],"character_chosen":"DEFECT","items_purchased":["FTL","Coolheaded","Hello World","Loop","Toy Ornithopter","Mercury Hourglass"],"campfire_rested":3,"item_purchase_floors":[4,19,19,38,38,46],"current_hp_per_floor":[75,75,75,75,75,75,61,61,61,33,33,9,31,35,57,67,75,75,75,67,67,69,69,75,75,75,75,75,75,75,75,75,75,75,71,71,56,56,56,56,75,72,72,72,80,80,49,49,80,80,80,80,80,0],"gold":33,"neow_bonus":"RANDOM_COMMON_RELIC","is_prod":false,"is_daily":false,"chose_seed":false,"campfire_upgraded":6,"win_rate":0,"timestamp":1549839030,"path_taken":["M","?","?","$","M","R","E","?","T","E","M","E","R","M","R","BOSS","M","$","M","?","M","R","E","R","T","M","R","E","M","E","R","BOSS","M","?","M","$","?","R","?","E","T","R","E","?","E","?","R","BOSS","R","$","E"],"build_version":"2019-01-23","purchased_purges":3,"victory":false,"max_hp_per_floor":[75,75,75,75,75,75,75,75,75,75,75,75,75,75,75,75,75,75,75,75,75,75,75,75,75,75,75,75,75,75,75,75,75,75,75,75,75,75,75,75,75,75,75,75,80,80,80,80,80,80,80,80,80,80],"card_choices":[{"not_picked":["Streamline","Turbo"],"picked":"Self Repair","floor":1},{"not_picked":["Ball Lightning","Glacier"],"picked":"White Noise","floor":5},{"not_picked":["Double Energy","Rip and Tear","Go for the Eyes"],"picked":"SKIP","floor":7},{"not_picked":["Tempest","Glacier"],"picked":"Heatsinks","floor":10},{"not_picked":["Stack","Sunder","Compile Driver"],"picked":"SKIP","floor":11},{"not_picked":["Consume","Chaos"],"picked":"Capacitor","floor":12},{"not_picked":["Rebound","Compile Driver"],"picked":"Chill","floor":14},{"not_picked":["Core Surge","Buffer"],"picked":"Electrodynamics","floor":16},{"not_picked":["Chill+1","Static Discharge"],"picked":"Compile Driver","floor":18},{"not_picked":["Ball Lightning","Rip and Tear"],"picked":"Static Discharge","floor":20},{"not_picked":["Aggregate","Go for the Eyes"],"picked":"Force Field","floor":22},{"not_picked":["Sunder","Blizzard","BootSequence"],"picked":"SKIP","floor":24},{"not_picked":["Static Discharge","Barrage","Gash"],"picked":"SKIP","floor":27},{"not_picked":["Rebound+1","Steam Power","Compile Driver"],"picked":"SKIP","floor":29},{"not_picked":["Glacier","Cold Snap"],"picked":"Thunder Strike","floor":30},{"not_picked":["Steam","Fusion"],"picked":"Consume","floor":31},{"not_picked":["Fission","Creative AI"],"picked":"Echo Form","floor":33},{"not_picked":["Steam","Coolheaded+1","Beam Cell"],"picked":"SKIP","floor":35},{"not_picked":["Go for the Eyes","FTL+1"],"picked":"Stack+1","floor":37},{"not_picked":["Gash+1","Streamline+1"],"picked":"Auto Shields","floor":41},{"not_picked":["Melter","Conserve Battery","Reinforced Body"],"picked":"SKIP","floor":42},{"not_picked":["Gash+1","Redo+1","Rebound"],"picked":"SKIP","floor":45},{"not_picked":["Echo Form","Scrape+1","Reprogram"],"picked":"SKIP","floor":47}],"player_experience":169470,"relics_obtained":[{"floor":7,"key":"Pocketwatch"},{"floor":10,"key":"Bird Faced Urn"},{"floor":12,"key":"Orichalcum"},{"floor":24,"key":"Bottled Flame"},{"floor":26,"key":"Kunai"},{"floor":29,"key":"Cables"},{"floor":31,"key":"Tiny Chest"},{"floor":41,"key":"StoneCalendar"},{"floor":42,"key":"Regal Pillow"},{"floor":43,"key":"Du-Vu Doll"},{"floor":45,"key":"Blue Candle"},{"floor":47,"key":"Shovel"},{"floor":48,"key":"Gremlin Horn"},{"floor":52,"key":"Dodecahedron"}],"event_choices":[{"damage_healed":0,"gold_gain":0,"player_choice":"Leave","damage_taken":0,"max_hp_gain":0,"max_hp_loss":0,"event_name":"The Cleric","floor":3,"gold_loss":0},{"damage_healed":0,"gold_gain":0,"player_choice":"Ignored","damage_taken":0,"max_hp_gain":0,"max_hp_loss":0,"event_name":"Liars Game","floor":8,"gold_loss":0},{"damage_healed":0,"gold_gain":0,"player_choice":"Opened","damage_taken":0,"relics_obtained":["Ornamental Fan"],"max_hp_gain":0,"max_hp_loss":0,"event_name":"The Mausoleum","floor":21,"gold_loss":0},{"damage_healed":0,"gold_gain":0,"player_choice":"Ignored","damage_taken":0,"max_hp_gain":0,"max_hp_loss":0,"event_name":"Tomb of Lord Red Mask","floor":36,"gold_loss":0},{"cards_removed":["Compile Driver"],"damage_healed":0,"gold_gain":0,"player_choice":"Removed Attack","damage_taken":0,"max_hp_gain":0,"max_hp_loss":0,"event_name":"Falling","floor":39,"gold_loss":0},{"damage_healed":0,"gold_gain":0,"player_choice":"Fight","damage_taken":0,"max_hp_gain":0,"max_hp_loss":0,"event_name":"MindBloom","floor":41,"gold_loss":0}],"is_beta":false,"boss_relics":[{"not_picked":["Sozu","Lizard Tail"],"picked":"Nuclear Battery"},{"not_picked":["White Beast Statue","Empty Cage"],"picked":"Philosopher\u0027s Stone"}],"items_purged_floors":[2,19,38],"is_endless":false,"potions_floor_spawned":[12,14,18,22,27,30,33,37,45],"killed_by":"Shield and Spear","ascension_level":1}