{"path_per_floor":["M","?","?","$","M","R","M","M","T","E","R","M","E","M","R"],"character_chosen":"THE_SILENT","items_purchased":["Backstab","Backflip"],"gold_per_floor":[114,114,114,7,22,22,37,52,127,157,157,172,202,217,217],"floor_reached":16,"campfire_rested":1,"playtime":596,"current_hp_per_floor":[70,70,70,70,70,70,69,69,69,51,51,51,42,42,63],"items_purged":[],"gold":217,"score":112,"play_id":"acaed93a-c7a3-49e1-8375-116437f5d135","local_time":"20180303232446","daily_mods":[{"name":"All Star","description":"Start with 2 colorless cards.","modID":"Allstar","img":{"data":{"file":{"file":{"path":"images\\ui\\run_mods\\all_star.png"},"type":"Internal"},"width":64,"height":64,"format":"RGBA8888","useMipMaps":false,"isPrepared":false},"glTarget":3553,"glHandle":684,"minFilter":"Linear","magFilter":"Linear","uWrap":"ClampToEdge","vWrap":"ClampToEdge"},"positive":true},{"name":"Lethal Enemies","description":"All enemies start with +3 Strength.","modID":"Lethal Enemies","img":{"data":{"file":{"file":{"path":"images\\ui\\run_mods\\lethal_enemies.png"},"type":"Internal"},"width":64,"height":64,"format":"RGBA8888","useMipMaps":false,"isPrepared":false},"glTarget":3553,"glHandle":675,"minFilter":"Linear","magFilter":"Linear","uWrap":"ClampToEdge","vWrap":"ClampToEdge"},"positive":false},{"name":"Elite Swarm","description":"Elite enemies are swarming the Spire.","modID":"Elite Swarm","img":{"data":{"file":{"file":{"path":"images\\ui\\run_mods\\elite_swarm.png"},"type":"Internal"},"width":64,"height":64,"format":"RGBA8888","useMipMaps":false,"isPrepared":false},"glTarget":3553,"glHandle":674,"minFilter":"Linear","magFilter":"Linear","uWrap":"ClampToEdge","vWrap":"ClampToEdge"},"positive":false},{"name":"Restless Journey","description":"You no longer heal when entering new acts.","modID":"Restless Journey","img":{"data":{"file":{"file":{"path":"images\\ui\\run_mods\\restless_journey.png"},"type":"Internal"},"width":64,"height":64,"format":"RGBA8888","useMipMaps":false,"isPrepared":false},"glTarget":3553,"glHandle":676,"minFilter":"Linear","magFilter":"Linear","uWrap":"ClampToEdge","vWrap":"ClampToEdge"},"positive":false}],"is_prod":false,"is_daily":true,"is_ascension_mode":false,"campfire_upgraded":2,"timestamp":1520087086,"path_taken":["M","?","?","$","?","R","M","M","T","E","R","M","E","M","R","BOSS"],"build_version":"2018-03-01-PROD1","purchased_purges":0,"victory":false,"master_deck":["Defend_G","Defend_G","Defend_G","Defend_G","Defend_G","Strike_G","Strike_G","Strike_G","Strike_G","Survivor","Neutralize","Dark Shackles","Purity","Flechettes+1","Backstab+1","Backflip","PiercingWail","Deflect","Caltrops","Dagger Spray+1","Acrobatics","Dagger Spray+1","Underhanded Strike+1"],"max_hp_per_floor":[70,70,70,70,70,70,70,70,70,70,70,70,70,70,70],"relics":["Ring of the Snake","Molten Egg 2","Toolbox","Juzu Bracelet"],"card_choices":[{"not_picked":["Sucker Punch","Choke"],"picked":"Flechettes"},{"not_picked":["Slice","Outmaneuver"],"picked":"PiercingWail"},{"not_picked":["Backflip","Cloak And Dagger"],"picked":"Deflect"},{"not_picked":["Dagger Throw","Well Laid Plans"],"picked":"Caltrops"},{"not_picked":["Endless Agony","Dash"],"picked":"Dagger Spray"},{"not_picked":["Bane","Masterful Stab"],"picked":"Acrobatics"},{"not_picked":["Outmaneuver","Night Terror"],"picked":"Dagger Spray"},{"not_picked":["Catalyst","Poisoned Stab"],"picked":"Underhanded Strike"}],"player_experience":550419,"potions_floor_usage":[8,10,10,13,16],"damage_taken":[{"damage":0,"enemies":"Small Slimes","floor":1,"turns":4},{"damage":0,"enemies":"Cultist","floor":5,"turns":3},{"damage":1,"enemies":"2 Louse","floor":7,"turns":2},{"damage":0,"enemies":"Gremlin Gang","floor":8,"turns":1},{"damage":18,"enemies":"Lagavulin","floor":10,"turns":7},{"damage":0,"enemies":"3 Louse","floor":12,"turns":2},{"damage":9,"enemies":"Gremlin Nob","floor":13,"turns":3},{"damage":0,"enemies":"Lots of Slimes","floor":14,"turns":1},{"damage":68,"enemies":"Hexaghost","floor":16,"turns":12}],"event_choices":[{"event_name":"The Lab","player_choice":"Got Potions","floor":2,"damage_taken":0},{"event_name":"Purifier","player_choice":"One Purge","floor":3,"damage_taken":0}],"boss_relics":[],"potions_floor_spawned":[5,8,10,12],"seed_played":"7095695899989429765","killed_by":"Hexaghost","ascension_level":0,"is_trial":false}