{"gold_per_floor":[118,118,118,39,55,55,76,76,76,145,170,183,204,218,218,218],"floor_reached":16,"playtime":881,"items_purged":[],"score":97,"play_id":"098f5a22-1815-4968-a719-5c34765e61b7","local_time":"20190201164441","is_ascension_mode":true,"campfire_choices":[{"data":"Pummel","floor":6,"key":"SMITH"},{"data":"Combust","floor":8,"key":"SMITH"},{"floor":15,"key":"REST"}],"neow_cost":"NONE","seed_source_timestamp":1221598056153263,"circlet_count":0,"master_deck":["Strike_R","Strike_R","Strike_R","Strike_R","Defend_R","Defend_R","Defend_R","Defend_R","Bash","Brutality","Twin Strike","Combust+1","Pummel+1","Spot Weakness","Whirlwind","Whirlwind","Headbutt"],"relics":["Burning Blood","Golden Idol","Ancient Tea Set","Juzu Bracelet","Dream Catcher"],"potions_floor_usage":[16,16],"damage_taken":[{"damage":6,"enemies":"2 Louse","floor":1,"turns":4},{"damage":2,"enemies":"Small Slimes","floor":5,"turns":3},{"damage":2,"enemies":"Cultist","floor":7,"turns":3},{"damage":61,"enemies":"Lagavulin Event","floor":10,"turns":7},{"damage":11,"enemies":"2 Fungi Beasts","floor":12,"turns":4},{"damage":5,"enemies":"Looter","floor":13,"turns":3},{"damage":7,"enemies":"Blue Slaver","floor":14,"turns":2},{"damage":36,"enemies":"The Guardian","floor":16,"turns":8}],"seed_played":"-4347284611976039463","potions_obtained":[{"floor":5,"key":"FearPotion"},{"floor":10,"key":"Energy Potion"},{"floor":12,"key":"GamblersBrew"}],"is_trial":false,"path_per_floor":["?","?","?","T"],"character_chosen":"IRONCLAD","items_purchased":["Combust"],"campfire_rested":1,"item_purchase_floors":[4],"current_hp_per_floor":[80,74,74,74,74,74,74,74,74,19,19,14,15,14,36,0],"gold":218,"neow_bonus":"TRANSFORM_CARD","is_prod":false,"is_daily":false,"chose_seed":false,"campfire_upgraded":2,"win_rate":0,"timestamp":1549035881,"path_taken":["M","?","?","$","M","R","M","R","T","?","?","M","M","M","R","BOSS"],"build_version":"2019-01-23","purchased_purges":0,"victory":false,"max_hp_per_floor":[80,74,74,74,74,74,74,74,74,74,74,74,74,74,74,74],"card_choices":[{"not_picked":["Iron Wave","Flame Barrier"],"picked":"Twin Strike","floor":1},{"not_picked":["Body Slam","Clothesline"],"picked":"Pummel","floor":5},{"not_picked":["Evolve","Burning Pact","Shockwave"],"picked":"SKIP","floor":7},{"not_picked":["Iron Wave","Dual Wield"],"picked":"Spot Weakness","floor":12},{"not_picked":["Battle Trance","Iron Wave"],"picked":"Whirlwind","floor":13},{"not_picked":["Cleave","Corruption"],"picked":"Whirlwind","floor":14},{"not_picked":["Cleave","Metallicize"],"picked":"Headbutt","floor":15}],"player_experience":42052,"relics_obtained":[{"floor":9,"key":"Ancient Tea Set"},{"floor":10,"key":"Juzu Bracelet"},{"floor":11,"key":"Dream Catcher"}],"event_choices":[{"damage_healed":0,"gold_gain":0,"player_choice":"Lose Max HP","damage_taken":0,"relics_obtained":["Golden Idol"],"max_hp_gain":0,"max_hp_loss":6,"event_name":"Golden Idol","floor":2,"gold_loss":0},{"damage_healed":0,"gold_gain":0,"player_choice":"Leave","damage_taken":0,"max_hp_gain":0,"max_hp_loss":0,"event_name":"The Cleric","floor":3,"gold_loss":0},{"damage_healed":0,"gold_gain":0,"player_choice":"Searched \u00271\u0027 times","damage_taken":0,"max_hp_gain":0,"max_hp_loss":0,"event_name":"Dead Adventurer","floor":10,"gold_loss":0}],"is_beta":false,"boss_relics":[],"items_purged_floors":[],"is_endless":false,"potions_floor_spawned":[5,10,12],"killed_by":"The Guardian","ascension_level":1}