{"gold_per_floor":[109,109,34,34,52,52,52,52,127,142,142,159,172,172,172,273,273,246,246,78,89,89],"floor_reached":22,"playtime":884,"items_purged":["Defend_G"],"score":183,"play_id":"937fcae1-6a71-468d-8889-2e4b11862ad8","local_time":"20181115164359","is_ascension_mode":true,"campfire_choices":[{"data":"Survivor","floor":6,"key":"SMITH"},{"data":"Strike_G","floor":8,"key":"SMITH"},{"data":"Strike_G","floor":11,"key":"SMITH"},{"data":"Blur","floor":15,"key":"SMITH"}],"neow_cost":"NONE","seed_source_timestamp":85251193875694,"circlet_count":0,"master_deck":["Defend_G","Defend_G","Defend_G","Defend_G","Strike_G","Strike_G","Strike_G+1","Strike_G+1","Strike_G+1","Survivor+1","Neutralize+1","Blur+1","Shame","Shame","Decay","Apotheosis","Well Laid Plans+1"],"relics":["Ring of the Snake","Shuriken","Calling Bell","Bronze Scales","Paper Crane","StoneCalendar"],"potions_floor_usage":[16,16,16],"damage_taken":[{"damage":0,"enemies":"2 Louse","floor":1,"turns":3},{"damage":0,"enemies":"Jaw Worm","floor":5,"turns":6},{"damage":0,"enemies":"Cultist","floor":10,"turns":3},{"damage":0,"enemies":"3 Louse","floor":12,"turns":4},{"damage":0,"enemies":"Looter","floor":13,"turns":4},{"damage":28,"enemies":"Slime Boss","floor":16,"turns":14},{"damage":25,"enemies":"2 Thieves","floor":18,"turns":5},{"damage":25,"enemies":"Spheric Guardian","floor":21,"turns":7},{"damage":31,"enemies":"3 Cultists","floor":22,"turns":5}],"seed_played":"-2131748137669084987","potions_obtained":[{"floor":4,"key":"EssenceOfSteel"},{"floor":4,"key":"Strength Potion"},{"floor":4,"key":"FearPotion"}],"is_trial":false,"path_per_floor":["M","?","$","?","M","R","$","R","T","M","R","M","M","?","R","B",null,"M","?","$","M","M"],"character_chosen":"THE_SILENT","items_purchased":["Apotheosis"],"campfire_rested":0,"item_purchase_floors":[20],"current_hp_per_floor":[70,75,75,75,75,75,75,75,75,75,75,75,75,75,75,47,75,50,50,50,25,0],"gold":89,"neow_bonus":"UPGRADE_CARD","is_prod":false,"is_daily":false,"chose_seed":false,"campfire_upgraded":4,"win_rate":0,"timestamp":1542321839,"path_taken":["M","?","$","?","?","R","$","R","T","M","R","M","M","?","R","BOSS","M","?","$","M","?"],"build_version":"2018-11-08","purchased_purges":1,"victory":false,"max_hp_per_floor":[70,75,75,75,75,75,75,75,75,75,75,75,75,75,75,75,75,75,75,75,75,75],"card_choices":[{"not_picked":["Dagger Spray","Poisoned Stab","PiercingWail"],"picked":"SKIP","floor":1},{"not_picked":["Dagger Spray","Prepared","Deadly Poison"],"picked":"SKIP","floor":5},{"not_picked":["Eviscerate","Heel Hook","Tactician"],"picked":"SKIP","floor":10},{"not_picked":["Calculated Gamble","Distraction","Caltrops"],"picked":"SKIP","floor":12},{"not_picked":["Bane","Deadly Poison"],"picked":"Blur","floor":13},{"not_picked":["Quick Slash","Underhanded Strike+1","Flying Knee"],"picked":"SKIP","floor":18},{"not_picked":["PiercingWail","Deflect"],"picked":"Well Laid Plans+1","floor":21}],"player_experience":228543,"relics_obtained":[{"floor":9,"key":"Shuriken"},{"floor":17,"key":"Bronze Scales"},{"floor":17,"key":"Paper Crane"},{"floor":17,"key":"StoneCalendar"}],"event_choices":[{"damage_healed":0,"gold_gain":0,"player_choice":"Donut","damage_taken":0,"max_hp_gain":5,"max_hp_loss":0,"event_name":"Big Fish","floor":2,"gold_loss":0},{"damage_healed":0,"gold_gain":0,"player_choice":"Got Potions","damage_taken":0,"max_hp_gain":0,"max_hp_loss":0,"event_name":"Lab","floor":4,"gold_loss":0},{"damage_healed":0,"gold_gain":0,"player_choice":"Ignored","damage_taken":0,"max_hp_gain":0,"max_hp_loss":0,"event_name":"Liars Game","floor":14,"gold_loss":0},{"damage_healed":0,"gold_gain":0,"player_choice":"Forge","damage_taken":0,"max_hp_gain":0,"max_hp_loss":0,"event_name":"Accursed Blacksmith","floor":19,"gold_loss":0,"cards_upgraded":["Strike_G"]}],"is_beta":false,"boss_relics":[{"not_picked":["Velvet Choker","Coffee Dripper"],"picked":"Calling Bell"}],"items_purged_floors":[3],"is_endless":false,"potions_floor_spawned":[12,13],"killed_by":"3 Cultists","ascension_level":1}