{"gold_per_floor":[113,63,80,93,93,93,18,47,84,96,134,146,175,203,215,227],"floor_reached":16,"playtime":1157,"items_purged":["Strike_R"],"score":116,"play_id":"af7adfaf-c0d7-49cf-bbc0-ae54f2832c78","local_time":"20181106222508","is_ascension_mode":true,"campfire_choices":[{"floor":10,"key":"REST"},{"data":"Infernal Blade","floor":12,"key":"SMITH"},{"data":"Battle Trance","floor":15,"key":"SMITH"}],"neow_cost":"NONE","seed_source_timestamp":2414984910862504,"circlet_count":0,"master_deck":["Strike_R","Strike_R","Strike_R","Strike_R","Defend_R","Defend_R","Defend_R","Defend_R","Thunderclap","Infernal Blade+1","Headbutt","Battle Trance+1","Reaper","Cleave"],"special_seed":0,"relics":["Runic Cube","MawBank","Regal Pillow","Self Forming Clay"],"potions_floor_usage":[16,16],"damage_taken":[{"damage":6,"enemies":"Jaw Worm","floor":1,"turns":5},{"damage":2,"enemies":"Small Slimes","floor":3,"turns":5},{"damage":0,"enemies":"Cultist","floor":4,"turns":2},{"damage":32,"enemies":"Lagavulin","floor":8,"turns":8},{"damage":22,"enemies":"3 Sentries","floor":11,"turns":6},{"damage":1,"enemies":"2 Fungi Beasts","floor":13,"turns":4},{"damage":10,"enemies":"Looter","floor":14,"turns":3},{"damage":89,"enemies":"Hexaghost","floor":16,"turns":12}],"seed_played":"-9027748099740611431","potions_obtained":[{"floor":1,"key":"AttackPotion"},{"floor":4,"key":"Regen Potion"},{"floor":14,"key":"FearPotion"}],"is_trial":false,"path_per_floor":["M","?","M","M","?","?","$","E","T","R","E","R","M","M","R","B"],"character_chosen":"IRONCLAD","items_purchased":[],"campfire_rested":1,"item_purchase_floors":[],"current_hp_per_floor":[74,74,72,72,77,77,77,45,45,85,63,63,70,66,66,0],"gold":227,"neow_bonus":"BOSS_RELIC","is_prod":false,"is_daily":false,"chose_seed":false,"campfire_upgraded":2,"win_rate":0,"timestamp":1541564708,"path_taken":["M","?","M","M","?","?","$","E","T","R","E","R","M","?","R","BOSS"],"build_version":"2018-11-01","purchased_purges":1,"victory":false,"max_hp_per_floor":[80,80,80,80,85,85,85,85,85,85,85,85,85,85,85,85],"card_choices":[{"not_picked":["Hemokinesis","Body Slam"],"picked":"Thunderclap","floor":1},{"not_picked":["Pommel Strike","True Grit"],"picked":"Infernal Blade","floor":3},{"not_picked":["Sword Boomerang","Shockwave"],"picked":"Headbutt","floor":4},{"not_picked":["True Grit","Blood for Blood"],"picked":"Battle Trance","floor":8},{"not_picked":["Sword Boomerang","Clash"],"picked":"Reaper","floor":11},{"not_picked":["Clothesline","Heavy Blade","Twin Strike"],"picked":"SKIP","floor":13},{"not_picked":["Searing Blow","Pommel Strike"],"picked":"Cleave","floor":14}],"player_experience":27207,"relics_obtained":[{"floor":8,"key":"MawBank"},{"floor":9,"key":"Regal Pillow"},{"floor":11,"key":"Self Forming Clay"}],"event_choices":[{"cards_removed":["Bash"],"damage_healed":0,"gold_gain":0,"player_choice":"Card Removal","damage_taken":0,"max_hp_gain":0,"max_hp_loss":0,"event_name":"The Cleric","floor":2,"gold_loss":50},{"damage_healed":0,"gold_gain":0,"player_choice":"Donut","damage_taken":0,"max_hp_gain":5,"max_hp_loss":0,"event_name":"Big Fish","floor":5,"gold_loss":0},{"damage_healed":0,"gold_gain":0,"player_choice":"Ignored","damage_taken":0,"max_hp_gain":0,"max_hp_loss":0,"event_name":"Liars Game","floor":6,"gold_loss":0}],"is_beta":false,"boss_relics":[],"items_purged_floors":[7],"is_endless":false,"potions_floor_spawned":[1,4,14],"killed_by":"Hexaghost","ascension_level":1}