{"path_per_floor":["M","M","M","M","M","R","E","R","T","M","M","?","R","M","R","B",null,"M","M","?","?","?","R","E"],"character_chosen":"DEFECT","items_purchased":[],"gold_per_floor":[115,128,148,158,169,169,200,200,200,214,228,178,178,198,198,302,302,316,330,330,255,255,255,289,289],"floor_reached":25,"campfire_rested":1,"playtime":877,"item_purchase_floors":[],"current_hp_per_floor":[82,82,82,73,60,60,56,56,56,56,56,56,56,56,56,38,82,69,53,37,37,21,47,33,0],"items_purged":[],"gold":289,"score":248,"play_id":"53840c54-94e2-457c-b6da-fe9b98b0da14","local_time":"20180523211251","is_prod":false,"is_daily":false,"chose_seed":false,"is_ascension_mode":true,"campfire_upgraded":4,"win_rate":0.0882353,"timestamp":1527081171,"campfire_choices":[{"data":"Zap","floor":6,"key":"SMITH"},{"data":"Redo","floor":8,"key":"SMITH"},{"data":"Defragment","floor":13,"key":"SMITH"},{"data":"Hologram","floor":15,"key":"SMITH"},{"floor":23,"key":"REST"}],"path_taken":["M","M","?","?","M","R","E","R","T","M","M","?","R","M","R","BOSS","M","M","?","?","?","R","E","M"],"build_version":"2018-05-22","seed_source_timestamp":445650849906717,"purchased_purges":0,"victory":false,"master_deck":["Strike_B","Strike_B","Defend_B","Defend_B","Defend_B","Defend_B","Zap+1","Dualcast","Redo+1","Beam Cell","Hologram+1","Loop","Glacier","Defragment+1","Loop","Ball Lightning","Redo","Beam Cell","Go for the Eyes"],"max_hp_per_floor":[82,82,82,82,82,82,82,82,82,82,82,82,82,82,82,82,82,82,82,82,82,87,87,87,87],"relics":["Cracked Core","Strawberry","Lantern","Emotion Chip","Nuclear Battery","Nilry\u0027s Codex","Toolbox"],"card_choices":[{"not_picked":["Doom and Gloom","Ball Lightning"],"picked":"Redo","floor":1},{"not_picked":["Barrage","Streamline"],"picked":"Beam Cell","floor":2},{"not_picked":["Blizzard","BootSequence"],"picked":"Hologram","floor":3},{"not_picked":["Skim","Melter"],"picked":"Loop","floor":4},{"not_picked":["Sweeping Beam","Chill"],"picked":"Glacier","floor":5},{"not_picked":["Steam","White Noise"],"picked":"Defragment","floor":7},{"not_picked":["FTL","Force Field"],"picked":"Loop","floor":10},{"not_picked":["Steam","Redo"],"picked":"Ball Lightning","floor":11},{"not_picked":["Coolheaded","Skim","Aggregate"],"picked":"SKIP","floor":14},{"not_picked":["Undo","Conserve Battery"],"picked":"Redo","floor":18},{"not_picked":["Compile Driver","Storm"],"picked":"Beam Cell","floor":19},{"not_picked":["Sweeping Beam","Go for the Eyes","Skim+1"],"picked":"SKIP","floor":24},{"not_picked":["Sweeping Beam","Skim+1"],"picked":"Go for the Eyes","floor":24}],"player_experience":48711,"potions_floor_usage":[2,24],"damage_taken":[{"damage":0,"enemies":"Cultist","floor":1,"turns":4},{"damage":0,"enemies":"Jaw Worm","floor":2,"turns":3},{"damage":0,"enemies":"Small Slimes","floor":3,"turns":3},{"damage":9,"enemies":"Looter","floor":4,"turns":3},{"damage":13,"enemies":"Blue Slaver","floor":5,"turns":4},{"damage":4,"enemies":"Lagavulin","floor":7,"turns":9},{"damage":0,"enemies":"Large Slime","floor":10,"turns":5},{"damage":0,"enemies":"Exordium Wildlife","floor":11,"turns":3},{"damage":0,"enemies":"Looter","floor":14,"turns":4},{"damage":18,"enemies":"Slime Boss","floor":16,"turns":6},{"damage":13,"enemies":"Chosen","floor":18,"turns":4},{"damage":16,"enemies":"Shell Parasite","floor":19,"turns":4},{"damage":21,"enemies":"Slavers","floor":24,"turns":9},{"damage":34,"enemies":"Cultist and Chosen","floor":25,"turns":7}],"relics_obtained":[{"floor":7,"key":"Lantern"},{"floor":9,"key":"Emotion Chip"},{"floor":20,"key":"Nilry\u0027s Codex"},{"floor":24,"key":"Toolbox"}],"event_choices":[{"event_name":"The Cleric","player_choice":"Card Removal","floor":12,"damage_taken":0},{"event_name":"Cursed Tome","player_choice":"Obtained Book","floor":20,"damage_taken":0},{"event_name":"Beggar","player_choice":"Gave Gold","floor":21,"damage_taken":0},{"event_name":"Forgotten Altar","player_choice":"Shed Blood","floor":22,"damage_taken":0}],"boss_relics":[{"not_picked":["Velvet Choker","Eternal Feather"],"picked":"Nuclear Battery"}],"items_purged_floors":[],"potions_floor_spawned":[1,3,5,7,10,18],"seed_played":"-8005036958259227816","killed_by":"Cultist and Chosen","ascension_level":2,"potions_obtained":[{"floor":1,"key":"AttackPotion"},{"floor":3,"key":"GamblersBrew"},{"floor":5,"key":"SteroidPotion"},{"floor":7,"key":"Poison Potion"}],"is_trial":false}