{"path_per_floor":["M","?","?","$","M","R","E","R","T","E","?","?","M","M","R","B",null,"M","M","$","?","?","R","M","R","T","T","?","R","M"],"character_chosen":"DEFECT","items_purchased":["Streamline","Conserve Battery","Matryoshka"],"gold_per_floor":[116,291,291,143,162,162,197,197,197,226,226,191,202,218,218,322,322,338,350,95,95,95,95,112,112,112,164,89,89,106,106],"floor_reached":31,"campfire_rested":1,"playtime":1195,"item_purchase_floors":[4,4,20],"current_hp_per_floor":[74,74,74,74,74,74,63,63,63,34,27,45,45,44,44,33,75,36,26,26,26,26,26,8,23,23,23,23,23,2,0],"items_purged":["Doubt"],"gold":106,"score":290,"play_id":"d52bf805-69f0-4f78-bd46-b99a3335162b","local_time":"20180608190309","is_prod":false,"is_daily":false,"chose_seed":false,"is_ascension_mode":true,"campfire_upgraded":2,"win_rate":0,"timestamp":1528455789,"campfire_choices":[{"floor":6,"key":"DIG"},{"data":"Sunder","floor":8,"key":"SMITH"},{"data":"1","floor":15,"key":"LIFT"},{"floor":23,"key":"DIG"},{"floor":25,"key":"REST"},{"data":"Redo","floor":29,"key":"SMITH"}],"path_taken":["M","?","?","$","?","R","E","R","T","E","?","?","M","M","R","BOSS","M","M","$","?","?","R","M","R","T","?","?","R","M","E"],"build_version":"2018-06-07","seed_source_timestamp":4548721812408,"purchased_purges":1,"victory":false,"master_deck":["Defend_B","Defend_B","Defend_B","Defend_B","Zap+1","Dualcast","Gash","Streamline","Conserve Battery","Capacitor","Sunder+1","Doom and Gloom","Loop","Buffer","Hologram+1","Coolheaded","Bite","Bite","Bite","Bite","Bite","Writhe","Redo+1"],"max_hp_per_floor":[75,75,75,75,75,75,75,75,75,75,75,75,75,75,75,75,75,75,75,75,52,52,52,52,52,52,52,52,52,52,52],"relics":["Cracked Core","Shovel","Girya","Torii","Calipers","Bronze Scales","Ornamental Fan","Inserter","Matryoshka","Anchor","Bottled Tornado","Gremlin Horn","Gambling Chip","Bag of Marbles","Juzu Bracelet"],"card_choices":[{"not_picked":["Leap","Streamline"],"picked":"Gash","floor":1},{"not_picked":["Steam Power","Blizzard"],"picked":"Capacitor","floor":5},{"not_picked":["Capacitor","Cold Snap"],"picked":"Sunder","floor":7},{"not_picked":["BootSequence","Coolheaded"],"picked":"Doom and Gloom","floor":10},{"not_picked":["White Noise","Coolheaded"],"picked":"Loop","floor":13},{"not_picked":["Leap","Steam Power","Turbo"],"picked":"SKIP","floor":14},{"not_picked":["Amplify","Fission"],"picked":"Buffer","floor":16},{"not_picked":["Rebound","Conserve Battery"],"picked":"Hologram+1","floor":18},{"not_picked":["Ball Lightning","Fusion"],"picked":"Coolheaded","floor":19},{"not_picked":["Sweeping Beam","Skim"],"picked":"Redo","floor":24},{"not_picked":["Rebound","All For One","Compile Driver"],"picked":"SKIP","floor":30}],"player_experience":440028,"potions_floor_usage":[30],"damage_taken":[{"damage":1,"enemies":"Cultist","floor":1,"turns":4},{"damage":0,"enemies":"Jaw Worm","floor":5,"turns":3},{"damage":11,"enemies":"Gremlin Nob","floor":7,"turns":4},{"damage":29,"enemies":"Lagavulin","floor":10,"turns":6},{"damage":0,"enemies":"Small Slimes","floor":13,"turns":2},{"damage":1,"enemies":"Exordium Thugs","floor":14,"turns":4},{"damage":11,"enemies":"The Guardian","floor":16,"turns":7},{"damage":39,"enemies":"Shell Parasite","floor":18,"turns":5},{"damage":10,"enemies":"3 Byrds","floor":19,"turns":3},{"damage":30,"enemies":"Slaver and Parasite","floor":24,"turns":7},{"damage":29,"enemies":"Centurion and Healer","floor":30,"turns":3},{"damage":12,"enemies":"Gremlin Leader","floor":31,"turns":4}],"relics_obtained":[{"floor":6,"key":"Girya"},{"floor":7,"key":"Torii"},{"floor":9,"key":"Calipers"},{"floor":10,"key":"Bronze Scales"},{"floor":23,"key":"Bottled Tornado"},{"floor":26,"key":"Gremlin Horn"},{"floor":26,"key":"Gambling Chip"},{"floor":27,"key":"Bag of Marbles"},{"floor":27,"key":"Juzu Bracelet"}],"event_choices":[{"event_name":"Liars Game","player_choice":"agreed","floor":2,"damage_taken":0},{"event_name":"Upgrade Shrine","player_choice":"Upgraded","floor":3,"damage_taken":0},{"event_name":"Scrap Ooze","player_choice":"success","floor":11,"damage_taken":7},{"event_name":"The Cleric","player_choice":"Healed","floor":12,"damage_taken":0},{"event_name":"Vampires","player_choice":"Became a vampire","floor":21,"damage_taken":0},{"event_name":"The Mausoleum","player_choice":"Yes","floor":22,"damage_taken":0},{"event_name":"Beggar","player_choice":"Gave Gold","floor":28,"damage_taken":0}],"boss_relics":[{"not_picked":["Velvet Choker","Philosopher\u0027s Stone"],"picked":"Inserter"}],"items_purged_floors":[4],"potions_floor_spawned":[1,10,16,24],"seed_played":"-8089775563144520398","killed_by":"Gremlin Leader","ascension_level":2,"potions_obtained":[{"floor":1,"key":"FocusPotion"},{"floor":10,"key":"SteroidPotion"},{"floor":16,"key":"FocusPotion"}],"is_trial":false}