{"gold_per_floor":[119,119,119,143,166,206,206,206,233,252,252],"floor_reached":11,"playtime":405,"items_purged":[],"score":91,"play_id":"93225932-8da5-4555-aad4-8a64a587afdf","local_time":"20180927102820","is_ascension_mode":true,"campfire_choices":[{"data":"Footwork","floor":8,"key":"SMITH"}],"neow_cost":"TEN_PERCENT_HP_LOSS","seed_source_timestamp":788184552961413,"circlet_count":0,"master_deck":["Defend_G","Defend_G","Defend_G","Defend_G","Strike_G","Strike_G","Strike_G","Strike_G","Survivor","Neutralize","Footwork+1","Dodge and Roll","Footwork","Backstab+1"],"relics":["Ring of the Snake","Golden Idol","GremlinMask","Juzu Bracelet","Molten Egg 2","Blood Vial"],"potions_floor_usage":[6],"damage_taken":[{"damage":0,"enemies":"2 Louse","floor":1,"turns":3},{"damage":0,"enemies":"Small Slimes","floor":4,"turns":5},{"damage":0,"enemies":"Cultist","floor":5,"turns":5},{"damage":29,"enemies":"Gremlin Nob","floor":6,"turns":5},{"damage":6,"enemies":"2 Fungi Beasts","floor":10,"turns":6},{"damage":20,"enemies":"Lagavulin","floor":11,"turns":2}],"seed_played":"-7816144517171109921","potions_obtained":[{"floor":4,"key":"Strength Potion"},{"floor":10,"key":"Ancient Potion"}],"is_trial":false,"path_per_floor":["M","?","?","M","M","E","?","R","T","M"],"character_chosen":"THE_SILENT","items_purchased":[],"campfire_rested":0,"item_purchase_floors":[],"current_hp_per_floor":[63,48,48,48,48,19,19,19,19,15,0],"gold":252,"neow_bonus":"REMOVE_TWO","is_prod":false,"is_daily":false,"chose_seed":false,"campfire_upgraded":1,"win_rate":0,"timestamp":1538018900,"path_taken":["M","?","?","M","M","E","?","R","T","M","E"],"build_version":"2018-09-20","purchased_purges":0,"victory":false,"max_hp_per_floor":[63,63,63,63,63,63,63,63,63,63,63],"card_choices":[{"not_picked":["Acrobatics","Choke"],"picked":"Footwork","floor":1},{"not_picked":["Endless Agony","Sucker Punch"],"picked":"Dodge and Roll","floor":4},{"not_picked":["Quick Slash","Deadly Poison","Reflex"],"picked":"SKIP","floor":5},{"not_picked":["Dagger Spray","Storm of Steel"],"picked":"Footwork","floor":6},{"not_picked":["Backflip","Dagger Spray+1"],"picked":"Backstab+1","floor":10}],"player_experience":209108,"relics_obtained":[{"floor":6,"key":"Juzu Bracelet"},{"floor":7,"key":"Molten Egg 2"},{"floor":9,"key":"Blood Vial"}],"event_choices":[{"event_name":"Golden Idol","player_choice":"Take Damage","floor":2,"damage_taken":0},{"event_name":"FaceTrader","player_choice":"Trade","floor":3,"damage_taken":0},{"event_name":"Wheel of Change","player_choice":"Relic","floor":7,"damage_taken":0}],"is_beta":false,"boss_relics":[],"items_purged_floors":[],"is_endless":false,"potions_floor_spawned":[4,10],"killed_by":"Lagavulin","ascension_level":5}