{"gold_per_floor":[110,185,185,62,76,102,114,114,188,204,58,58,84,100,100,198,198,209,209,229,144,159,159,172,172,172,271,271,6,24,58,58,162,162,172,172,172,192,204,204,204],"floor_reached":41,"playtime":1866,"items_purged":["Regret","Strike_R+1"],"score":714,"play_id":"633fcc05-a509-49dd-a3ed-6070725702aa","local_time":"20190225024543","is_ascension_mode":true,"campfire_choices":[{"data":"True Grit","floor":8,"key":"SMITH"},{"data":"Juggernaut","floor":12,"key":"SMITH"},{"data":"True Grit","floor":15,"key":"SMITH"},{"data":"Armaments","floor":23,"key":"SMITH"},{"floor":25,"key":"REST"},{"floor":32,"key":"RECALL"},{"data":"Disarm","floor":40,"key":"SMITH"}],"neow_cost":"NONE","seed_source_timestamp":246152755062401,"circlet_count":0,"master_deck":["AscendersBane","Strike_R+1","Strike_R+1","Strike_R+1","Defend_R+1","Defend_R+1","Defend_R+1","Defend_R+1","Bash","Body Slam","True Grit+1","Inflame","Metallicize","Disarm+1","Shrug It Off","Juggernaut+1","Immolate","True Grit+1","Reaper","Armaments+1","Headbutt+1","Seeing Red","Finesse","Evolve","Juggernaut","Dual Wield","Master of Strategy","Good Instincts","Battle Trance"],"relics":["Burning Blood","NeowsBlessing","Ancient Tea Set","Nunchaku","Sundial","Pear","Runic Dome","Du-Vu Doll","Pantograph","Bag of Marbles","Philosopher\u0027s Stone"],"potions_floor_usage":[10,16,16,24,38,39],"damage_taken":[{"damage":0,"enemies":"Cultist","floor":1,"turns":1},{"damage":0,"enemies":"2 Louse","floor":5,"turns":1},{"damage":0,"enemies":"Lagavulin","floor":6,"turns":1},{"damage":7,"enemies":"Jaw Worm","floor":7,"turns":5},{"damage":7,"enemies":"Large Slime","floor":10,"turns":8},{"damage":36,"enemies":"3 Sentries","floor":13,"turns":9},{"damage":8,"enemies":"3 Louse","floor":14,"turns":4},{"damage":12,"enemies":"Slime Boss","floor":16,"turns":9},{"damage":36,"enemies":"2 Thieves","floor":18,"turns":5},{"damage":19,"enemies":"Chosen","floor":20,"turns":6},{"damage":16,"enemies":"Snake Plant","floor":22,"turns":5},{"damage":9,"enemies":"Centurion and Healer","floor":24,"turns":6},{"damage":11,"enemies":"Snecko","floor":30,"turns":4},{"damage":45,"enemies":"Gremlin Leader","floor":31,"turns":7},{"damage":66,"enemies":"Champ","floor":33,"turns":11},{"damage":3,"enemies":"Orb Walker","floor":35,"turns":4},{"damage":10,"enemies":"3 Shapes","floor":38,"turns":4},{"damage":19,"enemies":"Sphere and 2 Shapes","floor":39,"turns":5},{"damage":101,"enemies":"2 Orb Walkers","floor":41,"turns":6}],"seed_played":"5314336039395256989","potions_obtained":[{"floor":7,"key":"SneckoOil"},{"floor":13,"key":"SpeedPotion"},{"floor":14,"key":"Explosive Potion"},{"floor":22,"key":"GamblersBrew"},{"floor":33,"key":"Fire Potion"},{"floor":35,"key":"BloodPotion"}],"is_trial":false,"path_per_floor":["M","?","?","$","M","E","M","R","T","M","$","R","E","M","R","B",null,"M","?","M","?","M","R","M","R","T","?","?","$","M","E","R","B",null,"M","?","?","M","M","R","?"],"character_chosen":"IRONCLAD","items_purchased":["True Grit","Juggernaut","Finesse","Evolve"],"campfire_rested":1,"item_purchase_floors":[4,11,29,29],"current_hp_per_floor":[78,67,67,67,73,79,78,78,78,77,77,77,57,55,55,49,80,60,60,47,47,37,37,44,71,71,71,71,71,74,52,52,17,72,75,65,65,82,85,85,0],"gold":204,"neow_bonus":"THREE_ENEMY_KILL","is_prod":false,"is_daily":false,"chose_seed":false,"campfire_upgraded":5,"win_rate":0,"timestamp":1551030343,"path_taken":["M","?","?","$","M","E","M","R","T","M","$","R","E","M","R","BOSS","M","?","M","?","M","R","M","R","T","?","?","$","M","E","R","BOSS","M","?","?","M","M","R","?"],"build_version":"2019-01-23","purchased_purges":2,"victory":false,"max_hp_per_floor":[80,80,80,80,80,80,80,80,80,80,80,80,90,90,90,90,90,90,90,90,90,90,90,90,90,90,90,90,90,90,90,90,90,90,90,90,90,90,90,90,90],"card_choices":[{"not_picked":["Feel No Pain","Anger"],"picked":"Body Slam","floor":1},{"not_picked":["Spot Weakness","Heavy Blade"],"picked":"Inflame","floor":5},{"not_picked":["Burning Pact","Intimidate"],"picked":"Metallicize","floor":6},{"not_picked":["Evolve","Heavy Blade"],"picked":"Disarm","floor":7},{"not_picked":["Havoc","Rampage"],"picked":"Shrug It Off","floor":10},{"not_picked":["Reckless Charge","Twin Strike"],"picked":"Immolate","floor":13},{"not_picked":["Havoc","Body Slam"],"picked":"True Grit","floor":14},{"not_picked":["Bludgeon","Dark Embrace"],"picked":"Reaper","floor":16},{"not_picked":["Heavy Blade+1","Flex","Cleave"],"picked":"SKIP","floor":18},{"not_picked":["Thunderclap","Burning Pact"],"picked":"Headbutt+1","floor":20},{"not_picked":["Limit Break","Clash","Whirlwind"],"picked":"SKIP","floor":22},{"not_picked":["Havoc","Perfected Strike"],"picked":"Seeing Red","floor":24},{"not_picked":["Dropkick","Clothesline+1","Perfected Strike"],"picked":"SKIP","floor":30},{"not_picked":["Headbutt","Anger","Combust"],"picked":"SKIP","floor":31},{"not_picked":["Fiend Fire","Brutality"],"picked":"Juggernaut","floor":33},{"not_picked":["True Grit","Sword Boomerang"],"picked":"Dual Wield","floor":35},{"not_picked":["Chrysalis","Trip"],"picked":"Master of Strategy","floor":36},{"not_picked":["Jack Of All Trades","PanicButton"],"picked":"Good Instincts","floor":36},{"not_picked":["Body Slam","Second Wind+1"],"picked":"Battle Trance","floor":38},{"not_picked":["Flex","Fire Breathing+1","Seeing Red"],"picked":"SKIP","floor":39}],"player_experience":83691,"relics_obtained":[{"floor":6,"key":"Nunchaku"},{"floor":9,"key":"Sundial"},{"floor":13,"key":"Pear"},{"floor":26,"key":"Pantograph"},{"floor":31,"key":"Bag of Marbles"}],"event_choices":[{"damage_healed":0,"gold_gain":75,"player_choice":"Gather Gold","damage_taken":11,"max_hp_gain":0,"max_hp_loss":0,"event_name":"World of Goop","floor":2,"gold_loss":0},{"damage_healed":0,"gold_gain":0,"player_choice":"Box","damage_taken":0,"relics_obtained":["Ancient Tea Set"],"max_hp_gain":0,"max_hp_loss":0,"event_name":"Big Fish","floor":3,"gold_loss":0,"cards_obtained":["Regret"]},{"damage_healed":0,"gold_gain":0,"player_choice":"Read","damage_taken":0,"max_hp_gain":0,"max_hp_loss":0,"event_name":"The Library","floor":19,"gold_loss":0,"cards_obtained":["Armaments"]},{"damage_healed":0,"gold_gain":0,"player_choice":"Obtained Relic","damage_taken":0,"relics_obtained":["Du-Vu Doll"],"max_hp_gain":0,"max_hp_loss":0,"event_name":"Addict","floor":21,"gold_loss":85},{"damage_healed":0,"gold_gain":99,"player_choice":"Stole From Cult","damage_taken":0,"max_hp_gain":0,"max_hp_loss":0,"event_name":"Nest","floor":27,"gold_loss":0},{"damage_healed":0,"gold_gain":0,"player_choice":"Simplicity","damage_taken":0,"max_hp_gain":0,"max_hp_loss":0,"event_name":"Back to Basics","floor":28,"gold_loss":0,"cards_upgraded":["Strike_R","Strike_R","Strike_R","Strike_R","Strike_R","Defend_R","Defend_R","Defend_R","Defend_R"]},{"damage_healed":0,"gold_gain":0,"player_choice":"Memory 3","damage_taken":10,"max_hp_gain":0,"max_hp_loss":0,"event_name":"SensoryStone","floor":36,"gold_loss":0},{"cards_removed":["Strike_R"],"damage_healed":0,"gold_gain":0,"player_choice":"Removed Attack","damage_taken":0,"max_hp_gain":0,"max_hp_loss":0,"event_name":"Falling","floor":37,"gold_loss":0},{"damage_healed":0,"gold_gain":0,"player_choice":"Fight","damage_taken":0,"max_hp_gain":0,"max_hp_loss":0,"event_name":"Mysterious Sphere","floor":41,"gold_loss":0}],"is_beta":false,"boss_relics":[{"not_picked":["Eternal Feather","Black Blood"],"picked":"Runic Dome"},{"not_picked":["Pandora\u0027s Box","Tiny House"],"picked":"Philosopher\u0027s Stone"}],"items_purged_floors":[4,29],"is_endless":false,"potions_floor_spawned":[7,13,14,22,33,35],"killed_by":"2 Orb Walkers","ascension_level":12}