{"gold_per_floor":[114,130,147,162,219,246,246,258,283,283,302,317,362,374,374,451,451,468,333,248,248,248,248,282,305,305,315,315,333,363,363],"floor_reached":31,"playtime":1161,"items_purged":["Strike_B"],"score":521,"play_id":"a0805ee1-c2b6-44ec-b097-496d7d235a5e","local_time":"20181229222113","is_ascension_mode":true,"campfire_choices":[{"data":"Chill","floor":7,"key":"SMITH"},{"data":"Biased Cognition","floor":10,"key":"SMITH"},{"data":"Zap","floor":15,"key":"SMITH"},{"floor":23,"key":"REST"},{"floor":28,"key":"REST"}],"neow_cost":"TEN_PERCENT_HP_LOSS","seed_source_timestamp":10689529409433,"circlet_count":0,"master_deck":["AscendersBane","Strike_B+1","Strike_B+1","Strike_B+1","Defend_B+1","Defend_B+1","Defend_B+1","Defend_B+1","Zap+1","Dualcast","Biased Cognition+1","Capacitor","White Noise","Chill+1","FTL","Coolheaded","Auto Shields","Rainbow","Loop","Skim","Regret","Pain","White Noise"],"special_seed":0,"relics":["Cracked Core","Tiny Chest","Smiling Mask","Orichalcum","Happy Flower","Cursed Key","DataDisk","Calipers","Vajra","Ornamental Fan","Centennial Puzzle"],"potions_floor_usage":[16,16,30],"damage_taken":[{"damage":1.0,"enemies":"Cultist","floor":1.0,"turns":3.0},{"damage":7.0,"enemies":"Jaw Worm","floor":2.0,"turns":4.0},{"damage":0,"enemies":"2 Louse","floor":3,"turns":2},{"damage":14,"enemies":"Looter","floor":4,"turns":4},{"damage":0,"enemies":"3 Louse","floor":8,"turns":4},{"damage":8,"enemies":"Large Slime","floor":11,"turns":4},{"damage":0,"enemies":"Gremlin Gang","floor":12,"turns":3},{"damage":0,"enemies":"3 Louse","floor":14,"turns":5},{"damage":26,"enemies":"Hexaghost","floor":16,"turns":10},{"damage":5,"enemies":"Spheric Guardian","floor":18,"turns":5},{"damage":15,"enemies":"Colosseum Slavers","floor":22,"turns":5},{"damage":30,"enemies":"Slavers","floor":24,"turns":9},{"damage":6,"enemies":"3 Byrds","floor":27,"turns":5},{"damage":5,"enemies":"Centurion and Healer","floor":29,"turns":5},{"damage":19,"enemies":"Gremlin Leader","floor":30,"turns":6},{"damage":9,"enemies":"Chosen and Byrds","floor":31,"turns":4}],"seed_played":"3667646013791613127","potions_obtained":[{"floor":2.0,"key":"FocusPotion"},{"floor":3,"key":"SpeedPotion"},{"floor":8,"key":"Block Potion"},{"floor":24,"key":"Block Potion"}],"is_trial":false,"path_per_floor":["M","M","M","T","T","R","M","T","R","M","M","T","M","R","B",null,"M","$","?","?","?","R","E","T","T","M","R","M","E","M"],"character_chosen":"DEFECT","items_purchased":["Loop"],"campfire_rested":2,"item_purchase_floors":[19],"current_hp_per_floor":[63,56,56,42,42,42,42,42,42,42,34,34,34,34,34,8,50,45,45,45,45,30,49,19,19,19,13,32,27,8,0],"gold":363,"neow_bonus":"THREE_RARE_CARDS","is_prod":false,"is_daily":false,"chose_seed":false,"campfire_upgraded":3,"win_rate":0,"timestamp":1546118473,"path_taken":["M","?","M","M","?","?","R","M","T","R","M","M","?","M","R","BOSS","M","$","?","?","?","R","E","?","T","?","R","M","E","M"],"build_version":"2018-12-25","purchased_purges":1,"victory":false,"max_hp_per_floor":[64,64,64,64,64,64,64,64,64,64,64,64,64,64,64,64,64,64,64,64,64,64,64,64,64,64,64,64,64,64,64],"card_choices":[{"not_picked":["Machine Learning","Amplify"],"picked":"Biased Cognition","floor":0.0},{"not_picked":["Cold Snap","Streamline"],"picked":"Capacitor","floor":1.0},{"not_picked":["Barrage","Darkness"],"picked":"White Noise","floor":2.0},{"not_picked":["Glacier","Scrape"],"picked":"Chill","floor":3},{"not_picked":["Streamline","Hello World"],"picked":"FTL","floor":4},{"not_picked":["Steam","Doom and Gloom"],"picked":"Coolheaded","floor":8},{"not_picked":["Double Energy","Beam Cell"],"picked":"Auto Shields","floor":11},{"not_picked":["Rebound","Conserve Battery","Leap"],"picked":"SKIP","floor":12},{"not_picked":["Machine Learning","Rebound","Leap"],"picked":"SKIP","floor":14},{"not_picked":["Machine Learning","Reboot"],"picked":"Rainbow","floor":16},{"not_picked":["Coolheaded","Chaos","Sweeping Beam"],"picked":"SKIP","floor":18},{"not_picked":["Rip and Tear","Steam Power+1"],"picked":"Skim","floor":24},{"not_picked":["Go for the Eyes","Coolheaded","Redo"],"picked":"SKIP","floor":27},{"not_picked":["Loop","Sweeping Beam"],"picked":"White Noise","floor":29},{"not_picked":["Rip and Tear","Heatsinks","Compile Driver"],"picked":"SKIP","floor":30}],"player_experience":880359,"relics_obtained":[{"floor":5,"key":"Tiny Chest"},{"floor":6,"key":"Smiling Mask"},{"floor":9,"key":"Orichalcum"},{"floor":13,"key":"Happy Flower"},{"floor":24,"key":"Calipers"},{"floor":25,"key":"Vajra"},{"floor":26,"key":"Ornamental Fan"},{"floor":30,"key":"Centennial Puzzle"}],"event_choices":[{"damage_healed":0,"gold_gain":0,"player_choice":"Obtained Relic","damage_taken":0,"relics_obtained":["DataDisk"],"max_hp_gain":0,"max_hp_loss":0,"event_name":"Addict","floor":20,"gold_loss":85},{"damage_healed":0,"gold_gain":0,"player_choice":"Simplicity","damage_taken":0,"max_hp_gain":0,"max_hp_loss":0,"event_name":"Back to Basics","floor":21,"gold_loss":0,"cards_upgraded":["Strike_B","Strike_B","Strike_B","Defend_B","Defend_B","Defend_B","Defend_B"]},{"damage_healed":0,"gold_gain":0,"player_choice":"Fight","damage_taken":0,"max_hp_gain":0,"max_hp_loss":0,"event_name":"Colosseum","floor":22,"gold_loss":0},{"damage_healed":0,"gold_gain":0,"player_choice":"Fled From Nobs","damage_taken":0,"max_hp_gain":0,"max_hp_loss":0,"event_name":"Colosseum","floor":22,"gold_loss":0}],"is_beta":true,"boss_relics":[{"not_picked":["Empty Cage","Inserter"],"picked":"Cursed Key"}],"items_purged_floors":[19],"is_endless":false,"potions_floor_spawned":[2,3,8,11,22,24],"killed_by":"Chosen and Byrds","ascension_level":19}