{"gold_per_floor":[219,231,133,144,144,144,158,179,179,179,190,190,39,39,51,160,172,201,43,43,55,109,109,123,123,423,448,363,378,378,394,394,493,493,507,507,62,82,82,82,111,111,137,137,149,149,168,178,178,178],"floor_reached":51,"playtime":8378,"items_purged":["Strike_B","Strike_B"],"score":735,"play_id":"7f4d1d6b-a58a-4840-8719-bab8656777b7","local_time":"20180826230622","is_ascension_mode":false,"campfire_choices":[{"data":"Cold Snap","floor":6.0,"key":"SMITH"},{"floor":10.0,"key":"REST"},{"data":"Creative AI","floor":12.0,"key":"SMITH"},{"data":"Defragment","floor":15.0,"key":"SMITH"},{"data":"Self Repair","floor":23.0,"key":"SMITH"},{"data":"Glacier","floor":25.0,"key":"SMITH"},{"data":"Echo Form","floor":32.0,"key":"SMITH"},{"data":"Blizzard","floor":40,"key":"SMITH"},{"data":"Compile Driver","floor":42,"key":"SMITH"},{"data":"Cold Snap","floor":44,"key":"SMITH"},{"data":"Blizzard","floor":46,"key":"SMITH"},{"data":"Loop","floor":49,"key":"SMITH"}],"neow_cost":"NONE","seed_source_timestamp":0,"circlet_count":0,"master_deck":["Defend_B","Defend_B","Defend_B","Defend_B","Zap","Dualcast","Self Repair","Redo","Cold Snap+1","Coolheaded","Hologram","Defragment+1","Creative AI+1","Glacier+1","Loop+1","Echo Form+1","Self Repair+1","Tempest+1","Conserve Battery+1","Heatsinks","Glacier+1","Blizzard+1","Electrodynamics","Secret Weapon+1","Jack Of All Trades+1","Deep Breath+1","White Noise+1","Capacitor","Cold Snap+1","Compile Driver+1","Writhe","Amplify+1","Blizzard+1","Multi-Cast+1","Ball Lightning+1"],"special_seed":0,"relics":["Cracked Core","Unceasing Top","Odd Mushroom","Mummified Hand","MawBank","Coffee Dripper","Toxic Egg 2","Vajra","Old Coin","Bronze Scales","Question Card","Empty Cage","Blue Candle","Thread and Needle","Happy Flower"],"potions_floor_usage":[41],"damage_taken":[{"damage":1.0,"enemies":"Cultist","floor":1.0,"turns":4.0},{"damage":1.0,"enemies":"2 Louse","floor":2.0,"turns":3.0},{"damage":1.0,"enemies":"Jaw Worm","floor":4.0,"turns":3.0},{"damage":11.0,"enemies":"Large Slime","floor":7.0,"turns":7.0},{"damage":29.0,"floor":8.0,"turns":6.0},{"damage":9.0,"enemies":"2 Fungi Beasts","floor":11.0,"turns":3.0},{"damage":0.0,"enemies":"Slime Boss","floor":16.0,"turns":13.0},{"damage":7.0,"enemies":"3 Byrds","floor":18.0,"turns":8.0},{"damage":27.0,"enemies":"Chosen","floor":21.0,"turns":5.0},{"damage":12.0,"enemies":"Snake Plant","floor":24.0,"turns":4.0},{"damage":8.0,"enemies":"Book of Stabbing","floor":27.0,"turns":7.0},{"damage":3.0,"enemies":"Centurion and Healer","floor":29.0,"turns":5.0},{"damage":18.0,"enemies":"3 Cultists","floor":31.0,"turns":6.0},{"damage":12.0,"enemies":"Collector","floor":33.0,"turns":13.0},{"damage":0,"enemies":"Flame Bruiser 1 Orb","floor":35,"turns":6},{"damage":11,"enemies":"3 Shapes","floor":38,"turns":3},{"damage":9,"enemies":"Nemesis","floor":41,"turns":9},{"damage":4,"enemies":"3 Darklings","floor":45,"turns":2},{"damage":11,"enemies":"Maw","floor":47,"turns":7},{"damage":18,"enemies":"Spire Growth","floor":48,"turns":5},{"damage":4,"enemies":"Time Eater","floor":50,"turns":10}],"seed_played":"-5605615755170981238","potions_obtained":[{"floor":2.0,"key":"Weak Potion"},{"floor":8.0,"key":"Ancient Potion"},{"floor":21.0,"key":"GamblersBrew"},{"floor":27.0,"key":"AttackPotion"},{"floor":31.0,"key":"Weak Potion"},{"floor":45,"key":"Explosive Potion"},{"floor":48,"key":"Fire Potion"}],"is_trial":false,"path_per_floor":["M","M","$","M","?","R","M","?","T","R","M","R","$","T","R","B",null,"M","$","?","M","T","R","M","R","T","E","?","M","?","M","R","B",null,"M","?","$","M","?","R","E","R","T","R","M","R","M","M","R","B"],"character_chosen":"DEFECT","items_purchased":["Cold Snap","Glacier","Loop","Self Repair","White Noise+1","Capacitor","Cold Snap","Blue Candle"],"campfire_rested":1,"item_purchase_floors":[3,13,13,19,37,37,37,37],"current_hp_per_floor":[74,75,75,75,68,68,64,42,42,64,62,62,62,62,62,69,75,75,75,75,69,69,69,74,74,74,75,75,75,75,74,74,75,75,75,65,65,61,75,75,75,75,75,75,71,71,75,74,74,75],"gold":178,"neow_bonus":"HUNDRED_GOLD","is_prod":false,"is_daily":false,"chose_seed":false,"campfire_upgraded":11,"win_rate":0.0,"timestamp":1535349982,"path_taken":["M","M","$","M","?","R","M","?","T","R","M","R","?","?","R","BOSS","M","?","?","M","?","R","M","R","T","E","?","M","?","M","R","BOSS","M","?","$","M","?","R","E","R","T","R","M","R","M","?","R","BOSS"],"build_version":"2018-08-23v2","purchased_purges":2,"victory":true,"max_hp_per_floor":[75,75,75,75,75,75,75,75,75,75,75,75,75,75,75,75,75,75,75,75,75,75,75,75,75,75,75,75,75,75,75,75,75,75,75,75,75,75,75,75,75,75,75,75,75,75,75,75,75,75],"card_choices":[{"not_picked":["Stack","Steam"],"picked":"Self Repair","floor":1.0},{"not_picked":["Beam Cell","Rebound"],"picked":"Redo","floor":2.0},{"not_picked":["Rebound","Go for the Eyes"],"picked":"Coolheaded","floor":4.0},{"not_picked":["Compile Driver","BootSequence"],"picked":"Hologram","floor":7.0},{"not_picked":["Ball Lightning","Gash"],"picked":"Defragment","floor":8.0},{"not_picked":["Gash","Undo"],"picked":"Creative AI","floor":11.0},{"not_picked":["Multi-Cast","Electrodynamics"],"picked":"Echo Form","floor":16.0},{"not_picked":["Stack","Streamline","Static Discharge"],"picked":"SKIP","floor":18.0},{"not_picked":["Redo+1","Sweeping Beam"],"picked":"Tempest+1","floor":21.0},{"not_picked":["Barrage","Reinforced Body+1"],"picked":"Conserve Battery+1","floor":24.0},{"not_picked":["Ball Lightning","Stack+1"],"picked":"Heatsinks","floor":27.0},{"not_picked":["Loop+1","Lockon+1","Multi-Cast+1"],"picked":"Glacier+1","floor":29.0},{"not_picked":["Hologram+1","Fusion+1","Conserve Battery+1"],"picked":"Blizzard","floor":31.0},{"not_picked":["Machine Learning","Creative AI","Biased Cognition"],"picked":"Electrodynamics","floor":33.0},{"not_picked":["Steam Power+1","Leap+1","Lockon+1","Stack+1"],"picked":"SKIP","floor":35},{"not_picked":["Jack Of All Trades+1","Deep Breath+1","Transmutation+1"],"picked":"Secret Weapon+1","floor":36},{"not_picked":["PanicButton+1","Discovery+1","Transmutation+1"],"picked":"Jack Of All Trades+1","floor":36},{"not_picked":["Chrysalis+1","Secret Technique+1","Magnetism"],"picked":"Deep Breath+1","floor":36},{"not_picked":["Coolheaded+1","Gash+1","Beam Cell+1"],"picked":"Compile Driver","floor":38},{"not_picked":["Hello World","Aggregate+1","Steam Power+1"],"picked":"Amplify+1","floor":41},{"not_picked":["Hologram+1","Cold Snap","Conserve Battery+1"],"picked":"Blizzard","floor":45},{"not_picked":["Leap+1","Ball Lightning","Stack+1"],"picked":"Multi-Cast+1","floor":47},{"not_picked":["Stack+1","Lockon+1","Compile Driver"],"picked":"Ball Lightning+1","floor":48}],"player_experience":110003,"relics_obtained":[{"floor":8.0,"key":"Odd Mushroom"},{"floor":9.0,"key":"Mummified Hand"},{"floor":14.0,"key":"MawBank"},{"floor":22.0,"key":"Vajra"},{"floor":26.0,"key":"Old Coin"},{"floor":27.0,"key":"Bronze Scales"},{"floor":41,"key":"Thread and Needle"},{"floor":43,"key":"Happy Flower"}],"event_choices":[{"event_name":"Scrap Ooze","player_choice":"success","floor":5.0,"damage_taken":7.0},{"event_name":"Mushrooms","player_choice":"Fought Mushrooms","floor":8.0,"damage_taken":0.0},{"event_name":"The Mausoleum","player_choice":"Yes","floor":20.0,"damage_taken":0.0},{"event_name":"Addict","player_choice":"Obtained Relic","floor":28.0,"damage_taken":0.0},{"event_name":"Drug Dealer","player_choice":"Ignored","floor":30.0,"damage_taken":0.0},{"event_name":"SensoryStone","player_choice":"Memory 3","floor":36,"damage_taken":0},{"event_name":"Winding Halls","player_choice":"Writhe","floor":39,"damage_taken":0}],"is_beta":false,"boss_relics":[{"not_picked":["Black Star","Fusion Hammer"],"picked":"Coffee Dripper"},{"not_picked":["White Beast Statue","Calling Bell"],"picked":"Empty Cage"}],"items_purged_floors":[3,19],"is_endless":false,"potions_floor_spawned":[2,8,21,27,31,45,48],"ascension_level":0}