{"gold_per_floor":[114,20,40,53,228,228,241,241,266,266,286,114,126,5,5,107,107,127,143,160,110,127,127,143,159,159,172,122,24,24,38,38,134,134,148,168,168,168,181,181,131,231,231,231,244,244,259,259,259,259],"floor_reached":51,"playtime":4107,"items_purged":["Pain","Doubt","Strike_G","Strike_G","Strike_G"],"score":682,"play_id":"4770d003-42e5-415b-9a1f-89f119415ab7","local_time":"20190302011441","is_ascension_mode":true,"campfire_choices":[{"data":"Accuracy","floor":6,"key":"SMITH"},{"data":"Blade Dance","floor":8,"key":"SMITH"},{"floor":15,"key":"REST"},{"floor":23,"key":"REST"},{"data":"Night Terror","floor":30,"key":"SMITH"},{"floor":32,"key":"REST"},{"data":"Envenom","floor":40,"key":"SMITH"},{"floor":46,"key":"REST"},{"floor":49,"key":"REST"}],"neow_cost":"NONE","seed_source_timestamp":270322026129722,"circlet_count":0,"master_deck":["Defend_G","Defend_G","Defend_G","Defend_G","Defend_G","Survivor","Neutralize","Blade Dance+1","Accuracy+1","Blade Dance","Blade Dance","Footwork","Backflip","Infinite Blades","Night Terror+1","Caltrops+1","Cloak And Dagger+1","Noxious Fumes","Envenom+1","Writhe"],"relics":["Ring of the Snake","NeowsBlessing","Smiling Mask","WarpedTongs","WristBlade","Shuriken","Busted Crown","Tough Bandages","Pantograph"],"potions_floor_usage":[19,25,27,27,31,36],"damage_taken":[{"damage":0,"enemies":"Small Slimes","floor":1,"turns":1},{"damage":0,"enemies":"Cultist","floor":3,"turns":1},{"damage":0,"enemies":"Jaw Worm","floor":4,"turns":1},{"damage":23,"enemies":"Exordium Thugs","floor":7,"turns":6},{"damage":7,"enemies":"Looter","floor":11,"turns":3},{"damage":9,"enemies":"3 Louse","floor":13,"turns":5},{"damage":30,"enemies":"Hexaghost","floor":16,"turns":7},{"damage":8,"enemies":"Spheric Guardian","floor":18,"turns":4},{"damage":7,"enemies":"Shell Parasite","floor":19,"turns":4},{"damage":10,"enemies":"Centurion and Healer","floor":20,"turns":6},{"damage":26,"enemies":"Chosen and Byrds","floor":22,"turns":6},{"damage":18,"enemies":"Shelled Parasite and Fungi","floor":24,"turns":6},{"damage":0,"enemies":"3 Cultists","floor":25,"turns":3},{"damage":13,"enemies":"Chosen and Byrds","floor":27,"turns":6},{"damage":17,"enemies":"Centurion and Healer","floor":31,"turns":7},{"damage":10,"enemies":"Champ","floor":33,"turns":13},{"damage":6,"enemies":"3 Shapes","floor":35,"turns":6},{"damage":18,"enemies":"3 Darklings","floor":36,"turns":5},{"damage":22,"enemies":"4 Shapes","floor":39,"turns":7},{"damage":0,"enemies":"Mind Bloom Boss Battle","floor":42,"turns":5},{"damage":24,"enemies":"Spire Growth","floor":45,"turns":5},{"damage":5,"enemies":"Maw","floor":47,"turns":6},{"damage":47,"enemies":"Time Eater","floor":50,"turns":12}],"seed_played":"8918313797773567861","potions_obtained":[{"floor":1,"key":"SpeedPotion"},{"floor":13,"key":"EssenceOfSteel"},{"floor":16,"key":"FearPotion"},{"floor":18,"key":"Energy Potion"},{"floor":20,"key":"SteroidPotion"},{"floor":22,"key":"SkillPotion"},{"floor":25,"key":"Regen Potion"},{"floor":31,"key":"SmokeBomb"},{"floor":36,"key":"SkillPotion"},{"floor":39,"key":"PowerPotion"}],"is_trial":false,"path_per_floor":["?","?","M","M","?","?","?","?","?","M","?"],"character_chosen":"THE_SILENT","items_purchased":["Blade Dance","Accuracy","Blade Dance","Footwork","Infinite Blades","AttackPotion"],"campfire_rested":5,"item_purchase_floors":[2,2,12,12,14,29],"current_hp_per_floor":[70,70,70,70,70,70,47,47,47,47,40,40,31,31,52,22,70,62,55,45,45,19,40,22,22,22,24,24,24,24,7,28,18,70,64,46,64,64,42,42,42,42,42,42,18,39,34,34,55,23],"gold":259,"neow_bonus":"THREE_ENEMY_KILL","is_prod":false,"is_daily":false,"chose_seed":false,"campfire_upgraded":4,"win_rate":0,"timestamp":1551485681,"path_taken":["M","$","M","M","?","R","M","R","T","?","M","$","?","$","R","BOSS","M","M","M","$","?","R","M","M","T","M","?","$","R","M","R","BOSS","M","M","?","?","M","R","$","?","T","?","M","R","?","?","R","BOSS"],"build_version":"2019-01-23","purchased_purges":5,"victory":true,"max_hp_per_floor":[70,70,70,70,70,70,70,70,70,70,70,70,70,70,70,70,70,70,70,70,70,70,70,70,70,70,70,70,70,70,70,70,70,70,70,70,70,70,70,70,70,70,70,70,70,70,70,70,70,70],"card_choices":[{"not_picked":["Predator","Underhanded Strike","Riddle With Holes"],"picked":"SKIP","floor":1},{"not_picked":["Underhanded Strike","Outmaneuver","Expertise"],"picked":"SKIP","floor":3},{"not_picked":["Dodge and Roll","Terror","Poisoned Stab"],"picked":"SKIP","floor":4},{"not_picked":["Deadly Poison","Bane","PiercingWail"],"picked":"SKIP","floor":7},{"not_picked":["Crippling Poison","Bullet Time"],"picked":"Blade Dance","floor":11},{"not_picked":["Dash","Heel Hook"],"picked":"Backflip","floor":13},{"not_picked":["Die Die Die","Doppelganger"],"picked":"Night Terror","floor":16},{"not_picked":["Poisoned Stab+1","Deflect"],"picked":"Caltrops+1","floor":18},{"not_picked":["Blade Dance","Dagger Throw+1","Outmaneuver"],"picked":"SKIP","floor":19},{"not_picked":["Riddle With Holes","PiercingWail","All Out Attack"],"picked":"SKIP","floor":20},{"not_picked":["Eviscerate","Deflect","Acrobatics"],"picked":"SKIP","floor":22},{"not_picked":["Flying Knee","Unload"],"picked":"Cloak And Dagger+1","floor":24},{"not_picked":["Dagger Throw","Cloak And Dagger"],"picked":"Noxious Fumes","floor":25},{"not_picked":["Backflip+1","Predator","Crippling Poison"],"picked":"SKIP","floor":27},{"not_picked":["Endless Agony+1","Grand Finale","Underhanded Strike"],"picked":"SKIP","floor":31},{"not_picked":["After Image","Corpse Explosion"],"picked":"Envenom","floor":33},{"not_picked":["Deflect+1"],"picked":"SKIP","floor":35},{"not_picked":["Deflect"],"picked":"SKIP","floor":36},{"not_picked":["Poisoned Stab+1"],"picked":"SKIP","floor":39},{"not_picked":["Sucker Punch+1"],"picked":"SKIP","floor":45},{"not_picked":["Underhanded Strike"],"picked":"SKIP","floor":47}],"player_experience":246064,"relics_obtained":[{"floor":9,"key":"Smiling Mask"},{"floor":26,"key":"Shuriken"},{"floor":42,"key":"Tough Bandages"},{"floor":43,"key":"Pantograph"}],"event_choices":[{"damage_healed":0,"gold_gain":175,"player_choice":"AGREE","damage_taken":0,"max_hp_gain":0,"max_hp_loss":0,"event_name":"Liars Game","floor":5,"gold_loss":0,"cards_obtained":["Doubt"]},{"damage_healed":0,"gold_gain":0,"player_choice":"Rummage","damage_taken":0,"relics_obtained":["WarpedTongs"],"max_hp_gain":0,"max_hp_loss":0,"event_name":"Accursed Blacksmith","floor":10,"gold_loss":0,"cards_obtained":["Pain"]},{"damage_healed":0,"gold_gain":0,"player_choice":"Bet on Murderer","damage_taken":0,"max_hp_gain":0,"max_hp_loss":0,"event_name":"The Joust","floor":28,"gold_loss":50},{"damage_healed":18,"gold_gain":0,"player_choice":"Writhe","damage_taken":0,"max_hp_gain":0,"max_hp_loss":0,"event_name":"Winding Halls","floor":37,"gold_loss":0,"cards_obtained":["Writhe"]},{"cards_removed":["Strike_G"],"damage_healed":0,"gold_gain":0,"player_choice":"Removed Attack","damage_taken":0,"max_hp_gain":0,"max_hp_loss":0,"event_name":"Falling","floor":38,"gold_loss":0},{"damage_healed":0,"gold_gain":0,"player_choice":"Fight","damage_taken":0,"max_hp_gain":0,"max_hp_loss":0,"event_name":"MindBloom","floor":42,"gold_loss":0},{"damage_healed":0,"gold_gain":0,"player_choice":"0 cards matched","damage_taken":0,"max_hp_gain":0,"max_hp_loss":0,"event_name":"Match and Keep!","floor":44,"gold_loss":0,"cards_obtained":[]},{"cards_removed":["Strike_G"],"damage_healed":0,"gold_gain":0,"player_choice":"Card Removal","damage_taken":0,"max_hp_gain":0,"max_hp_loss":0,"event_name":"Wheel of Change","floor":48,"gold_loss":0}],"is_beta":false,"boss_relics":[{"not_picked":["Calling Bell","Fusion Hammer"],"picked":"WristBlade"},{"not_picked":["Astrolabe","Black Star"],"picked":"Busted Crown"}],"items_purged_floors":[12,14,21,29,41],"is_endless":false,"potions_floor_spawned":[1,13,16,18,20,22,25,31,36,39],"ascension_level":3}