{"gold_per_floor":[119,119,137,156,156,156,27,42,42,42,59,76,25,54,54,155,155,175,199,124,124,138,169,169,169,169,198,215,228,247,262,262,262],"floor_reached":33,"playtime":1493,"items_purged":["Defend_B"],"score":407,"play_id":"a200fdf3-5ed5-4314-bf72-fe04b456d50d","local_time":"20180625214733","is_ascension_mode":true,"campfire_choices":[{"data":"Zap","floor":6,"key":"SMITH"},{"data":"Seek","floor":15,"key":"SMITH"},{"data":"Redo","floor":24,"key":"SMITH"},{"floor":32,"key":"REST"}],"neow_cost":"TEN_PERCENT_HP_LOSS","seed_source_timestamp":124597165526308,"circlet_count":0,"master_deck":["Strike_B+1","Defend_B+1","Defend_B+1","Zap+1","Streamline","Double Energy","Conserve Battery","Redo+1","Seek+1","Reboot","Coolheaded","Double Energy","Cold Snap+1","Multi-Cast","Redo","Loop+1","Redo+1"],"relics":["Cracked Core","Bag of Preparation","Bottled Lightning","Nuclear Battery","Whetstone","Vajra","Mercury Hourglass","Toxic Egg 2"],"potions_floor_usage":[12,16,18,28,29,29,33],"damage_taken":[{"damage":4,"enemies":"Small Slimes","floor":1,"turns":3},{"damage":0,"enemies":"Jaw Worm","floor":3,"turns":3},{"damage":6,"enemies":"Cultist","floor":4,"turns":3},{"damage":0,"enemies":"2 Fungi Beasts","floor":8,"turns":2},{"damage":0,"enemies":"Looter","floor":11,"turns":2},{"damage":0,"enemies":"Large Slime","floor":12,"turns":2},{"damage":0,"enemies":"3 Sentries","floor":14,"turns":5},{"damage":34,"enemies":"Hexaghost","floor":16,"turns":10},{"damage":0,"enemies":"3 Byrds","floor":18,"turns":2},{"damage":0,"enemies":"Spheric Guardian","floor":22,"turns":4},{"damage":0,"enemies":"Book of Stabbing","floor":23,"turns":2},{"damage":34,"enemies":"Gremlin Leader","floor":27,"turns":7},{"damage":5,"enemies":"Cultist and Chosen","floor":28,"turns":3},{"damage":8,"enemies":"Snecko","floor":29,"turns":3},{"damage":0,"enemies":"Snake Plant","floor":30,"turns":1},{"damage":4,"enemies":"Centurion and Healer","floor":31,"turns":3},{"damage":34,"enemies":"Champ","floor":33,"turns":10}],"seed_played":"5357261820542746335","potions_obtained":[{"floor":3,"key":"Block Potion"},{"floor":4,"key":"Poison Potion"},{"floor":11,"key":"FearPotion"},{"floor":16,"key":"SneckoOil"},{"floor":22,"key":"PowerPotion"},{"floor":23,"key":"Regen Potion"},{"floor":28,"key":"Energy Potion"},{"floor":31,"key":"Strength Potion"}],"is_trial":false,"path_per_floor":["M","?","M","M","?","R","$","M","T","?","M","M","$","E","R","B",null,"M","T","?","?","M","E","R","?","T","E","M","M","M","M","R"],"character_chosen":"DEFECT","items_purchased":["Redo","Cold Snap"],"campfire_rested":1,"item_purchase_floors":[7,13],"current_hp_per_floor":[64,50,50,44,37,37,37,37,37,37,37,37,37,37,37,3,68,68,68,68,68,68,68,68,56,56,22,17,9,9,5,26,0],"gold":262,"neow_bonus":"REMOVE_TWO","is_prod":false,"is_daily":false,"chose_seed":false,"campfire_upgraded":3,"win_rate":0,"timestamp":1529934453,"path_taken":["M","?","M","M","?","R","$","?","T","?","M","?","?","E","R","BOSS","M","?","?","?","M","E","R","?","T","E","M","?","M","M","R","BOSS"],"build_version":"2018-06-21v2","purchased_purges":1,"victory":false,"max_hp_per_floor":[68,68,68,68,68,68,68,68,68,68,68,68,68,68,68,68,68,68,68,68,68,68,68,68,73,73,73,73,73,73,73,73,73],"card_choices":[{"not_picked":["Capacitor","Doom and Gloom"],"picked":"Streamline","floor":1},{"not_picked":["Sweeping Beam","BootSequence"],"picked":"Double Energy","floor":3},{"not_picked":["Barrage","Undo"],"picked":"Conserve Battery","floor":4},{"not_picked":["Doom and Gloom","Cold Snap"],"picked":"Seek","floor":8},{"not_picked":["Darkness","Chill"],"picked":"Coolheaded","floor":11},{"not_picked":["Rebound","Fusion"],"picked":"Double Energy","floor":12},{"not_picked":["Ball Lightning","Streamline","Fusion"],"picked":"SKIP","floor":14},{"not_picked":["Fission","Thunder Strike"],"picked":"Multi-Cast","floor":16},{"not_picked":["Aggregate+1","Genetic Algorithm","FTL"],"picked":"SKIP","floor":18},{"not_picked":["Chill","Melter"],"picked":"Redo","floor":22},{"not_picked":["Aggregate","Turbo+1","Stack+1"],"picked":"SKIP","floor":23},{"not_picked":["Leap+1","Steam+1"],"picked":"Loop+1","floor":27},{"not_picked":["Leap+1","Cold Snap","Sweeping Beam"],"picked":"SKIP","floor":28},{"not_picked":["Turbo+1","Gash"],"picked":"Redo+1","floor":29},{"not_picked":["Doom and Gloom","Hologram+1","Amplify+1"],"picked":"SKIP","floor":30},{"not_picked":["Ball Lightning","Go for the Eyes+1","Streamline"],"picked":"SKIP","floor":31}],"player_experience":457682,"relics_obtained":[{"floor":9,"key":"Bag of Preparation"},{"floor":14,"key":"Bottled Lightning"},{"floor":19,"key":"Whetstone"},{"floor":23,"key":"Vajra"},{"floor":26,"key":"Mercury Hourglass"},{"floor":27,"key":"Toxic Egg 2"}],"event_choices":[{"event_name":"Shining Light","player_choice":"Entered Light","floor":2,"damage_taken":0},{"event_name":"Golden Wing","player_choice":"Card Removal","floor":5,"damage_taken":0},{"event_name":"Transmorgrifier","player_choice":"Transform","floor":10,"damage_taken":0},{"event_name":"Beggar","player_choice":"Gave Gold","floor":20,"damage_taken":0},{"event_name":"Drug Dealer","player_choice":"Ignored","floor":21,"damage_taken":0},{"event_name":"Forgotten Altar","player_choice":"Shed Blood","floor":25,"damage_taken":0}],"boss_relics":[{"not_picked":["Ectoplasm","Black Star"],"picked":"Nuclear Battery"}],"items_purged_floors":[7],"is_endless":false,"potions_floor_spawned":[3,4,11,16,22,23,28,31],"killed_by":"Champ","ascension_level":4}