{"gold_per_floor":[113,128,142,162,30,48,48,77,77,77,77,105,118,118,118,192,192,209,209,65,65,41,41,41],"floor_reached":24,"playtime":1076,"items_purged":["Writhe"],"score":361,"play_id":"fbe46367-4acb-4015-9600-38cd46757f48","local_time":"20190212195001","is_ascension_mode":true,"campfire_choices":[{"data":"Neutralize","floor":7,"key":"SMITH"},{"floor":11,"key":"REST"},{"data":"Footwork","floor":15,"key":"SMITH"},{"data":"Skewer","floor":23,"key":"SMITH"}],"neow_cost":"PERCENT_DAMAGE","seed_source_timestamp":612486684009900,"circlet_count":0,"master_deck":["AscendersBane","Defend_G","Defend_G","Defend_G","Defend_G","Defend_G","Strike_G","Strike_G","Strike_G","Strike_G","Survivor","Neutralize+1","PiercingWail","Footwork+1","Dagger Spray","Deadly Poison","Blur","Poisoned Stab","Catalyst","After Image","Dodge and Roll","Escape Plan","Deadly Poison","Adrenaline","Outmaneuver+1","Predator","Skewer+1"],"relics":["Ring of the Snake","Prayer Wheel","PreservedInsect","Blood Vial","Darkstone Periapt","Snecko Eye","Centennial Puzzle"],"potions_floor_usage":[8,24],"damage_taken":[{"damage":0,"enemies":"2 Louse","floor":1,"turns":3},{"damage":0,"enemies":"Small Slimes","floor":2,"turns":7},{"damage":2,"enemies":"Jaw Worm","floor":3,"turns":6},{"damage":6,"enemies":"Blue Slaver","floor":4,"turns":6},{"damage":12,"enemies":"Exordium Thugs","floor":6,"turns":9},{"damage":11,"enemies":"Gremlin Nob","floor":8,"turns":4},{"damage":8,"enemies":"3 Sentries","floor":12,"turns":12},{"damage":13,"enemies":"3 Louse","floor":13,"turns":3},{"damage":13,"enemies":"Hexaghost","floor":16,"turns":9},{"damage":9,"enemies":"Chosen","floor":18,"turns":5},{"damage":29,"enemies":"2 Thieves","floor":22,"turns":5},{"damage":47,"enemies":"3 Cultists","floor":24,"turns":4}],"seed_played":"-296943699897588507","potions_obtained":[{"floor":2,"key":"FearPotion"},{"floor":6,"key":"FairyPotion"},{"floor":16,"key":"FairyPotion"},{"floor":18,"key":"Ancient Potion"},{"floor":22,"key":"Poison Potion"}],"is_trial":false,"path_per_floor":["M","M","M","M","$","M","R","E","T","?","R","E","M","?","R","B",null,"M","?","$","?","M","R","M"],"character_chosen":"THE_SILENT","items_purchased":["Blur","Poisoned Stab","Predator"],"campfire_rested":1,"item_purchase_floors":[5,5,20],"current_hp_per_floor":[56,56,54,48,48,36,36,25,25,18,41,33,22,22,22,11,61,54,60,60,60,33,33,0],"gold":41,"neow_bonus":"TWENTY_PERCENT_HP_BONUS","is_prod":false,"is_daily":false,"chose_seed":false,"campfire_upgraded":3,"win_rate":0,"timestamp":1549972201,"path_taken":["M","M","M","M","$","M","R","E","T","?","R","E","M","?","R","BOSS","M","?","$","?","M","R","M"],"build_version":"2019-01-23","purchased_purges":1,"victory":false,"max_hp_per_floor":[78,78,78,78,78,78,78,78,78,78,78,78,78,78,78,78,78,78,84,84,84,84,84,84],"card_choices":[{"not_picked":["Quick Slash","Blade Dance"],"picked":"PiercingWail","floor":1},{"not_picked":["Dagger Throw","Backflip"],"picked":"Footwork","floor":2},{"not_picked":["PiercingWail","Backflip"],"picked":"Dagger Spray","floor":3},{"not_picked":["Heel Hook","Terror"],"picked":"Deadly Poison","floor":4},{"not_picked":["Flying Knee","Well Laid Plans"],"picked":"Catalyst","floor":6},{"not_picked":["Finisher","Distraction"],"picked":"After Image","floor":8},{"not_picked":["Blade Dance","Backstab"],"picked":"Dodge and Roll","floor":12},{"not_picked":["Prepared","Poisoned Stab"],"picked":"Escape Plan","floor":13},{"not_picked":["Crippling Poison","Reflex"],"picked":"Deadly Poison","floor":13},{"not_picked":["Tools of the Trade","Doppelganger"],"picked":"Adrenaline","floor":16},{"not_picked":["Slice","Accuracy"],"picked":"Outmaneuver+1","floor":18},{"not_picked":["Catalyst","Outmaneuver","Acrobatics"],"picked":"SKIP","floor":18},{"not_picked":["Dash","Flying Knee"],"picked":"Skewer","floor":22},{"not_picked":["Finisher","PiercingWail","Dodge and Roll"],"picked":"SKIP","floor":22}],"player_experience":700232,"relics_obtained":[{"floor":8,"key":"Prayer Wheel"},{"floor":9,"key":"PreservedInsect"},{"floor":12,"key":"Blood Vial"}],"event_choices":[{"cards_removed":["Strike_G"],"damage_healed":0,"gold_gain":0,"player_choice":"Card Removal","damage_taken":7,"max_hp_gain":0,"max_hp_loss":0,"event_name":"Golden Wing","floor":10,"gold_loss":0},{"damage_healed":0,"gold_gain":0,"player_choice":"Searched \u00271\u0027 times","damage_taken":0,"relics_obtained":["Darkstone Periapt"],"max_hp_gain":0,"max_hp_loss":0,"event_name":"Dead Adventurer","floor":14,"gold_loss":0},{"damage_healed":0,"gold_gain":0,"player_choice":"Opened","damage_taken":0,"relics_obtained":["Centennial Puzzle"],"max_hp_gain":0,"max_hp_loss":0,"event_name":"The Mausoleum","floor":19,"gold_loss":0,"cards_obtained":["Writhe"]}],"is_beta":false,"boss_relics":[{"not_picked":["Ectoplasm","HoveringKite"],"picked":"Snecko Eye"}],"items_purged_floors":[20],"is_endless":false,"potions_floor_spawned":[2,6,16,18,22],"killed_by":"3 Cultists","ascension_level":15}