{"path_per_floor":["M","M","?","M","?","E","R","$","T","?","T","R","M","M","R","B",null,"M","?","?","$","?","M","?","M","T","M","?","R","E","T","R","B",null,"M","?","M","?","M","E","R","T","T","$","M","M","M","$","R","B"],"character_chosen":"DEFECT","items_purchased":["Regal Pillow","Kunai","Happy Flower"],"gold_per_floor":[116,131,131,147,147,181,181,28,28,28,28,28,38,49,49,144,144,159,159,74,74,74,92,92,111,135,148,148,148,176,176,176,271,301,313,413,428,428,441,467,467,467,493,158,169,184,195,43,43,43],"floor_reached":51,"campfire_rested":1,"playtime":4740,"item_purchase_floors":[8,44,48],"current_hp_per_floor":[81,81,86,86,86,76,76,76,76,76,76,76,76,76,76,48,87,87,70,70,70,54,39,39,29,29,21,21,63,44,44,44,36,99,101,101,92,92,103,107,107,107,107,107,114,116,118,118,118,118],"items_purged":["Strike_B"],"gold":43,"score":752,"play_id":"156ee4ea-8233-4848-a3c5-b39ac330d9d8","local_time":"20180606212102","is_prod":false,"is_daily":false,"chose_seed":false,"is_ascension_mode":true,"campfire_upgraded":6,"win_rate":0.0,"timestamp":1528291262,"campfire_choices":[{"data":"Zap","floor":7,"key":"SMITH"},{"data":"Beam Cell","floor":12,"key":"SMITH"},{"data":"Echo Form","floor":15,"key":"SMITH"},{"floor":29,"key":"REST"},{"data":"Buffer","floor":32,"key":"SMITH"},{"data":"Glacier","floor":41,"key":"SMITH"},{"data":"Undo","floor":49,"key":"SMITH"}],"path_taken":["M","M","?","M","?","E","R","?","T","?","?","R","M","M","R","BOSS","M","?","?","$","?","?","?","M","T","M","?","R","E","?","R","BOSS","M","?","M","?","M","E","R","?","T","$","M","M","M","?","R","BOSS"],"build_version":"2018-05-31","seed_source_timestamp":9823355890368,"purchased_purges":1,"victory":true,"master_deck":["Strike_B","Strike_B+1","Defend_B","Defend_B","Defend_B","Defend_B","Zap+1","Dualcast","Beam Cell+1","Undo+1","Cold Snap","Glacier+1","Echo Form+1","Ball Lightning+1","Buffer+1","Blizzard+1","Force Field+1","Double Energy","Buffer+1","Self Repair+1"],"max_hp_per_floor":[82,82,87,87,87,87,87,87,87,87,87,87,87,87,87,87,87,87,92,92,92,92,92,92,92,92,92,92,92,92,92,92,92,99,101,101,101,101,103,112,112,112,112,112,114,116,118,118,118,118],"relics":["Cracked Core","Du-Vu Doll","Matryoshka","Regal Pillow","Dream Catcher","Shuriken","Bag of Marbles","Molten Egg 2","Snecko Eye","Bronze Scales","Whetstone","Frozen Egg 2","Singing Bowl","Tiny House","Strawberry","Orichalcum","Oddly Smooth Stone","Kunai","Happy Flower"],"card_choices":[{"not_picked":["Capacitor","Gash"],"picked":"Beam Cell","floor":1},{"not_picked":["Reinforced Body","Aggregate"],"picked":"Undo","floor":2},{"not_picked":["Darkness","Compile Driver"],"picked":"Cold Snap","floor":4},{"not_picked":["Cold Snap","Genetic Algorithm"],"picked":"Glacier","floor":6},{"not_picked":["Hologram","Reinforced Body"],"picked":"Echo Form","floor":13},{"not_picked":["Chaos","Undo"],"picked":"Ball Lightning+1","floor":14},{"not_picked":["Reboot","All For One+1"],"picked":"Buffer","floor":16},{"not_picked":["Chaos","Ball Lightning+1","Redo"],"picked":"SKIP","floor":18},{"not_picked":["Sweeping Beam+1","Capacitor","Defragment"],"picked":"SKIP","floor":23},{"not_picked":["Scrape+1","Sweeping Beam+1"],"picked":"Blizzard+1","floor":25},{"not_picked":["Redo+1","Darkness","Compile Driver+1"],"picked":"SKIP","floor":27},{"not_picked":["Go for the Eyes+1","Coolheaded"],"picked":"Force Field","floor":29},{"not_picked":["Melter+1","Leap"],"picked":"Double Energy","floor":30},{"not_picked":["All For One+1","Seek"],"picked":"Buffer+1","floor":33},{"not_picked":["Redo","Stack+1","Fusion+1"],"picked":"Singing Bowl","floor":34},{"not_picked":["Hologram","Steam","Coolheaded+1"],"picked":"Singing Bowl","floor":35},{"not_picked":["Cold Snap+1","Beam Cell+1"],"picked":"Self Repair+1","floor":37},{"not_picked":["Conserve Battery+1","Ball Lightning+1","Aggregate"],"picked":"Singing Bowl","floor":39},{"not_picked":["Cold Snap+1","Beam Cell+1","Aggregate+1"],"picked":"Singing Bowl","floor":40},{"not_picked":["Conserve Battery+1","Lockon+1","Coolheaded+1"],"picked":"Singing Bowl","floor":45},{"not_picked":["Tempest+1","Ball Lightning+1","Barrage+1"],"picked":"Singing Bowl","floor":46},{"not_picked":["Reboot","Steam+1","Leap"],"picked":"Singing Bowl","floor":47}],"player_experience":433305,"potions_floor_usage":[14,23,25,25,33,50,50,50],"damage_taken":[{"damage":1,"enemies":"Jaw Worm","floor":1,"turns":3},{"damage":0,"enemies":"Small Slimes","floor":2,"turns":2},{"damage":0,"enemies":"Cultist","floor":4,"turns":3},{"damage":10,"enemies":"3 Sentries","floor":6,"turns":8},{"damage":0,"enemies":"Blue Slaver","floor":13,"turns":3},{"damage":0,"enemies":"Lots of Slimes","floor":14,"turns":1},{"damage":28,"enemies":"Hexaghost","floor":16,"turns":9},{"damage":0,"enemies":"Spheric Guardian","floor":18,"turns":4},{"damage":15,"enemies":"3 Byrds","floor":23,"turns":4},{"damage":10,"enemies":"Centurion and Healer","floor":25,"turns":7},{"damage":8,"enemies":"Snake Plant","floor":27,"turns":5},{"damage":19,"enemies":"Slavers","floor":30,"turns":6},{"damage":8,"enemies":"Champ","floor":33,"turns":10},{"damage":0,"enemies":"Orb Walker","floor":35,"turns":4},{"damage":9,"enemies":"3 Darklings","floor":37,"turns":5},{"damage":8,"enemies":"Maw","floor":39,"turns":11},{"damage":25,"enemies":"Nemesis","floor":40,"turns":15},{"damage":0,"enemies":"4 Shapes","floor":45,"turns":9},{"damage":0,"enemies":"3 Darklings","floor":46,"turns":5},{"damage":0,"enemies":"Maw","floor":47,"turns":11},{"damage":14,"enemies":"Time Eater","floor":50,"turns":16}],"relics_obtained":[{"floor":6,"key":"Matryoshka"},{"floor":9,"key":"Dream Catcher"},{"floor":9,"key":"Shuriken"},{"floor":11,"key":"Bag of Marbles"},{"floor":11,"key":"Molten Egg 2"},{"floor":26,"key":"Whetstone"},{"floor":30,"key":"Frozen Egg 2"},{"floor":31,"key":"Singing Bowl"},{"floor":40,"key":"Strawberry"},{"floor":42,"key":"Orichalcum"},{"floor":43,"key":"Oddly Smooth Stone"}],"event_choices":[{"event_name":"Big Fish","player_choice":"Donut","floor":3,"damage_taken":0},{"event_name":"Wheel of Change","player_choice":"Relic","floor":5,"damage_taken":0},{"event_name":"The Cleric","player_choice":"Leave","floor":10,"damage_taken":0},{"event_name":"Forgotten Altar","player_choice":"Shed Blood","floor":19,"damage_taken":0},{"event_name":"Addict","player_choice":"Obtained Relic","floor":20,"damage_taken":0},{"event_name":"Cursed Tome","player_choice":"Obtained Book","floor":22,"damage_taken":0},{"event_name":"Drug Dealer","player_choice":"Ignored","floor":24,"damage_taken":0},{"event_name":"Ghosts","player_choice":"Ignored","floor":28,"damage_taken":0},{"event_name":"Golden Shrine","player_choice":"Pray","floor":36,"damage_taken":0}],"boss_relics":[{"not_picked":["Runic Pyramid","Astrolabe"],"picked":"Snecko Eye"},{"not_picked":["Philosopher\u0027s Stone","White Beast Statue"],"picked":"Tiny House"}],"items_purged_floors":[44],"potions_floor_spawned":[4,6,13,16,18,25,33,35,46],"seed_played":"-1488502632619319251","ascension_level":1,"potions_obtained":[{"floor":4,"key":"Weak Potion"},{"floor":6,"key":"EntropicBrew"},{"floor":13,"key":"Explosive Potion"},{"floor":16,"key":"Swift Potion"},{"floor":25,"key":"Strength Potion"},{"floor":33,"key":"Regen Potion"},{"floor":34,"key":"FocusPotion"}],"is_trial":false}