{"gold_per_floor":[113,128,128,145,320,352,352,352,377,337,350,350,364,378,378,475,475,488,488,502,514,514,548,548,574,574,54,54,54,65,28,28,28],"floor_reached":33,"playtime":2310,"items_purged":[],"score":453,"play_id":"b1705ee5-7da9-434a-9943-6e664a657756","local_time":"20180928205805","is_ascension_mode":true,"campfire_choices":[{"floor":7,"key":"REST"},{"data":"Neutralize","floor":12,"key":"SMITH"},{"data":"Malaise","floor":15,"key":"SMITH"},{"data":"Phantasmal Killer","floor":24,"key":"SMITH"},{"data":"Corpse Explosion","floor":32,"key":"SMITH"}],"neow_cost":"NONE","seed_source_timestamp":32945943832105,"circlet_count":0,"master_deck":["Defend_G","Defend_G","Defend_G","Defend_G","Defend_G","Survivor","Neutralize+1","Blur","Flying Knee","Bane","Dagger Throw","Cloak And Dagger","Caltrops","Malaise+1","Corpse Explosion+1","Slice","Ghostly","Ghostly","Ghostly","Ghostly","Ghostly","Prepared","Dodge and Roll","Phantasmal Killer+1","Outmaneuver+1","Acrobatics+1","Prepared+1","Bite","Bite","Bite","Bite","Bite","Terror+1","Catalyst+1"],"relics":["Ring of the Snake","Lantern","Happy Flower","WristBlade","Mercury Hourglass","Mummified Hand","Toxic Egg 2","Bottled Lightning","Kunai","Lee\u0027s Waffle","Gambling Chip"],"potions_floor_usage":[6,6,16,20,33,33],"damage_taken":[{"damage":1,"enemies":"Cultist","floor":1,"turns":4},{"damage":0,"enemies":"2 Louse","floor":2,"turns":4},{"damage":5,"enemies":"Small Slimes","floor":4,"turns":4},{"damage":30,"enemies":"Lagavulin","floor":6,"turns":10},{"damage":0,"enemies":"Gremlin Gang","floor":11,"turns":6},{"damage":1,"enemies":"Looter","floor":13,"turns":3},{"damage":0,"enemies":"Blue Slaver","floor":14,"turns":3},{"damage":13,"enemies":"Hexaghost","floor":16,"turns":15},{"damage":12,"enemies":"Chosen","floor":18,"turns":7},{"damage":12,"enemies":"Shell Parasite","floor":20,"turns":8},{"damage":9,"enemies":"Snake Plant","floor":21,"turns":5},{"damage":2,"enemies":"Book of Stabbing","floor":23,"turns":10},{"damage":0,"enemies":"Slavers","floor":25,"turns":4},{"damage":0,"enemies":"Centurion and Healer","floor":30,"turns":6},{"damage":94,"enemies":"Champ","floor":33,"turns":13}],"seed_played":"-4679119801155424594","potions_obtained":[{"floor":2,"key":"Fire Potion"},{"floor":4,"key":"FearPotion"},{"floor":10,"key":"Strength Potion"},{"floor":10,"key":"GamblersBrew"},{"floor":10,"key":"FairyPotion"},{"floor":23,"key":"LiquidBronze"},{"floor":30,"key":"Regen Potion"}],"is_trial":false,"path_per_floor":["M","M","?","M","?","E","R","?","T","?","M","R","M","M","R","B",null,"M","?","M","M","?","E","R","E","T","$","T","?","M","$","R"],"character_chosen":"THE_SILENT","items_purchased":["Acrobatics+1","Kunai","Lee\u0027s Waffle","Prepared+1","Catalyst+1"],"campfire_rested":1,"item_purchase_floors":[27,27,27,27,31],"current_hp_per_floor":[62,62,62,57,57,27,48,41,41,41,41,41,40,40,40,27,59,47,35,23,14,14,12,12,12,12,42,42,29,29,29,29,0],"gold":28,"neow_bonus":"REMOVE_CARD","is_prod":false,"is_daily":false,"chose_seed":false,"campfire_upgraded":4,"win_rate":0,"timestamp":1538143085,"path_taken":["M","M","?","?","?","E","R","?","T","?","M","R","?","M","R","BOSS","M","?","?","M","?","E","R","E","T","$","?","?","?","$","R","BOSS"],"build_version":"2018-09-27","purchased_purges":0,"victory":false,"max_hp_per_floor":[70,70,70,70,70,70,70,70,70,70,70,70,70,70,70,70,70,70,35,35,35,35,35,35,35,35,42,42,29,29,29,29,29],"card_choices":[{"not_picked":["Acrobatics","Escape Plan"],"picked":"Blur","floor":1},{"not_picked":["Underhanded Strike","Bouncing Flask"],"picked":"Flying Knee","floor":2},{"not_picked":["Prepared","Bane","Underhanded Strike"],"picked":"SKIP","floor":4},{"not_picked":["Prepared","Sucker Punch"],"picked":"Dagger Throw","floor":6},{"not_picked":["Deadly Poison","Underhanded Strike"],"picked":"Cloak And Dagger","floor":11},{"not_picked":["Poisoned Stab","Blade Dance"],"picked":"Caltrops","floor":13},{"not_picked":["Sucker Punch","Outmaneuver"],"picked":"Malaise","floor":14},{"not_picked":["Bullet Time","Grand Finale"],"picked":"Corpse Explosion","floor":16},{"not_picked":["Dodge and Roll","Flechettes"],"picked":"Slice","floor":18},{"not_picked":["Bane+1","Predator"],"picked":"Prepared","floor":20},{"not_picked":["Caltrops","Prepared"],"picked":"Dodge and Roll","floor":21},{"not_picked":["Dagger Throw","Finisher"],"picked":"Phantasmal Killer","floor":23},{"not_picked":["Masterful Stab","PiercingWail"],"picked":"Outmaneuver","floor":25},{"not_picked":["Finisher","Bane"],"picked":"Terror+1","floor":30}],"player_experience":244705,"relics_obtained":[{"floor":6,"key":"Lantern"},{"floor":9,"key":"Happy Flower"},{"floor":23,"key":"Mummified Hand"},{"floor":25,"key":"Toxic Egg 2"},{"floor":26,"key":"Bottled Lightning"},{"floor":28,"key":"Gambling Chip"}],"event_choices":[{"event_name":"Living Wall","player_choice":"Change","floor":3,"damage_taken":0},{"event_name":"Liars Game","player_choice":"agreed","floor":5,"damage_taken":0},{"event_name":"Golden Wing","player_choice":"Card Removal","floor":8,"damage_taken":0},{"event_name":"The Woman in Blue","player_choice":"Bought 3 Potions","floor":10,"damage_taken":0},{"event_name":"Ghosts","player_choice":"Became a Ghost","floor":19,"damage_taken":0},{"event_name":"The Mausoleum","player_choice":"Yes","floor":22,"damage_taken":0},{"event_name":"Vampires","player_choice":"Became a vampire","floor":29,"damage_taken":0}],"is_beta":false,"boss_relics":[{"not_picked":["Snecko Eye","Velvet Choker"],"picked":"WristBlade"}],"items_purged_floors":[],"is_endless":false,"potions_floor_spawned":[2,4,23,30],"killed_by":"Champ","ascension_level":6}