{"gold_per_floor":[114,14,28,28,47,82,92,111,111,111,138,138,138,153,153,254,254,266,278,308,59,75,75,75,75,124,180,180,211,223,253,253,355,355,368,57,74,92,106,106,122,142,142,156,176,176],"floor_reached":46,"playtime":3373,"items_purged":["Normality"],"score":744,"play_id":"375c2a5f-4a30-49c4-9cc3-50db095a25ea","local_time":"20190221202146","is_ascension_mode":true,"campfire_choices":[{"data":"Neutralize","floor":10.0,"key":"SMITH"},{"data":"Noxious Fumes","floor":12.0,"key":"SMITH"},{"data":"Wraith Form v2","floor":15.0,"key":"SMITH"},{"data":"Caltrops","floor":23.0,"key":"SMITH"},{"data":"Noxious Fumes","floor":25.0,"key":"SMITH"},{"floor":32.0,"key":"REST"},{"data":"Well Laid Plans","floor":40,"key":"SMITH"}],"neow_cost":"NONE","seed_source_timestamp":584421424841194,"circlet_count":0,"master_deck":["Defend_G","Defend_G","Defend_G","Defend_G","Defend_G","Strike_G","Strike_G","Strike_G","Strike_G","Strike_G","Survivor","Neutralize+1","Dodge and Roll","Noxious Fumes+1","Flying Knee","Bane","All Out Attack","Doppelganger","Dash","Dagger Spray","Crippling Poison+1","Wraith Form v2+1","PiercingWail+1","Night Terror+1","Cloak And Dagger+1","PiercingWail+1","Glass Knife","Noxious Fumes+1","Cloak And Dagger+1","Caltrops+1","Doubt","Acrobatics+1","Blur+1","Backstab","Well Laid Plans+1","Adrenaline+1","Dodge and Roll+1","Cloak And Dagger+1","Backflip+1","Normality"],"special_seed":0,"relics":["Ring of the Snake","Anchor","Toxic Egg 2","Pear","Cursed Key","Red Mask","Regal Pillow","Tiny Chest","Mummified Hand","Happy Flower","Bottled Lightning","Sozu"],"potions_floor_usage":[33],"damage_taken":[{"damage":2.0,"enemies":"2 Louse","floor":1.0,"turns":5.0},{"damage":0.0,"enemies":"Cultist","floor":3.0,"turns":5.0},{"damage":0.0,"enemies":"Small Slimes","floor":5.0,"turns":3.0},{"damage":35.0,"enemies":"3 Sentries","floor":6.0,"turns":9.0},{"damage":7.0,"enemies":"Exordium Thugs","floor":7.0,"turns":4.0},{"damage":0.0,"enemies":"Looter","floor":8.0,"turns":3.0},{"damage":7.0,"enemies":"Lagavulin","floor":11.0,"turns":7.0},{"damage":2.0,"enemies":"Blue Slaver","floor":14.0,"turns":4.0},{"damage":1.0,"enemies":"Hexaghost","floor":16.0,"turns":9.0},{"damage":0.0,"enemies":"3 Byrds","floor":18.0,"turns":5.0},{"damage":15.0,"enemies":"Spheric Guardian","floor":19.0,"turns":7.0},{"damage":2.0,"enemies":"Masked Bandits","floor":20.0,"turns":5.0},{"damage":15.0,"enemies":"Snake Plant","floor":22.0,"turns":6.0},{"damage":12.0,"enemies":"Gremlin Leader","floor":27.0,"turns":6.0},{"damage":11.0,"enemies":"Slavers","floor":29.0,"turns":4.0},{"damage":0.0,"enemies":"Cultist and Chosen","floor":30.0,"turns":5.0},{"damage":10.0,"enemies":"Book of Stabbing","floor":31.0,"turns":6.0},{"damage":49,"enemies":"Collector","floor":33,"turns":9},{"damage":1,"enemies":"3 Darklings","floor":35,"turns":5},{"damage":0,"enemies":"3 Shapes","floor":37,"turns":3},{"damage":0,"enemies":"Jaw Worm Horde","floor":38,"turns":4},{"damage":1,"enemies":"Writhing Mass","floor":39,"turns":5},{"damage":19,"enemies":"Sphere and 2 Shapes","floor":41,"turns":6},{"damage":3,"enemies":"Transient","floor":42,"turns":5},{"damage":0,"enemies":"3 Darklings","floor":44,"turns":4},{"damage":31,"enemies":"Jaw Worm Horde","floor":45,"turns":6},{"damage":35,"enemies":"Transient","floor":46,"turns":2}],"seed_played":"-3183202723490835973","potions_obtained":[{"floor":4.0,"key":"SpeedPotion"},{"floor":4.0,"key":"Energy Potion"},{"floor":4.0,"key":"Energy Potion"},{"floor":5.0,"key":"Strength Potion"},{"floor":6.0,"key":"SteroidPotion"},{"floor":11.0,"key":"Strength Potion"},{"floor":14.0,"key":"EssenceOfSteel"},{"floor":16.0,"key":"SkillPotion"},{"floor":20.0,"key":"Dexterity Potion"},{"floor":22.0,"key":"PowerPotion"},{"floor":30.0,"key":"Poison Potion"}],"is_trial":false,"path_per_floor":["M","$","M","?","M","E","M","M","T","R","E","R","?","M","R","B",null,"M","M","?","$","M","R","?","R","T","E","T","E","M","E","R","B",null,"M","$","M","M","M","R","M","M","T","M","M","M"],"character_chosen":"THE_SILENT","items_purchased":["Noxious Fumes","Flying Knee","Glass Knife","Noxious Fumes","Cloak And Dagger+1","Well Laid Plans","Adrenaline+1","Dodge and Roll+1"],"campfire_rested":1,"item_purchase_floors":[2,2,21,21,21,36,36,36],"current_hp_per_floor":[68,68,68,68,68,33,26,26,26,26,29,29,29,27,27,26,72,72,57,55,55,40,40,69,69,69,57,57,46,46,36,77,28,72,71,71,71,71,70,70,51,48,48,48,17,0],"gold":176,"neow_bonus":"TEN_PERCENT_HP_BONUS","is_prod":false,"is_daily":false,"chose_seed":false,"campfire_upgraded":6,"win_rate":0,"timestamp":1550809306,"path_taken":["M","$","M","?","M","E","?","M","T","R","E","R","?","M","R","BOSS","M","M","?","$","M","R","?","R","T","E","?","E","?","E","R","BOSS","M","$","M","M","M","R","M","M","T","M","M","?"],"build_version":"2019-01-23","purchased_purges":1,"victory":false,"max_hp_per_floor":[77,77,77,77,77,77,77,77,77,77,87,87,87,87,87,87,87,87,87,87,87,87,87,87,87,87,87,87,87,87,87,87,87,87,87,87,87,87,87,87,87,87,87,87,87,87],"card_choices":[{"not_picked":["Sucker Punch","Reflex"],"picked":"Dodge and Roll","floor":1.0},{"not_picked":["Tactician","Setup"],"picked":"Bane","floor":3.0},{"not_picked":["Riddle With Holes","Heel Hook"],"picked":"All Out Attack","floor":5.0},{"not_picked":["Quick Slash","Riddle With Holes"],"picked":"Doppelganger","floor":6.0},{"not_picked":["Dagger Spray","Outmaneuver"],"picked":"Dash","floor":7.0},{"not_picked":["Blade Dance","Flying Knee"],"picked":"Dagger Spray","floor":8.0},{"not_picked":["Backflip+1","Backstab"],"picked":"Crippling Poison+1","floor":11.0},{"not_picked":["Eviscerate","Crippling Poison+1"],"picked":"PiercingWail+1","floor":14.0},{"not_picked":["Corpse Explosion+1","Malaise+1"],"picked":"Night Terror+1","floor":16.0},{"not_picked":["Underhanded Strike","Choke"],"picked":"Cloak And Dagger+1","floor":18.0},{"not_picked":["Flying Knee","All Out Attack","Blade Dance+1"],"picked":"SKIP","floor":19.0},{"not_picked":["Deadly Poison+1","Poisoned Stab"],"picked":"PiercingWail+1","floor":20.0},{"not_picked":["Predator+1","Dagger Spray+1"],"picked":"Caltrops","floor":22.0},{"not_picked":["Skewer","PiercingWail+1","Prepared+1"],"picked":"SKIP","floor":27.0},{"not_picked":["Slice+1","PiercingWail+1"],"picked":"Acrobatics+1","floor":29.0},{"not_picked":["Dodge and Roll+1","Noxious Fumes"],"picked":"Blur+1","floor":30.0},{"not_picked":["Doppelganger+1","Malaise+1"],"picked":"Backstab","floor":31.0},{"not_picked":["Caltrops","Flying Knee+1","Deadly Poison+1"],"picked":"SKIP","floor":35},{"not_picked":["Bane+1","Tactician+1","Masterful Stab+1"],"picked":"SKIP","floor":37},{"not_picked":["All Out Attack","Bane"],"picked":"Cloak And Dagger+1","floor":38},{"not_picked":["Accuracy+1","Sucker Punch"],"picked":"Backflip+1","floor":39},{"not_picked":["Dagger Throw+1","Underhanded Strike","Acrobatics+1"],"picked":"SKIP","floor":41},{"not_picked":["Crippling Poison+1","Doppelganger+1","Acrobatics+1"],"picked":"SKIP","floor":42},{"not_picked":["Dagger Spray","Dash","Underhanded Strike"],"picked":"SKIP","floor":44},{"not_picked":["Deflect+1","Bane","Underhanded Strike"],"picked":"SKIP","floor":45}],"player_experience":468239,"relics_obtained":[{"floor":6.0,"key":"Anchor"},{"floor":9.0,"key":"Toxic Egg 2"},{"floor":11.0,"key":"Pear"},{"floor":20.0,"key":"Red Mask"},{"floor":26.0,"key":"Regal Pillow"},{"floor":27.0,"key":"Tiny Chest"},{"floor":28.0,"key":"Mummified Hand"},{"floor":29.0,"key":"Happy Flower"},{"floor":31.0,"key":"Bottled Lightning"}],"event_choices":[{"damage_healed":0.0,"max_hp_gain":0.0,"max_hp_loss":0.0,"gold_gain":0.0,"event_name":"Lab","player_choice":"Got Potions","floor":4.0,"gold_loss":0.0,"damage_taken":0.0},{"damage_healed":0.0,"max_hp_gain":0.0,"max_hp_loss":0.0,"gold_gain":0.0,"event_name":"Match and Keep!","player_choice":"1 cards matched","floor":13.0,"gold_loss":0.0,"damage_taken":0.0,"cards_obtained":["Wraith Form v2"]},{"damage_healed":0.0,"max_hp_gain":0.0,"max_hp_loss":0.0,"gold_gain":0.0,"event_name":"Masked Bandits","player_choice":"Fought Bandits","floor":20.0,"gold_loss":0.0,"damage_taken":0.0},{"damage_healed":29.0,"max_hp_gain":0.0,"max_hp_loss":0.0,"gold_gain":0.0,"event_name":"The Library","player_choice":"Heal","floor":24.0,"gold_loss":0.0,"damage_taken":0.0}],"is_beta":false,"boss_relics":[{"not_picked":["Eternal Feather","Ectoplasm"],"picked":"Cursed Key"},{"not_picked":["Calling Bell","Lizard Tail"],"picked":"Sozu"}],"items_purged_floors":[36],"is_endless":false,"potions_floor_spawned":[5,6,7,11,14,16,20,22,30,35,42,44,45],"killed_by":"Transient","ascension_level":8}