{"gold_per_floor":[13,33,47,47,64,64,93,93,146,157,173,188,188,220,220,317,317,327,317,317,317,242,242,255,255,279,313,346,286,317,157,157,261,261,281,181,199,15,15,15,15,29,106,121,79,99,119,133,133,133],"floor_reached":51,"playtime":2490,"items_purged":["Strike_R+1","Strike_R+1","Strike_R+1","Bash"],"score":924,"play_id":"c7a81d69-660d-40a3-8c5e-e4bce1705fdc","local_time":"20190227010518","is_ascension_mode":false,"campfire_choices":[{"data":"Barricade","floor":6,"key":"SMITH"},{"floor":13,"key":"REST"},{"data":"Shockwave","floor":15,"key":"SMITH"},{"floor":23,"key":"REST"},{"floor":25,"key":"REST"},{"floor":32,"key":"REST"},{"floor":49,"key":"REST"}],"neow_cost":"NO_GOLD","seed_source_timestamp":41249723601375,"circlet_count":0,"master_deck":["Defend_R+1","Defend_R+1","Defend_R+1","Defend_R+1","Headbutt+1","Barricade+1","Shockwave+1","Cleave+1","Spot Weakness+1","Feel No Pain+1","Body Slam+1","Flame Barrier+1","Juggernaut+1","Metallicize+1","Shrug It Off+1","True Grit+1","Impervious+1","Armaments+1","Disarm+1","Warcry","Shrug It Off","Entrench","True Grit+1"],"relics":["Burning Blood","Calipers","The Courier","Vajra","Orichalcum","Fusion Hammer","Lantern","Mercury Hourglass","Red Mask","Kunai","Snecko Eye","Mark of the Bloom","Shuriken"],"potions_floor_usage":[16,28,50,50],"damage_taken":[{"damage":1,"enemies":"Cultist","floor":1,"turns":3},{"damage":9,"enemies":"Jaw Worm","floor":2,"turns":4},{"damage":0,"enemies":"2 Louse","floor":3,"turns":1},{"damage":12,"enemies":"Large Slime","floor":5,"turns":9},{"damage":54,"enemies":"3 Sentries","floor":7,"turns":13},{"damage":8,"enemies":"3 Louse","floor":10,"turns":4},{"damage":4,"enemies":"Looter","floor":11,"turns":3},{"damage":5,"enemies":"Red Slaver","floor":12,"turns":3},{"damage":20,"enemies":"Lagavulin","floor":14,"turns":8},{"damage":0,"enemies":"Hexaghost","floor":16,"turns":9},{"damage":16,"enemies":"3 Byrds","floor":18,"turns":6},{"damage":13,"enemies":"2 Thieves","floor":19,"turns":4},{"damage":13,"enemies":"Sentry and Sphere","floor":24,"turns":7},{"damage":16,"enemies":"Book of Stabbing","floor":27,"turns":6},{"damage":0,"enemies":"Masked Bandits","floor":28,"turns":3},{"damage":39,"enemies":"Gremlin Leader","floor":30,"turns":9},{"damage":0,"enemies":"Champ","floor":33,"turns":9},{"damage":0,"enemies":"3 Darklings","floor":35,"turns":5},{"damage":0,"enemies":"Orb Walker","floor":37,"turns":3},{"damage":0,"enemies":"Jaw Worm Horde","floor":42,"turns":4},{"damage":0,"enemies":"Maw","floor":44,"turns":6},{"damage":0,"enemies":"Transient","floor":46,"turns":5},{"damage":1,"enemies":"3 Darklings","floor":47,"turns":5},{"damage":0,"enemies":"Spire Growth","floor":48,"turns":5},{"damage":0,"enemies":"Awakened One","floor":50,"turns":8}],"seed_played":"9076486245844036336","potions_obtained":[{"floor":7,"key":"SpeedPotion"},{"floor":11,"key":"EssenceOfSteel"},{"floor":12,"key":"PowerPotion"},{"floor":24,"key":"FearPotion"},{"floor":28,"key":"SkillPotion"},{"floor":46,"key":"SkillPotion"},{"floor":48,"key":"EssenceOfSteel"}],"is_trial":false,"path_per_floor":["M","M","M","?","M","R","E","?","T","M","M","M","R","E","R","B",null,"M","M","?","?","?","R","M","R","T","E","?","$","E","$","R","B",null,"M","$","M","$","?","?","$","M","T","M","$","M","M","M","R","B",null],"character_chosen":"IRONCLAD","items_purchased":["Shrug It Off","True Grit","Disarm","Shrug It Off"],"campfire_rested":5,"item_purchase_floors":[31,31,38,45],"current_hp_per_floor":[80,77,80,80,74,74,26,19,19,17,19,20,44,30,30,36,80,70,63,63,63,63,80,73,80,80,70,76,76,43,43,67,73,80,80,80,80,80,80,80,80,80,80,80,80,80,79,79,79,79],"gold":133,"neow_bonus":"ONE_RARE_RELIC","is_prod":false,"is_daily":false,"chose_seed":false,"campfire_upgraded":2,"win_rate":0,"timestamp":1551247518,"path_taken":["M","M","?","?","?","R","E","?","T","M","M","M","R","E","R","BOSS","M","M","?","?","?","R","M","R","T","E","?","?","E","$","R","BOSS","M","?","M","$","?","?","$","M","T","M","?","?","M","M","R","BOSS"],"build_version":"2019-01-23","purchased_purges":4,"victory":true,"max_hp_per_floor":[80,80,80,80,80,80,80,80,80,80,80,80,80,80,80,80,80,80,80,80,80,80,80,80,80,80,80,80,80,80,80,80,80,80,80,80,80,80,80,80,80,80,80,80,80,80,80,80,80,80],"card_choices":[{"not_picked":["Clothesline","Sword Boomerang"],"picked":"Headbutt","floor":1},{"not_picked":["Twin Strike","Shrug It Off"],"picked":"Whirlwind","floor":2},{"not_picked":["Warcry","Iron Wave","Carnage"],"picked":"SKIP","floor":3},{"not_picked":["Sword Boomerang","Burning Pact"],"picked":"Barricade","floor":5},{"not_picked":["Intimidate","Sword Boomerang"],"picked":"Shockwave","floor":7},{"not_picked":["Dual Wield","Anger"],"picked":"Cleave","floor":10},{"not_picked":["Hemokinesis","Flex"],"picked":"Spot Weakness","floor":11},{"not_picked":["Rage","Rampage","Havoc"],"picked":"SKIP","floor":12},{"not_picked":["Wild Strike","Rage","Dropkick"],"picked":"SKIP","floor":14},{"not_picked":["Perfected Strike","Body Slam"],"picked":"Feel No Pain","floor":18},{"not_picked":["Intimidate","True Grit","Evolve"],"picked":"SKIP","floor":19},{"not_picked":["Twin Strike","Sword Boomerang"],"picked":"Flame Barrier","floor":24},{"not_picked":["Havoc","Pommel Strike"],"picked":"Juggernaut","floor":27},{"not_picked":["Corruption","Heavy Blade"],"picked":"Metallicize","floor":30},{"not_picked":["Bludgeon","Immolate"],"picked":"Impervious","floor":33},{"not_picked":["Clothesline+1","Wild Strike+1","Clash"],"picked":"SKIP","floor":35},{"not_picked":["Carnage","Twin Strike+1"],"picked":"Armaments+1","floor":37},{"not_picked":["Corruption","Metallicize+1","Sever Soul"],"picked":"SKIP","floor":42},{"not_picked":["Clothesline","Bloodletting"],"picked":"Warcry","floor":44},{"not_picked":["Intimidate+1","True Grit","Combust"],"picked":"SKIP","floor":46},{"not_picked":["Armaments+1","True Grit+1"],"picked":"Entrench","floor":47},{"not_picked":["Rupture","Uppercut+1"],"picked":"True Grit+1","floor":48}],"player_experience":487422,"relics_obtained":[{"floor":7,"key":"The Courier"},{"floor":9,"key":"Vajra"},{"floor":14,"key":"Orichalcum"},{"floor":26,"key":"Lantern"},{"floor":27,"key":"Mercury Hourglass"},{"floor":28,"key":"Red Mask"},{"floor":30,"key":"Kunai"},{"floor":43,"key":"Shuriken"}],"event_choices":[{"cards_removed":["Whirlwind"],"damage_healed":0,"gold_gain":0,"player_choice":"Offered Uncommon","damage_taken":0,"max_hp_gain":0,"max_hp_loss":0,"event_name":"Bonfire Elementals","floor":4,"gold_loss":0},{"cards_removed":["Strike_R"],"damage_healed":0,"gold_gain":0,"player_choice":"Card Removal","damage_taken":7,"max_hp_gain":0,"max_hp_loss":0,"event_name":"Golden Wing","floor":8,"gold_loss":0},{"damage_healed":0,"gold_gain":0,"player_choice":"Read","damage_taken":0,"max_hp_gain":0,"max_hp_loss":0,"event_name":"The Library","floor":20,"gold_loss":0,"cards_obtained":["Body Slam"]},{"damage_healed":0,"gold_gain":0,"player_choice":"Simplicity","damage_taken":0,"max_hp_gain":0,"max_hp_loss":0,"event_name":"Back to Basics","floor":21,"gold_loss":0,"cards_upgraded":["Strike_R","Strike_R","Strike_R","Strike_R","Defend_R","Defend_R","Defend_R","Defend_R"]},{"cards_removed":["Strike_R"],"damage_healed":0,"gold_gain":0,"player_choice":"Gave Gold","damage_taken":0,"max_hp_gain":0,"max_hp_loss":0,"event_name":"Beggar","floor":22,"gold_loss":75},{"damage_healed":0,"gold_gain":0,"player_choice":"Fought Bandits","damage_taken":0,"max_hp_gain":0,"max_hp_loss":0,"event_name":"Masked Bandits","floor":28,"gold_loss":0},{"damage_healed":0,"gold_gain":0,"player_choice":"Upgrade","damage_taken":0,"relics_obtained":["Mark of the Bloom"],"max_hp_gain":0,"max_hp_loss":0,"event_name":"MindBloom","floor":39,"gold_loss":0,"cards_upgraded":["Headbutt","Cleave","Spot Weakness","Feel No Pain","Body Slam","Flame Barrier","Juggernaut","Metallicize","Shrug It Off","True Grit","Impervious","Disarm"]},{"damage_healed":0,"gold_gain":0,"player_choice":"Memory 1","damage_taken":0,"max_hp_gain":0,"max_hp_loss":0,"event_name":"SensoryStone","floor":40,"gold_loss":0}],"is_beta":false,"boss_relics":[{"not_picked":["Orrery","Runic Cube"],"picked":"Fusion Hammer"},{"not_picked":["Empty Cage","Calling Bell"],"picked":"Snecko Eye"}],"items_purged_floors":[29,31,36,38],"is_endless":false,"potions_floor_spawned":[7,11,12,24,27,28,33,46,47,48],"ascension_level":0}