{"gold_per_floor":[119,142,154,173,185,185,195,212,212,68,68,80,80,96,96,96],"floor_reached":16,"playtime":571,"items_purged":["Strike_R"],"score":115,"play_id":"af028b45-5e43-4227-bcf9-a5dfd0db2ed7","local_time":"20181230125247","is_ascension_mode":true,"campfire_choices":[{"data":"Uppercut","floor":6,"key":"SMITH"},{"data":"Flame Barrier","floor":13,"key":"SMITH"},{"floor":15,"key":"REST"}],"neow_cost":"NONE","seed_source_timestamp":887568470273752,"circlet_count":0,"master_deck":["Strike_R","Strike_R","Strike_R","Strike_R","Defend_R","Defend_R","Defend_R","Defend_R","Bash","Uppercut+1","Flame Barrier+1","Metallicize"],"relics":["Burning Blood","NeowsBlessing","Omamori","Strawberry"],"potions_floor_usage":[16,16,16],"damage_taken":[{"damage":0,"enemies":"Cultist","floor":1,"turns":1},{"damage":0,"enemies":"Small Slimes","floor":3,"turns":1},{"damage":0,"enemies":"2 Louse","floor":4,"turns":1},{"damage":8,"enemies":"Red Slaver","floor":5,"turns":5},{"damage":18,"enemies":"Blue Slaver","floor":7,"turns":7},{"damage":30,"enemies":"3 Louse","floor":8,"turns":7},{"damage":3,"enemies":"2 Fungi Beasts","floor":12,"turns":4},{"damage":9,"enemies":"Blue Slaver","floor":14,"turns":3},{"damage":80,"enemies":"Slime Boss","floor":16,"turns":16}],"seed_played":"-8371461027280098835","potions_obtained":[{"floor":1,"key":"Weak Potion"},{"floor":3,"key":"Explosive Potion"},{"floor":5,"key":"SpeedPotion"}],"is_trial":false,"path_per_floor":["M","T","M","M","M","R","M","M","T","$","$","M","R","M","R","B"],"character_chosen":"IRONCLAD","items_purchased":["Flame Barrier"],"campfire_rested":1,"item_purchase_floors":[10],"current_hp_per_floor":[80,80,80,80,78,78,66,42,49,49,49,52,52,49,75,0],"gold":96,"neow_bonus":"THREE_ENEMY_KILL","is_prod":false,"is_daily":false,"chose_seed":false,"campfire_upgraded":2,"win_rate":0,"timestamp":1546195967,"path_taken":["M","?","?","M","M","R","M","M","T","?","$","M","R","M","R","BOSS"],"build_version":"2018-12-20","purchased_purges":1,"victory":false,"max_hp_per_floor":[80,80,80,80,80,80,80,80,87,87,87,87,87,87,87,87],"card_choices":[{"not_picked":["Evolve","Thunderclap","Perfected Strike"],"picked":"SKIP","floor":1},{"not_picked":["Sentinel","Thunderclap","Headbutt"],"picked":"SKIP","floor":3},{"not_picked":["Sentinel","Seeing Red","Headbutt"],"picked":"SKIP","floor":4},{"not_picked":["Clash","Perfected Strike"],"picked":"Uppercut","floor":5},{"not_picked":["Sword Boomerang","Second Wind","Dual Wield"],"picked":"SKIP","floor":7},{"not_picked":["Pommel Strike","Heavy Blade","Thunderclap"],"picked":"SKIP","floor":8},{"not_picked":["Dual Wield","True Grit","Sword Boomerang"],"picked":"SKIP","floor":12},{"not_picked":["Body Slam","Berserk"],"picked":"Metallicize","floor":14}],"player_experience":960843,"relics_obtained":[{"floor":2,"key":"Omamori"},{"floor":9,"key":"Strawberry"}],"event_choices":[],"is_beta":false,"boss_relics":[],"items_purged_floors":[10],"is_endless":false,"potions_floor_spawned":[1,3,5],"killed_by":"Slime Boss","ascension_level":4}