{"gold_per_floor":[112,126,138,138,138,138,176,49,75,113,113,143,179,261,261,392,392,417,417,442,460,460,504,504,603,603,642,665,665,39,54,54,177,177,202,202,58,71,135,135,135,135,159,159,159,175,211,211,211,211],"floor_reached":50,"playtime":2507,"items_purged":["Strike_B"],"score":736,"play_id":"fafa5bec-4d50-4598-a5fb-8b20344df38e","local_time":"20190210150021","is_ascension_mode":true,"campfire_choices":[{"data":"Darkness","floor":6.0,"key":"SMITH"},{"floor":11,"key":"REST"},{"floor":15,"key":"REST"},{"floor":24,"key":"REST"},{"floor":29,"key":"REST"},{"floor":32,"key":"REST"},{"floor":40,"key":"REST"},{"floor":41,"key":"REST"},{"data":"Seek","floor":42,"key":"SMITH"},{"floor":44,"key":"RECALL"},{"floor":49,"key":"DIG"}],"neow_cost":"NONE","seed_source_timestamp":420840922683100,"circlet_count":0,"master_deck":["Defend_B","Defend_B","Defend_B","Defend_B","Zap","Dualcast","Darkness+1","Sweeping Beam","Redo+1","Hologram","Echo Form","BootSequence","Seek","Undo+1","Scrape+1","White Noise+1","Conserve Battery","Seek+1","Rebound","Beam Cell+1","Coolheaded","Conserve Battery","Reinforced Body","Electrodynamics","Ball Lightning+1","Parasite","Cold Snap","Writhe"],"special_seed":0,"relics":["Cracked Core","Bronze Scales","Golden Idol","Blood Vial","Tiny Chest","Oddly Smooth Stone","Girya","Incense Burner","Cables","Astrolabe","Nilry\u0027s Codex","Blue Candle","Emotion Chip","WingedGreaves","Dodecahedron","Cursed Key","PreservedInsect","Nunchaku","Centennial Puzzle","Shovel","Orichalcum","Mummified Hand"],"potions_floor_usage":[16,28,33,47,50,50],"damage_taken":[{"damage":0.0,"enemies":"2 Louse","floor":1.0,"turns":2.0},{"damage":2.0,"enemies":"Jaw Worm","floor":2.0,"turns":4.0},{"damage":0.0,"enemies":"Small Slimes","floor":3.0,"turns":3.0},{"damage":20.0,"enemies":"Lagavulin","floor":7.0,"turns":7.0},{"damage":38,"enemies":"3 Sentries","floor":10,"turns":6},{"damage":26,"enemies":"Gremlin Nob","floor":13,"turns":4},{"damage":24,"enemies":"Hexaghost","floor":16,"turns":8},{"damage":4,"enemies":"3 Byrds","floor":18,"turns":3},{"damage":0,"enemies":"Spheric Guardian","floor":20,"turns":5},{"damage":0,"enemies":"Snecko","floor":21,"turns":4},{"damage":18,"enemies":"Slavers","floor":23,"turns":4},{"damage":18,"enemies":"Book of Stabbing","floor":27,"turns":4},{"damage":24,"enemies":"Cultist and Chosen","floor":28,"turns":5},{"damage":21,"enemies":"Sentry and Sphere","floor":31,"turns":4},{"damage":23,"enemies":"Collector","floor":33,"turns":10},{"damage":0,"enemies":"3 Shapes","floor":35,"turns":3},{"damage":1,"enemies":"3 Darklings","floor":38,"turns":4},{"damage":16,"enemies":"2 Orb Walkers","floor":39,"turns":6},{"damage":4,"enemies":"Maw","floor":46,"turns":8},{"damage":0,"enemies":"Giant Head","floor":47,"turns":8},{"damage":82,"enemies":"Awakened One","floor":50,"turns":9}],"seed_played":"4969290494881214536","potions_obtained":[{"floor":2.0,"key":"Swift Potion"},{"floor":3.0,"key":"SkillPotion"},{"floor":18,"key":"FearPotion"},{"floor":28,"key":"Fruit Juice"},{"floor":31,"key":"Swift Potion"},{"floor":33,"key":"AttackPotion"},{"floor":46,"key":"Regen Potion"}],"is_trial":false,"path_per_floor":["M","M","M","?","?","R","E","$","T","E","R","?","E","T","R","B",null,"M","?","M","M","?","E","R","?","T","E","M","R","$","M","R","B",null,"M","?","$","M","?","R","R","R","T","R","T","M","E","?","R","B"],"character_chosen":"DEFECT","items_purchased":["Tiny Chest","WingedGreaves","Dodecahedron","PreservedInsect"],"campfire_rested":7,"item_purchase_floors":[8,30,30,37],"current_hp_per_floor":[68,66,66,66,66,66,46,46,46,10,30,30,6,6,26,4,53,51,51,53,55,39,23,43,43,43,27,10,32,32,13,35,14,59,61,54,54,55,41,63,74,74,74,74,74,70,74,74,74,0],"gold":211,"neow_bonus":"RANDOM_COMMON_RELIC","is_prod":false,"is_daily":false,"chose_seed":false,"campfire_upgraded":2,"win_rate":0,"timestamp":1549782021,"path_taken":["M","M","M","?","?","R","E","$","T","E","R","?","E","?","R","BOSS","M","?","?","M","?","E","R","?","T","E","M","R","?","M","R","BOSS","M","?","?","M","?","R","R","R","T","R","?","M","E","?","R","BOSS"],"build_version":"2019-01-23","purchased_purges":1,"victory":false,"max_hp_per_floor":[75,75,75,69,69,69,69,69,69,69,69,69,69,69,69,69,69,69,69,69,69,69,69,69,69,69,69,74,74,74,74,74,74,74,74,74,74,74,74,74,74,74,74,74,74,74,74,74,74,74],"card_choices":[{"not_picked":["Beam Cell","Blizzard"],"picked":"Darkness","floor":1.0},{"not_picked":["Ball Lightning","Beam Cell"],"picked":"Sweeping Beam","floor":2.0},{"not_picked":["Gash","Self Repair"],"picked":"Redo","floor":3.0},{"not_picked":["Stack","Conserve Battery"],"picked":"Hologram","floor":7.0},{"not_picked":["Turbo","Rip and Tear"],"picked":"Echo Form","floor":10},{"not_picked":["Sweeping Beam","Hyperbeam"],"picked":"BootSequence","floor":13},{"not_picked":["Biased Cognition","Meteor Strike"],"picked":"Seek","floor":16},{"not_picked":["Leap","Chill"],"picked":"Conserve Battery","floor":18},{"not_picked":["Steam","Go for the Eyes"],"picked":"Rebound","floor":20},{"not_picked":["Genetic Algorithm+1","Go for the Eyes+1"],"picked":"Beam Cell+1","floor":21},{"not_picked":["Ball Lightning","Darkness"],"picked":"Coolheaded","floor":23},{"not_picked":["Ball Lightning+1","Genetic Algorithm"],"picked":"Conserve Battery","floor":27},{"not_picked":["Redo","FTL","Biased Cognition"],"picked":"SKIP","floor":28},{"not_picked":["Fusion","Go for the Eyes+1"],"picked":"Reinforced Body","floor":31},{"not_picked":["Seek","Fission"],"picked":"Electrodynamics","floor":33},{"not_picked":["Streamline","Redo","Lockon+1"],"picked":"SKIP","floor":35},{"not_picked":["Turbo+1","Rebound+1","Stack+1"],"picked":"SKIP","floor":38},{"not_picked":["Go for the Eyes","Streamline"],"picked":"Ball Lightning+1","floor":39},{"not_picked":["Gash+1","Skim+1"],"picked":"Cold Snap","floor":46},{"not_picked":["Gash+1","Undo+1","Aggregate+1"],"picked":"SKIP","floor":47}],"player_experience":693139,"relics_obtained":[{"floor":7.0,"key":"Blood Vial"},{"floor":9.0,"key":"Oddly Smooth Stone"},{"floor":10,"key":"Girya"},{"floor":13,"key":"Incense Burner"},{"floor":14,"key":"Cables"},{"floor":22,"key":"Nilry\u0027s Codex"},{"floor":23,"key":"Blue Candle"},{"floor":27,"key":"Emotion Chip"},{"floor":39,"key":"Nunchaku"},{"floor":43,"key":"Centennial Puzzle"},{"floor":45,"key":"Shovel"},{"floor":47,"key":"Orichalcum"},{"floor":49,"key":"Mummified Hand"}],"event_choices":[{"damage_healed":0.0,"max_hp_gain":0.0,"max_hp_loss":6.0,"gold_gain":0.0,"event_name":"Golden Idol","player_choice":"Lose Max HP","floor":4.0,"gold_loss":0.0,"damage_taken":0.0,"relics_obtained":["Golden Idol"]},{"damage_healed":0.0,"max_hp_gain":0.0,"max_hp_loss":0.0,"gold_gain":0.0,"event_name":"Living Wall","player_choice":"Grow","floor":5.0,"gold_loss":0.0,"damage_taken":0.0,"cards_upgraded":["Redo"]},{"damage_healed":0,"gold_gain":30,"player_choice":"Searched \u00272\u0027 times","damage_taken":0,"max_hp_gain":0,"max_hp_loss":0,"event_name":"Dead Adventurer","floor":12,"gold_loss":0},{"damage_healed":0,"gold_gain":0,"player_choice":"Copied","damage_taken":0,"max_hp_gain":0,"max_hp_loss":0,"event_name":"Duplicator","floor":19,"gold_loss":0,"cards_obtained":["Seek"]},{"damage_healed":0,"gold_gain":0,"player_choice":"Obtained Book","damage_taken":16,"max_hp_gain":0,"max_hp_loss":0,"event_name":"Cursed Tome","floor":22,"gold_loss":0},{"damage_healed":0,"gold_gain":99,"player_choice":"Stole From Cult","damage_taken":0,"max_hp_gain":0,"max_hp_loss":0,"event_name":"Nest","floor":25,"gold_loss":0},{"damage_healed":0,"gold_gain":0,"player_choice":"Damaged","damage_taken":7,"max_hp_gain":0,"max_hp_loss":0,"event_name":"Wheel of Change","floor":36,"gold_loss":0},{"damage_healed":0,"gold_gain":0,"player_choice":"Fight","damage_taken":0,"max_hp_gain":0,"max_hp_loss":0,"event_name":"Mysterious Sphere","floor":39,"gold_loss":0},{"damage_healed":0,"gold_gain":0,"cards_transformed":["Doubt"],"player_choice":"Transformed","damage_taken":0,"max_hp_gain":0,"max_hp_loss":0,"event_name":"Transmorgrifier","floor":48,"gold_loss":0,"cards_obtained":["Writhe"]}],"is_beta":false,"boss_relics":[{"not_picked":["White Beast Statue","Orrery"],"picked":"Astrolabe"},{"not_picked":["Pandora\u0027s Box","Empty Cage"],"picked":"Cursed Key"}],"items_purged_floors":[30],"is_endless":false,"potions_floor_spawned":[2,3,18,28,31,33,39,46],"killed_by":"Awakened One","ascension_level":6}