{"gold_per_floor":[110,185,198,214,53,87,87,87,164,199,212,212,228,260,260,260],"floor_reached":16,"playtime":1248,"items_purged":[],"score":120,"play_id":"3ea23169-dc34-4c17-ab1d-7e24844f28a2","local_time":"20190227182654","is_ascension_mode":false,"campfire_choices":[{"data":"Bash","floor":8,"key":"SMITH"},{"floor":12,"key":"REST"},{"data":"Feel No Pain","floor":15,"key":"SMITH"}],"neow_cost":"TEN_PERCENT_HP_LOSS","seed_source_timestamp":1098178722827523,"circlet_count":0,"master_deck":["hubris:Hubris","Strike_R","Strike_R","Strike_R","Strike_R","Defend_R","Defend_R","Defend_R","Defend_R","Bash+1","Reaper","Anger","Infernal Blade","True Grit","Feel No Pain+1","Burning Pact","Shrug It Off","hubris:CleavingFinish","Wild Strike","Havoc","Hemokinesis"],"relics":["Burning Blood","Anchor","hubris:CrystalStatue","Red Skull","hubris:TenFootPole"],"potions_floor_usage":[6,13,13,14],"damage_taken":[{"damage":23,"enemies":"Jaw Worm","floor":1,"turns":7},{"damage":5,"enemies":"Cultist","floor":3,"turns":4},{"damage":16,"enemies":"Small Slimes","floor":4,"turns":4},{"damage":10,"enemies":"3 Sentries","floor":6,"turns":8},{"damage":48,"enemies":"Lagavulin","floor":10,"turns":8},{"damage":5,"enemies":"Exordium Thugs","floor":11,"turns":4},{"damage":7,"enemies":"Gremlin Gang","floor":13,"turns":5},{"damage":27,"enemies":"Gremlin Nob","floor":14,"turns":4},{"damage":48,"enemies":"Hexaghost","floor":16,"turns":9}],"seed_played":"-866812989846795040","potions_obtained":[{"floor":1,"key":"Energy Potion"},{"floor":6,"key":"Energy Potion"},{"floor":10,"key":"SkillPotion"},{"floor":11,"key":"AttackPotion"},{"floor":13,"key":"Poison Potion"}],"is_trial":false,"path_per_floor":["M","?","M","M","$","E","?","R","T","E","M","R","M","E","R","B"],"character_chosen":"IRONCLAD","items_purchased":["Feel No Pain","Burning Pact","SkillPotion"],"campfire_rested":1,"item_purchase_floors":[5,5,5],"current_hp_per_floor":[55,44,49,47,47,55,55,55,55,19,20,41,49,38,38,0],"gold":260,"neow_bonus":"THREE_RARE_CARDS","is_prod":false,"is_daily":false,"chose_seed":false,"campfire_upgraded":2,"win_rate":0,"timestamp":1551320814,"path_taken":["M","?","M","M","$","E","?","R","T","E","M","R","?","E","R","BOSS"],"build_version":"2019-01-23","purchased_purges":0,"victory":false,"max_hp_per_floor":[72,72,72,72,72,72,72,72,72,72,72,72,72,72,72,72],"card_choices":[{"not_picked":["Barricade","Berserk"],"picked":"Reaper","floor":0},{"not_picked":["Sword Boomerang","Body Slam"],"picked":"Anger","floor":1},{"not_picked":["hubris:SharpeningStone","conspire:Charge"],"picked":"Infernal Blade","floor":3},{"not_picked":["Shockwave","Hemokinesis"],"picked":"True Grit","floor":4},{"not_picked":["hubris:CleavingFinish","Flex"],"picked":"Shrug It Off","floor":6},{"not_picked":["Flex","Fire Breathing","Feel No Pain"],"picked":"SKIP","floor":10},{"not_picked":["Flex","Bloodletting"],"picked":"Wild Strike","floor":11},{"not_picked":["True Grit","Twin Strike"],"picked":"Havoc","floor":13},{"not_picked":["Second Wind","Reckless Charge"],"picked":"Hemokinesis","floor":14}],"player_experience":509621,"relics_obtained":[{"floor":6,"key":"Anchor"},{"floor":9,"key":"hubris:CrystalStatue"},{"floor":10,"key":"Red Skull"},{"floor":14,"key":"hubris:TenFootPole"}],"event_choices":[{"damage_healed":0,"gold_gain":75,"player_choice":"Gather Gold","damage_taken":11,"max_hp_gain":0,"max_hp_loss":0,"event_name":"World of Goop","floor":2,"gold_loss":0},{"damage_healed":0,"gold_gain":0,"cards_transformed":["Strike_R"],"player_choice":"Transformed","damage_taken":0,"max_hp_gain":0,"max_hp_loss":0,"event_name":"Transmorgrifier","floor":7,"gold_loss":0,"cards_obtained":["hubris:CleavingFinish"]}],"is_beta":false,"boss_relics":[],"items_purged_floors":[],"is_endless":false,"potions_floor_spawned":[1,6,10,11,13],"killed_by":"Hexaghost","ascension_level":0}