{"path_per_floor":["M","M","?","M","$","?","M","?","T","E","$","R","E","M","R","B",null,"M","?","$","M","?"],"character_chosen":"IRONCLAD","items_purchased":["Body Slam","Flex","Pummel","Rupture","Dark Shackles"],"gold_per_floor":[110,124,124,135,56,56,68,68,93,126,91,91,118,138,138,234,234,251,251,122,141,141],"floor_reached":23,"campfire_rested":0,"playtime":2607,"current_hp_per_floor":[80,73,73,77,77,77,75,75,75,59,59,59,52,43,43,24,80,51,51,51,33,18],"items_purged":[],"gold":141,"play_id":"8c7302cd-1139-4132-9bb9-8a0e45ed6c75","is_prod":false,"is_daily":false,"is_ascension_mode":false,"campfire_upgraded":2,"path_taken":["M","M","?","?","$","?","M","?","T","E","$","R","E","M","R","BOSS","M","?","$","?","?","M"],"build_version":"2018-01-25-PROD3","purchased_purges":2,"victory":false,"master_deck":["Strike_R","Strike_R","Strike_R","Strike_R","Defend_R","Defend_R","Defend_R","Defend_R","Bash","Hemokinesis+1","Clothesline","Blood for Blood+1","Body Slam","Flex+1","Dual Wield","Whirlwind+1","Pummel","Seeing Red","Whirlwind","Berserk","Disarm+1","Shrug It Off","Rupture","Dark Shackles","Feel No Pain+1"],"max_hp_per_floor":[80,80,80,80,80,80,80,80,80,80,80,80,80,80,80,80,80,80,80,80,80,85],"relics":["Burning Blood","Toxic Egg","Pen Nib","Oddly Smooth Stone","Question Card"],"card_choices":[{"not_picked":["Pummel","Body Slam"],"picked":"Hemokinesis"},{"not_picked":["Anger","Iron Wave"],"picked":"Clothesline"},{"not_picked":["Hemokinesis","Anger"],"picked":"Blood for Blood"},{"not_picked":["Headbutt","Iron Wave"],"picked":"Dual Wield"},{"not_picked":["Thunderclap","Metallicize"],"picked":"Whirlwind"},{"not_picked":["Perfected Strike","Barricade"],"picked":"Seeing Red"},{"not_picked":["Perfected Strike","Intimidate"],"picked":"Whirlwind"},{"not_picked":["Juggernaut","Feed"],"picked":"Berserk"},{"not_picked":["Blood for Blood","Reckless Charge","Infernal Blade"],"picked":"Disarm"},{"not_picked":["Disarm","Combust","Perfected Strike"],"picked":"Feel No Pain"}],"player_experience":2560,"potions_floor_usage":[13,16,16,23],"damage_taken":[{"damage":3,"enemies":"Jaw Worm","floor":1,"turns":5},{"damage":13,"enemies":"Blue Slaver","floor":2,"turns":4},{"damage":2,"enemies":"Small Slimes","floor":4,"turns":2},{"damage":8,"enemies":"Exordium Wildlife","floor":7,"turns":2},{"damage":22,"enemies":"Gremlin Nob","floor":10,"turns":4},{"damage":22,"enemies":"3 Sentries","floor":13,"turns":4},{"damage":15,"enemies":"Red Slaver","floor":14,"turns":3},{"damage":40,"enemies":"Hexaghost","floor":16,"turns":8},{"damage":35,"enemies":"Shell Parasite","floor":18,"turns":5},{"damage":24,"enemies":"Chosen","floor":21,"turns":5},{"damage":40,"enemies":"Snecko","floor":23,"turns":5}],"event_choices":[{"event_name":"Accursed Blacksmith","player_choice":"Forge","floor":3,"damage_taken":0},{"event_name":"Purifier","player_choice":"One Purge","floor":6,"damage_taken":0},{"event_name":"The Lab","player_choice":"Got Potions","floor":8,"damage_taken":0},{"event_name":"The Library","player_choice":"Read","floor":19,"damage_taken":0},{"event_name":"Forgotten Altar","player_choice":"Shed Blood","floor":22,"damage_taken":0}],"boss_relics":[{"not_picked":["Velvet Choker","Runic Pyramid"],"picked":"Question Card"}],"potions_floor_spawned":[1,2,10,14,16],"seed_played":"-1655572970809111174","killed_by":"Snecko","ascension_level":0,"is_trial":false}