{"gold_per_floor":[212,225,225,236,248,248,57,89,167,167,179,179,197,211,211,311,311,326,326,326],"floor_reached":20,"playtime":907,"items_purged":[],"score":229,"play_id":"e51c9dd1-2ff1-447e-a570-f06da72111ea","local_time":"20190220011503","is_ascension_mode":true,"campfire_choices":[{"floor":6,"key":"REST"},{"floor":10,"key":"RECALL"},{"floor":12,"key":"REST"},{"floor":15,"key":"REST"}],"neow_cost":"NONE","seed_source_timestamp":615019840981443,"circlet_count":0,"master_deck":["Strike_B","Strike_B","Strike_B","Strike_B","Defend_B","Defend_B","Defend_B","Defend_B","Zap","Dualcast","Defragment","Beam Cell","Clumsy","Zap","Conserve Battery","Loop","Apotheosis","Echo Form","Streamline"],"relics":["Cracked Core","StoneCalendar","Nuclear Battery"],"potions_floor_usage":[13,16,16,16],"damage_taken":[{"damage":0,"enemies":"2 Louse","floor":1,"turns":4},{"damage":1,"enemies":"Cultist","floor":2,"turns":4},{"damage":0,"enemies":"Small Slimes","floor":4,"turns":3},{"damage":14,"enemies":"Blue Slaver","floor":5,"turns":4},{"damage":20,"enemies":"Lagavulin","floor":8,"turns":6},{"damage":8,"enemies":"Large Slime","floor":11,"turns":5},{"damage":16,"enemies":"Exordium Wildlife","floor":13,"turns":5},{"damage":10,"enemies":"3 Louse","floor":14,"turns":3},{"damage":12,"enemies":"The Guardian","floor":16,"turns":8},{"damage":15,"enemies":"Shell Parasite","floor":18,"turns":5},{"damage":55,"enemies":"Masked Bandits","floor":20,"turns":4}],"seed_played":"-5621638571212200233","potions_obtained":[{"floor":4,"key":"Ancient Potion"},{"floor":5,"key":"SpeedPotion"},{"floor":11,"key":"GamblersBrew"},{"floor":14,"key":"Dexterity Potion"}],"is_trial":false,"path_per_floor":["M","M","?","M","M","R","$","E","T","R","M","R","M","M","R","B",null,"M","?","?"],"character_chosen":"DEFECT","items_purchased":["Apotheosis"],"campfire_rested":3,"item_purchase_floors":[7],"current_hp_per_floor":[68,67,67,67,53,75,75,55,55,55,47,69,53,43,65,53,70,55,55,0],"gold":326,"neow_bonus":"HUNDRED_GOLD","is_prod":false,"is_daily":false,"chose_seed":false,"campfire_upgraded":0,"win_rate":0,"timestamp":1550646903,"path_taken":["M","M","?","M","M","R","$","E","T","R","M","R","?","M","R","BOSS","M","?","?"],"build_version":"2019-01-23","purchased_purges":0,"victory":false,"max_hp_per_floor":[75,75,75,75,75,75,75,75,75,75,75,75,75,75,75,75,75,75,75,75],"card_choices":[{"not_picked":["Sweeping Beam","Stack","Hologram"],"picked":"SKIP","floor":1},{"not_picked":["Skim","Loop"],"picked":"Defragment","floor":2},{"not_picked":["BootSequence","White Noise"],"picked":"Conserve Battery","floor":4},{"not_picked":["Sweeping Beam","Cold Snap"],"picked":"Loop","floor":5},{"not_picked":["Static Discharge","Hologram","Gash"],"picked":"SKIP","floor":8},{"not_picked":["Sunder","Reprogram"],"picked":"Echo Form","floor":11},{"not_picked":["Sweeping Beam","Hologram","Barrage"],"picked":"SKIP","floor":13},{"not_picked":["Aggregate","Stack","Steam"],"picked":"SKIP","floor":14},{"not_picked":["Steam","Fusion"],"picked":"Streamline","floor":18}],"player_experience":1468963,"relics_obtained":[{"floor":8,"key":"StoneCalendar"}],"event_choices":[{"damage_healed":0,"gold_gain":0,"player_choice":"3 cards matched","damage_taken":0,"max_hp_gain":0,"max_hp_loss":0,"event_name":"Match and Keep!","floor":3,"gold_loss":0,"cards_obtained":["Beam Cell","Clumsy","Zap"]},{"damage_healed":0,"gold_gain":0,"player_choice":"Ignored","damage_taken":0,"max_hp_gain":0,"max_hp_loss":0,"event_name":"Ghosts","floor":19,"gold_loss":0},{"damage_healed":0,"gold_gain":0,"player_choice":"Fought Bandits","damage_taken":0,"max_hp_gain":0,"max_hp_loss":0,"event_name":"Masked Bandits","floor":20,"gold_loss":0}],"is_beta":false,"boss_relics":[{"not_picked":["Velvet Choker","Orrery"],"picked":"Nuclear Battery"}],"items_purged_floors":[],"is_endless":false,"potions_floor_spawned":[4,5,11,14],"killed_by":"Masked Bandits","ascension_level":6}