{"gold_per_floor":[110,110,123,123,139,139,152,152,225,225,225,235,26,55,55,55],"floor_reached":16,"playtime":563,"items_purged":["Strike_G"],"score":200,"play_id":"6ed82109-ee6b-47d7-bac9-5cf06970e172","local_time":"20190301110650","is_ascension_mode":true,"campfire_choices":[{"data":"Noxious Fumes","floor":6,"key":"SMITH"},{"floor":8,"key":"REST"},{"data":"Dagger Throw","floor":10,"key":"SMITH"},{"floor":15,"key":"REST"}],"neow_cost":"NONE","seed_source_timestamp":57391477471194,"circlet_count":0,"master_deck":["AscendersBane","Defend_G","Defend_G","Defend_G","Defend_G+1","Defend_G","Strike_G","Strike_G","Strike_G","Strike_G","Survivor+1","Neutralize","Noxious Fumes+1","Dagger Throw+1","Leg Sweep","PiercingWail","Calculated Gamble"],"relics":["Ring of the Snake","Matryoshka","Smiling Mask"],"potions_floor_usage":[14,16,16],"damage_taken":[{"damage":0,"enemies":"2 Louse","floor":1,"turns":3},{"damage":8,"enemies":"Small Slimes","floor":3,"turns":5},{"damage":3,"enemies":"Jaw Worm","floor":5,"turns":6},{"damage":0,"enemies":"Blue Slaver","floor":7,"turns":5},{"damage":1,"enemies":"Exordium Thugs","floor":12,"turns":6},{"damage":27,"enemies":"Gremlin Nob","floor":14,"turns":6},{"damage":53,"enemies":"Slime Boss","floor":16,"turns":11}],"seed_played":"7311871800247361488","potions_obtained":[{"floor":1,"key":"Weak Potion"},{"floor":7,"key":"Swift Potion"},{"floor":12,"key":"Block Potion"},{"floor":14,"key":"GhostInAJar"}],"is_trial":false,"path_per_floor":["M","?","M","?","M","R","M","R","T","R","?","M","$","E","R","B"],"character_chosen":"THE_SILENT","items_purchased":["Leg Sweep","PiercingWail"],"campfire_rested":2,"item_purchase_floors":[13,13],"current_hp_per_floor":[65,43,35,35,32,32,32,53,53,53,58,57,57,30,53,0],"gold":55,"neow_bonus":"TEN_PERCENT_HP_BONUS","is_prod":false,"is_daily":false,"chose_seed":false,"campfire_upgraded":2,"win_rate":0,"timestamp":1551467210,"path_taken":["M","?","M","?","M","R","M","R","T","R","?","M","$","E","R","BOSS"],"build_version":"2019-01-23","purchased_purges":1,"victory":false,"max_hp_per_floor":[72,72,72,72,72,72,72,72,72,72,77,77,77,77,77,77],"card_choices":[{"not_picked":["Finisher","Sucker Punch","Slice"],"picked":"SKIP","floor":1},{"not_picked":["Flying Knee","Blur"],"picked":"Noxious Fumes","floor":3},{"not_picked":["Acrobatics","All Out Attack"],"picked":"Dagger Throw","floor":5},{"not_picked":["Bane","Flying Knee","Flechettes"],"picked":"SKIP","floor":7},{"not_picked":["Choke","Caltrops","Endless Agony"],"picked":"SKIP","floor":12},{"not_picked":["Endless Agony","Envenom"],"picked":"Calculated Gamble","floor":14}],"player_experience":314701,"relics_obtained":[{"floor":9,"key":"Matryoshka"},{"floor":14,"key":"Smiling Mask"}],"event_choices":[{"damage_healed":0,"gold_gain":0,"player_choice":"Entered Light","damage_taken":22,"max_hp_gain":0,"max_hp_loss":0,"event_name":"Shining Light","floor":2,"gold_loss":0,"cards_upgraded":["Survivor","Defend_G"]},{"damage_healed":0,"gold_gain":0,"player_choice":"Ignored","damage_taken":0,"max_hp_gain":0,"max_hp_loss":0,"event_name":"Liars Game","floor":4,"gold_loss":0},{"damage_healed":0,"gold_gain":0,"player_choice":"Donut","damage_taken":0,"max_hp_gain":5,"max_hp_loss":0,"event_name":"Big Fish","floor":11,"gold_loss":0}],"is_beta":false,"boss_relics":[],"items_purged_floors":[13],"is_endless":false,"potions_floor_spawned":[1,7,12,14],"killed_by":"Slime Boss","ascension_level":20}