{"gold_per_floor":[114,114,114,114,125,125,153,153,176,186,220,233,233,246,246,342,342,359,373,373,437,453,453,703,703,754,764,513,524,540,569,569,668,668,679,373,391,408,428,428,463,482,482,584,105,105,122,133,133,133,133,133,56,86,86],"floor_reached":56,"playtime":4204,"items_purged":["Strike_R","Strike_R","Strike_R"],"score":1728,"play_id":"35b03169-fe05-4b49-8bcc-0fd560bc9e5a","local_time":"20190222024716","is_ascension_mode":true,"campfire_choices":[{"floor":6,"key":"RECALL"},{"data":"Barricade","floor":8,"key":"SMITH"},{"data":"Body Slam","floor":13,"key":"SMITH"},{"data":"Armaments","floor":15,"key":"SMITH"},{"data":"True Grit","floor":23,"key":"SMITH"},{"data":"Impervious","floor":25,"key":"SMITH"},{"data":"True Grit","floor":32,"key":"SMITH"},{"data":"Entrench","floor":40,"key":"SMITH"},{"floor":46,"key":"REST"},{"floor":49,"key":"REST"},{"floor":52,"key":"REST"}],"neow_cost":"NONE","seed_source_timestamp":421640971995622,"circlet_count":0,"master_deck":["Strike_R+1","Defend_R","Defend_R+1","Defend_R","Defend_R","Bash","Pommel Strike+1","Headbutt","Barricade+1","Body Slam+1","Iron Wave","Armaments+1","Impervious+1","True Grit+1","True Grit+1","Shrug It Off+1","True Grit+1","Entrench+1","Entrench+1","Parasite","Shockwave+1"],"relics":["Burning Blood","NeowsBlessing","Sundial","StoneCalendar","Runic Pyramid","SsserpentHead","Strawberry","Happy Flower","War Paint","Philosopher\u0027s Stone","ClockworkSouvenir","Torii","Darkstone Periapt","Girya","Blood Vial","PrismaticShard","Lantern"],"potions_floor_usage":[11,18,21,27,31,37,41,41,44,47,55,55],"damage_taken":[{"damage":0,"enemies":"Cultist","floor":1,"turns":1},{"damage":0,"enemies":"Small Slimes","floor":5,"turns":1},{"damage":0,"enemies":"Lagavulin","floor":7,"turns":1},{"damage":2,"enemies":"2 Louse","floor":10,"turns":2},{"damage":25,"enemies":"3 Sentries","floor":11,"turns":6},{"damage":9,"enemies":"Red Slaver","floor":12,"turns":3},{"damage":6,"enemies":"Blue Slaver","floor":14,"turns":3},{"damage":30,"enemies":"The Guardian","floor":16,"turns":10},{"damage":6,"enemies":"Spheric Guardian","floor":18,"turns":6},{"damage":7,"enemies":"Chosen","floor":19,"turns":5},{"damage":15,"enemies":"Shelled Parasite and Fungi","floor":21,"turns":6},{"damage":0,"enemies":"Centurion and Healer","floor":22,"turns":6},{"damage":11,"enemies":"3 Cultists","floor":27,"turns":6},{"damage":11,"enemies":"Shelled Parasite and Fungi","floor":29,"turns":7},{"damage":2,"enemies":"Snake Plant","floor":30,"turns":6},{"damage":23,"enemies":"Slavers","floor":31,"turns":8},{"damage":0,"enemies":"Collector","floor":33,"turns":7},{"damage":13,"enemies":"3 Darklings","floor":35,"turns":7},{"damage":0,"enemies":"Orb Walker","floor":37,"turns":4},{"damage":0,"enemies":"Sphere and 2 Shapes","floor":38,"turns":7},{"damage":0,"enemies":"Maw","floor":39,"turns":7},{"damage":11,"enemies":"Reptomancer","floor":41,"turns":6},{"damage":0,"enemies":"Writhing Mass","floor":42,"turns":6},{"damage":84,"enemies":"2 Orb Walkers","floor":44,"turns":11},{"damage":8,"enemies":"3 Darklings","floor":47,"turns":7},{"damage":17,"enemies":"Transient","floor":48,"turns":5},{"damage":0,"enemies":"Donu and Deca","floor":50,"turns":8},{"damage":8,"enemies":"Shield and Spear","floor":54,"turns":7},{"damage":23,"enemies":"The Heart","floor":55,"turns":11}],"seed_played":"-3860322389289187006","potions_obtained":[{"floor":5,"key":"SkillPotion"},{"floor":7,"key":"Regen Potion"},{"floor":11,"key":"Regen Potion"},{"floor":16,"key":"SteroidPotion"},{"floor":21,"key":"Dexterity Potion"},{"floor":22,"key":"SteroidPotion"},{"floor":27,"key":"BloodPotion"},{"floor":30,"key":"GamblersBrew"},{"floor":35,"key":"Dexterity Potion"},{"floor":37,"key":"Fruit Juice"},{"floor":41,"key":"Strength Potion"},{"floor":42,"key":"Strength Potion"}],"is_trial":false,"path_per_floor":["M","?","?","?","M","R","E","R","T","M","E","M","R","M","R","B",null,"M","M","?","M","M","R","?","R","T","M","$","M","M","E","R","B",null,"M","$","M","M","M","R","E","M","T","?","$","R","M","M","R","B",null,"R","$","E","B",null],"character_chosen":"IRONCLAD","items_purchased":["True Grit","Happy Flower","Shrug It Off","ClockworkSouvenir","Blood Vial","PrismaticShard","Dexterity Potion","Ancient Potion"],"campfire_rested":3,"item_purchase_floors":[28,28,28,36,45,45,45,53],"current_hp_per_floor":[78,78,62,62,68,68,74,74,74,78,59,56,56,56,56,32,68,80,79,79,80,80,80,80,80,87,82,82,77,81,72,72,78,85,78,78,89,92,92,92,87,92,92,14,14,41,41,32,59,67,86,92,92,90,75],"gold":86,"neow_bonus":"THREE_ENEMY_KILL","is_prod":false,"is_daily":false,"chose_seed":false,"campfire_upgraded":7,"win_rate":0,"timestamp":1550771236,"path_taken":["M","?","?","?","M","R","E","R","T","?","E","M","R","M","R","BOSS","M","M","?","?","M","R","?","R","T","M","?","M","M","E","R","BOSS","M","$","M","M","M","R","E","M","T","?","?","R","M","M","R","BOSS","R","$","E","BOSS"],"build_version":"2019-01-23","purchased_purges":3,"victory":true,"max_hp_per_floor":[80,80,80,80,80,80,80,80,80,80,80,80,80,80,80,80,80,80,80,80,80,80,80,80,80,87,87,87,87,87,87,87,87,87,87,87,92,92,92,92,92,92,92,92,92,92,92,92,92,92,92,92,92,92,92],"card_choices":[{"not_picked":["Evolve","Power Through"],"picked":"Pommel Strike","floor":1},{"not_picked":["Fire Breathing","Perfected Strike"],"picked":"Headbutt","floor":5},{"not_picked":["Double Tap","Twin Strike"],"picked":"Barricade","floor":7},{"not_picked":["Corruption","Sword Boomerang"],"picked":"Body Slam","floor":10},{"not_picked":["Searing Blow","Power Through","Feel No Pain"],"picked":"SKIP","floor":11},{"not_picked":["Bludgeon","Headbutt"],"picked":"Iron Wave","floor":12},{"not_picked":["Ghostly Armor","Warcry"],"picked":"Armaments","floor":14},{"not_picked":["Demon Form","Reaper"],"picked":"Impervious","floor":16},{"not_picked":["Rupture","Pommel Strike","Clothesline"],"picked":"SKIP","floor":18},{"not_picked":["Dual Wield+1","Burning Pact"],"picked":"True Grit","floor":19},{"not_picked":["Perfected Strike","Havoc+1","Twin Strike"],"picked":"SKIP","floor":21},{"not_picked":["Flex","Rage+1","Twin Strike"],"picked":"SKIP","floor":22},{"not_picked":["Flex","Rage+1","Twin Strike"],"picked":"SKIP","floor":22},{"not_picked":["Sword Boomerang","Pommel Strike","Power Through+1"],"picked":"SKIP","floor":27},{"not_picked":["Cleave","Twin Strike"],"picked":"True Grit+1","floor":29},{"not_picked":["Dropkick+1","Wild Strike"],"picked":"Entrench","floor":30},{"not_picked":["Havoc+1","Feed","Fire Breathing+1"],"picked":"SKIP","floor":31},{"not_picked":["Headbutt","Iron Wave+1","Hemokinesis"],"picked":"SKIP","floor":35},{"not_picked":["Second Wind","Twin Strike+1","Pommel Strike+1"],"picked":"SKIP","floor":37},{"not_picked":["Clothesline","Clash","Bludgeon"],"picked":"SKIP","floor":38},{"not_picked":["Battle Trance+1","Shockwave"],"picked":"Entrench+1","floor":39},{"not_picked":["Twin Strike+1","Uppercut+1","Flex+1"],"picked":"SKIP","floor":41},{"not_picked":["Heavy Blade","Perfected Strike","Sword Boomerang"],"picked":"SKIP","floor":42},{"not_picked":["Dropkick","Flex","Leap"],"picked":"SKIP","floor":47},{"not_picked":["Pommel Strike","Havoc+1","Warcry"],"picked":"SKIP","floor":48},{"not_picked":["Dodge and Roll","Machine Learning"],"picked":"Shockwave+1","floor":54}],"player_experience":46925,"relics_obtained":[{"floor":7,"key":"Sundial"},{"floor":11,"key":"StoneCalendar"},{"floor":26,"key":"Strawberry"},{"floor":31,"key":"War Paint"},{"floor":41,"key":"Torii"},{"floor":43,"key":"Darkstone Periapt"},{"floor":44,"key":"Girya"},{"floor":54,"key":"Lantern"}],"event_choices":[{"damage_healed":0,"gold_gain":0,"player_choice":"Leave","damage_taken":0,"max_hp_gain":0,"max_hp_loss":0,"event_name":"The Cleric","floor":2,"gold_loss":0},{"damage_healed":0,"gold_gain":0,"player_choice":"Entered Light","damage_taken":16,"max_hp_gain":0,"max_hp_loss":0,"event_name":"Shining Light","floor":3,"gold_loss":0,"cards_upgraded":["Strike_R","Pommel Strike"]},{"cards_removed":["Strike_R"],"damage_healed":0,"gold_gain":0,"player_choice":"Card Removal","damage_taken":0,"max_hp_gain":0,"max_hp_loss":0,"event_name":"Wheel of Change","floor":4,"gold_loss":0},{"damage_healed":0,"gold_gain":0,"player_choice":"Trade","damage_taken":0,"relics_obtained":["SsserpentHead"],"max_hp_gain":0,"max_hp_loss":0,"event_name":"FaceTrader","floor":20,"gold_loss":0},{"damage_healed":0,"gold_gain":200,"player_choice":"Gold","damage_taken":0,"max_hp_gain":0,"max_hp_loss":0,"event_name":"Wheel of Change","floor":24,"gold_loss":0},{"damage_healed":0,"gold_gain":0,"player_choice":"Fight","damage_taken":0,"max_hp_gain":0,"max_hp_loss":0,"event_name":"Mysterious Sphere","floor":44,"gold_loss":0}],"is_beta":false,"boss_relics":[{"not_picked":["Runic Dome","Velvet Choker"],"picked":"Runic Pyramid"},{"not_picked":["Sozu","Tiny House"],"picked":"Philosopher\u0027s Stone"}],"items_purged_floors":[28,36,45],"is_endless":false,"potions_floor_spawned":[5,7,11,16,21,22,27,30,35,37,41,42],"ascension_level":8}