{"gold_per_floor":[113,128,146,146,1,31,31,60,114,114,130,130,130,130,130,130],"floor_reached":16,"playtime":509,"items_purged":[],"score":130,"play_id":"6befca25-3551-4443-b796-236e4553e07e","local_time":"20181231001706","is_ascension_mode":true,"campfire_choices":[{"data":"Self Repair","floor":10,"key":"SMITH"},{"floor":13,"key":"REST"},{"data":"Zap","floor":15,"key":"SMITH"}],"neow_cost":"NONE","seed_source_timestamp":192765883906200,"circlet_count":0,"master_deck":["Strike_B","Strike_B","Strike_B","Defend_B","Defend_B","Defend_B","Defend_B","Zap+1","Dualcast","Self Repair+1","Go for the Eyes","Redo","Undo"],"relics":["Cracked Core","Juzu Bracelet","Kunai","DataDisk","Ancient Tea Set","Centennial Puzzle","Golden Idol"],"potions_floor_usage":[16,16],"damage_taken":[{"damage":2,"enemies":"2 Louse","floor":1,"turns":3},{"damage":5,"enemies":"Cultist","floor":2,"turns":4},{"damage":0,"enemies":"Jaw Worm","floor":3,"turns":4},{"damage":44,"enemies":"3 Sentries","floor":6,"turns":9},{"damage":24,"enemies":"Lagavulin","floor":8,"turns":9},{"damage":17,"enemies":"Lots of Slimes","floor":11,"turns":4},{"damage":52,"enemies":"Slime Boss","floor":16,"turns":9}],"seed_played":"8369009395356960685","potions_obtained":[{"floor":3,"key":"Regen Potion"},{"floor":6,"key":"LiquidBronze"},{"floor":8,"key":"Weak Potion"}],"is_trial":false,"path_per_floor":["M","M","M","?","$","E","?","E","T","R","M","?","R","?","R","B"],"character_chosen":"DEFECT","items_purchased":["Juzu Bracelet"],"campfire_rested":1,"item_purchase_floors":[5],"current_hp_per_floor":[80,82,82,82,82,45,45,28,28,28,21,21,45,45,45,0],"gold":130,"neow_bonus":"TEN_PERCENT_HP_BONUS","is_prod":false,"is_daily":false,"chose_seed":false,"campfire_upgraded":2,"win_rate":0,"timestamp":1546186626,"path_taken":["M","M","M","?","$","E","?","E","T","R","M","?","R","?","R","BOSS"],"build_version":"2018-12-20","purchased_purges":0,"victory":false,"max_hp_per_floor":[82,82,82,82,82,82,82,82,82,82,82,82,82,76,76,76],"card_choices":[{"not_picked":["Steam","Sweeping Beam"],"picked":"Self Repair","floor":1},{"not_picked":["BootSequence","Auto Shields"],"picked":"Go for the Eyes","floor":2},{"not_picked":["Steam Power","Reinforced Body"],"picked":"Redo","floor":3},{"not_picked":["Turbo","Aggregate","Genetic Algorithm"],"picked":"SKIP","floor":6},{"not_picked":["Heatsinks","Rebound"],"picked":"Undo","floor":8},{"not_picked":["BootSequence","Sweeping Beam","Stack"],"picked":"SKIP","floor":11}],"player_experience":554890,"relics_obtained":[{"floor":6,"key":"Kunai"},{"floor":8,"key":"DataDisk"},{"floor":9,"key":"Ancient Tea Set"}],"event_choices":[{"damage_healed":0,"gold_gain":0,"cards_transformed":["Strike_B"],"player_choice":"Change","damage_taken":0,"max_hp_gain":0,"max_hp_loss":0,"event_name":"Living Wall","floor":4,"gold_loss":0,"cards_obtained":["Steam Power"]},{"cards_removed":["Steam Power"],"damage_healed":0,"gold_gain":0,"player_choice":"Card Removal","damage_taken":0,"max_hp_gain":0,"max_hp_loss":0,"event_name":"Wheel of Change","floor":7,"gold_loss":0},{"damage_healed":0,"gold_gain":0,"player_choice":"Searched \u00272\u0027 times","damage_taken":0,"relics_obtained":["Centennial Puzzle"],"max_hp_gain":0,"max_hp_loss":0,"event_name":"Dead Adventurer","floor":12,"gold_loss":0},{"damage_healed":0,"gold_gain":0,"player_choice":"Lose Max HP","damage_taken":0,"relics_obtained":["Golden Idol"],"max_hp_gain":0,"max_hp_loss":6,"event_name":"Golden Idol","floor":14,"gold_loss":0}],"is_beta":false,"boss_relics":[],"items_purged_floors":[],"is_endless":false,"potions_floor_spawned":[3,6,8,11],"killed_by":"Slime Boss","ascension_level":4}