{"gold_per_floor":[115,65,65,65,79,108,108,123,123,157,175,2,27,42,42,145,145,156,167,167,177,177],"floor_reached":22,"playtime":1778,"items_purged":["Defend_B"],"score":300,"play_id":"938fc7bc-9521-464a-a249-86faa95a2d3b","local_time":"20181115013726","is_ascension_mode":true,"campfire_choices":[{"data":"Go for the Eyes","floor":7,"key":"SMITH"},{"floor":15,"key":"REST"}],"neow_cost":"NONE","seed_source_timestamp":78011775320358,"circlet_count":0,"master_deck":["Strike_B","Strike_B","Strike_B","Defend_B","Defend_B","Defend_B","Zap+1","Dualcast","FTL","Go for the Eyes+1","Glacier","Consume","Loop","Capacitor","Ball Lightning","Core Surge","Reinforced Body","Decay","Cold Snap"],"relics":["Cracked Core","NeowsBlessing","The Courier","Letter Opener","Shovel","Blue Candle","Fusion Hammer"],"potions_floor_usage":[13,21],"damage_taken":[{"damage":0,"enemies":"2 Louse","floor":1,"turns":1},{"damage":0,"enemies":"Jaw Worm","floor":5,"turns":1},{"damage":0,"enemies":"Lagavulin","floor":6,"turns":1},{"damage":2,"enemies":"Small Slimes","floor":8,"turns":3},{"damage":7,"enemies":"3 Sentries","floor":10,"turns":6},{"damage":7,"enemies":"Looter","floor":11,"turns":3},{"damage":12,"enemies":"Gremlin Nob","floor":13,"turns":4},{"damage":3,"enemies":"Large Slime","floor":14,"turns":4},{"damage":31,"enemies":"Slime Boss","floor":16,"turns":8},{"damage":40,"enemies":"3 Byrds","floor":18,"turns":5},{"damage":0,"enemies":"Chosen","floor":19,"turns":5},{"damage":16,"enemies":"Snake Plant","floor":21,"turns":4},{"damage":9,"enemies":"Shelled Parasite and Fungi","floor":22,"turns":1}],"seed_played":"-3086368451188312299","potions_obtained":[{"floor":1,"key":"Swift Potion"},{"floor":11,"key":"GamblersBrew"},{"floor":14,"key":"Strength Potion"},{"floor":16,"key":"SpeedPotion"},{"floor":21,"key":"FearPotion"}],"is_trial":false,"path_per_floor":["M","?","?","$","M","E","R","M","T","E","M","$","E","M","R","B",null,"M","M","?","M","M"],"character_chosen":"DEFECT","items_purchased":["Loop","Capacitor"],"campfire_rested":1,"item_purchase_floors":[12,12],"current_hp_per_floor":[68,68,68,68,68,68,68,66,66,59,52,52,40,37,59,28,63,23,23,23,7,0],"gold":177,"neow_bonus":"THREE_ENEMY_KILL","is_prod":false,"is_daily":false,"chose_seed":false,"campfire_upgraded":1,"win_rate":0,"timestamp":1542274646,"path_taken":["M","?","?","$","M","E","R","?","T","E","M","$","E","M","R","BOSS","M","M","?","M","M"],"build_version":"2018-11-08","purchased_purges":1,"victory":false,"max_hp_per_floor":[75,75,75,75,75,75,75,75,75,75,75,75,75,75,75,75,75,75,75,75,75,75],"card_choices":[{"not_picked":["Heatsinks","Barrage"],"picked":"FTL","floor":1},{"not_picked":["Redo","Hologram"],"picked":"Go for the Eyes","floor":5},{"not_picked":["BootSequence","Barrage"],"picked":"Glacier","floor":6},{"not_picked":["Compile Driver","Steam","Gash"],"picked":"SKIP","floor":8},{"not_picked":["Turbo","Redo"],"picked":"Consume","floor":10},{"not_picked":["Turbo","Hello World","Darkness"],"picked":"SKIP","floor":11},{"not_picked":["Core Surge","FTL"],"picked":"Ball Lightning","floor":13},{"not_picked":["Steam","Redo","Barrage"],"picked":"SKIP","floor":14},{"not_picked":["Fission","Thunder Strike"],"picked":"Core Surge","floor":16},{"not_picked":["Coolheaded","Rebound"],"picked":"Reinforced Body","floor":18},{"not_picked":["Turbo","Barrage","Compile Driver"],"picked":"SKIP","floor":19},{"not_picked":["Barrage+1","Reinforced Body+1"],"picked":"Cold Snap","floor":21}],"player_experience":247281,"relics_obtained":[{"floor":6,"key":"The Courier"},{"floor":9,"key":"Letter Opener"},{"floor":10,"key":"Shovel"},{"floor":13,"key":"Blue Candle"}],"event_choices":[{"cards_removed":["Strike_B"],"damage_healed":0,"gold_gain":0,"player_choice":"Card Removal","damage_taken":0,"max_hp_gain":0,"max_hp_loss":0,"event_name":"The Cleric","floor":2,"gold_loss":50},{"damage_healed":0,"gold_gain":0,"player_choice":"Grow","damage_taken":0,"max_hp_gain":0,"max_hp_loss":0,"event_name":"Living Wall","floor":3,"gold_loss":0,"cards_upgraded":["Zap"]},{"damage_healed":0,"gold_gain":0,"player_choice":"Smashed Altar","damage_taken":0,"max_hp_gain":0,"max_hp_loss":0,"event_name":"Forgotten Altar","floor":20,"gold_loss":0,"cards_obtained":["Decay"]}],"is_beta":false,"boss_relics":[{"not_picked":["Nuclear Battery","Astrolabe"],"picked":"Fusion Hammer"}],"items_purged_floors":[12],"is_endless":false,"potions_floor_spawned":[1,11,14,16,21],"killed_by":"Shelled Parasite and Fungi","ascension_level":6}