{"gold_per_floor":[116,134,149,149,164,164,18,54,54,54,74,48,48,83,83,83],"floor_reached":16,"playtime":437,"items_purged":[],"score":193,"play_id":"6fd1ef4e-b054-413f-8e73-7424278615ac","local_time":"20190202121633","is_ascension_mode":true,"campfire_choices":[{"data":"Neutralize","floor":6,"key":"SMITH"},{"floor":13,"key":"REST"},{"floor":15,"key":"REST"}],"neow_cost":"NONE","seed_source_timestamp":754483917345700,"circlet_count":0,"master_deck":["AscendersBane","Defend_G","Defend_G","Defend_G","Defend_G","Defend_G","Strike_G","Strike_G","Strike_G","Strike_G","Strike_G","Survivor","Neutralize+1","Deadly Poison","Corpse Explosion","Poisoned Stab","Die Die Die","PiercingWail","Cloak And Dagger","Dagger Spray"],"relics":["Ring of the Snake","Golden Idol","Bag of Preparation","Girya","Bird Faced Urn","Tough Bandages"],"potions_floor_usage":[14,16],"damage_taken":[{"damage":1,"enemies":"Cultist","floor":1,"turns":4},{"damage":0,"enemies":"Jaw Worm","floor":2,"turns":5},{"damage":4,"enemies":"2 Louse","floor":3,"turns":2},{"damage":22,"enemies":"Exordium Wildlife","floor":5,"turns":3},{"damage":28,"enemies":"Gremlin Nob","floor":8,"turns":4},{"damage":8,"enemies":"Looter","floor":11,"turns":3},{"damage":7,"enemies":"3 Sentries","floor":14,"turns":4},{"damage":33,"enemies":"Slime Boss","floor":16,"turns":9}],"seed_played":"8745926058587194055","potions_obtained":[{"floor":3,"key":"Ancient Potion"},{"floor":8,"key":"GhostInAJar"},{"floor":14,"key":"SteroidPotion"}],"is_trial":false,"path_per_floor":["M","M","M","?","M","R","$","E","T","?","M","$","R","E","R","B"],"character_chosen":"THE_SILENT","items_purchased":["Bag of Preparation","Cloak And Dagger"],"campfire_rested":2,"item_purchase_floors":[7,12],"current_hp_per_floor":[64,64,60,60,38,38,38,10,10,10,2,2,21,14,33,0],"gold":83,"neow_bonus":"TEN_PERCENT_HP_BONUS","is_prod":false,"is_daily":false,"chose_seed":false,"campfire_upgraded":1,"win_rate":0,"timestamp":1549080993,"path_taken":["M","M","M","?","M","R","$","E","T","?","M","$","R","E","R","BOSS"],"build_version":"2019-01-23","purchased_purges":0,"victory":false,"max_hp_per_floor":[72,72,72,65,65,65,65,65,65,65,65,65,65,65,65,65],"card_choices":[{"not_picked":["Quick Slash","Catalyst"],"picked":"Deadly Poison","floor":1},{"not_picked":["Backflip","Blade Dance"],"picked":"Corpse Explosion","floor":2},{"not_picked":["Prepared","All Out Attack"],"picked":"Poisoned Stab","floor":3},{"not_picked":["Blade Dance","Quick Slash","Terror"],"picked":"SKIP","floor":5},{"not_picked":["Flying Knee","Dodge and Roll"],"picked":"Die Die Die","floor":8},{"not_picked":["Backflip","Dagger Spray"],"picked":"PiercingWail","floor":11},{"not_picked":["Underhanded Strike","Sucker Punch"],"picked":"Dagger Spray","floor":14}],"player_experience":685423,"relics_obtained":[{"floor":8,"key":"Girya"},{"floor":9,"key":"Bird Faced Urn"},{"floor":14,"key":"Tough Bandages"}],"event_choices":[{"damage_healed":0,"gold_gain":0,"player_choice":"Lose Max HP","damage_taken":0,"relics_obtained":["Golden Idol"],"max_hp_gain":0,"max_hp_loss":7,"event_name":"Golden Idol","floor":4,"gold_loss":0},{"damage_healed":0,"gold_gain":0,"player_choice":"Ignored","damage_taken":0,"max_hp_gain":0,"max_hp_loss":0,"event_name":"Liars Game","floor":10,"gold_loss":0}],"is_beta":false,"boss_relics":[],"items_purged_floors":[],"is_endless":false,"potions_floor_spawned":[3,8,14],"killed_by":"Slime Boss","ascension_level":15}