{"gold_per_floor":[109,109,124,74,74,103,103,278,278,297,360,388,388,105,105,105],"floor_reached":16,"playtime":1060,"items_purged":[],"score":133,"play_id":"bf27ce59-c1ee-4dd4-befd-b9b92a66c1cb","local_time":"20180930012138","is_ascension_mode":true,"campfire_choices":[{"data":"Zap","floor":7,"key":"SMITH"},{"data":"White Noise","floor":13,"key":"SMITH"},{"data":"Conserve Battery","floor":15,"key":"SMITH"}],"neow_cost":"NONE","seed_source_timestamp":18366588515297,"circlet_count":0,"master_deck":["Strike_B","Strike_B","Strike_B","Defend_B","Defend_B","Defend_B","Defend_B","Zap+1","Dualcast","White Noise+1","Core Surge","Doubt","Chill","Double Energy","Buffer+1","Heatsinks+1","Conserve Battery+1"],"relics":["Cracked Core","Matryoshka","Singing Bowl","Lantern","Juzu Bracelet","DataDisk","Frozen Egg 2","Happy Flower"],"potions_floor_usage":[6,12],"damage_taken":[{"damage":13,"enemies":"Small Slimes","floor":1,"turns":4},{"damage":1,"enemies":"Cultist","floor":3,"turns":4},{"damage":32,"enemies":"Gremlin Nob","floor":6,"turns":4},{"damage":5,"enemies":"2 Louse","floor":10,"turns":3},{"damage":26,"enemies":"Lagavulin Event","floor":11,"turns":6},{"damage":19,"enemies":"Lagavulin","floor":12,"turns":6},{"damage":10,"enemies":"The Guardian","floor":16,"turns":11}],"seed_played":"6337210660921588922","potions_obtained":[{"floor":3,"key":"Regen Potion"},{"floor":11,"key":"AttackPotion"}],"is_trial":false,"path_per_floor":["M","?","M","?","?","E","R","?","T","M","?","E","R","$","R"],"character_chosen":"DEFECT","items_purchased":["Happy Flower","Heatsinks+1","Conserve Battery"],"campfire_rested":0,"item_purchase_floors":[14,14,14],"current_hp_per_floor":[69,69,68,68,73,50,50,50,50,52,26,7,7,7,7,0],"gold":105,"neow_bonus":"TEN_PERCENT_HP_BONUS","is_prod":false,"is_daily":false,"chose_seed":false,"campfire_upgraded":3,"win_rate":0,"timestamp":1538245298,"path_taken":["M","?","M","?","?","E","R","?","T","M","?","E","R","$","R","BOSS"],"build_version":"2018-09-27","purchased_purges":0,"victory":false,"max_hp_per_floor":[82,82,82,82,87,87,87,87,87,87,87,87,87,87,87,87],"card_choices":[{"not_picked":["Barrage","Turbo"],"picked":"Coolheaded","floor":1},{"not_picked":["Compile Driver","Stack"],"picked":"White Noise","floor":3},{"not_picked":["Beam Cell","Turbo"],"picked":"Core Surge","floor":6},{"not_picked":["Sweeping Beam","Tempest"],"picked":"Chill","floor":10},{"not_picked":["Ball Lightning","Static Discharge"],"picked":"Double Energy","floor":11},{"not_picked":["Conserve Battery","Redo"],"picked":"Buffer","floor":12}],"player_experience":256517,"relics_obtained":[{"floor":6,"key":"Singing Bowl"},{"floor":9,"key":"Lantern"},{"floor":9,"key":"Juzu Bracelet"},{"floor":12,"key":"Frozen Egg 2"}],"event_choices":[{"event_name":"WeMeetAgain","player_choice":"Card","floor":2,"damage_taken":0},{"event_name":"The Cleric","player_choice":"Card Removal","floor":4,"damage_taken":0},{"event_name":"Big Fish","player_choice":"Donut","floor":5,"damage_taken":0},{"event_name":"Liars Game","player_choice":"agreed","floor":8,"damage_taken":0},{"event_name":"Dead Adventurer","player_choice":"Searched \u00273\u0027 times","floor":11,"damage_taken":0}],"is_beta":false,"boss_relics":[],"items_purged_floors":[],"is_endless":false,"potions_floor_spawned":[3,11],"killed_by":"The Guardian","ascension_level":5}