{"gold_per_floor":[110,110,124,144,244,274,274,302,328,10,10,10,21,21,21,118,118,130,145,145,164,164],"floor_reached":22,"playtime":1384,"items_purged":["Defend_R"],"score":194,"play_id":"4bb0b24f-f490-4451-88f2-586ccbf8d174","local_time":"20180925103436","is_ascension_mode":false,"campfire_choices":[{"data":"Clash","floor":7,"key":"SMITH"},{"data":"Shrug It Off","floor":11,"key":"SMITH"},{"data":"Good Instincts","floor":15,"key":"SMITH"}],"neow_cost":"NONE","seed_source_timestamp":614776322016531,"circlet_count":0,"master_deck":["Strike_R","Strike_R","Strike_R","Strike_R","Strike_R","Defend_R","Defend_R","Defend_R","Bash","Clash+1","Iron Wave","True Grit","Thunderclap","Ghostly Armor","Shrug It Off+1","Headbutt","Bash","Good Instincts+1","Double Tap","Shrug It Off","Evolve+1","Reckless Charge"],"relics":["Burning Blood","Happy Flower","Anchor","Art of War","Medical Kit","Coffee Dripper","MutagenicStrength"],"potions_floor_usage":[16,16,18],"damage_taken":[{"damage":13,"enemies":"Cultist","floor":1,"turns":5},{"damage":1,"enemies":"Jaw Worm","floor":3,"turns":4},{"damage":4,"enemies":"2 Louse","floor":4,"turns":3},{"damage":36,"enemies":"Lagavulin","floor":6,"turns":8},{"damage":30,"enemies":"Gremlin Nob","floor":8,"turns":5},{"damage":0,"enemies":"Looter","floor":13,"turns":1},{"damage":20,"enemies":"Hexaghost","floor":16,"turns":12},{"damage":20,"enemies":"2 Thieves","floor":18,"turns":3},{"damage":12,"enemies":"Shell Parasite","floor":19,"turns":5},{"damage":36,"enemies":"3 Cultists","floor":21,"turns":8},{"damage":39,"enemies":"Sentry and Sphere","floor":22,"turns":9}],"seed_played":"1437740665458125874","potions_obtained":[{"floor":1,"key":"Poison Potion"},{"floor":6,"key":"AttackPotion"},{"floor":13,"key":"EntropicBrew"}],"is_trial":false,"path_per_floor":["M","?","M","M","?","E","R","E","T","$","R","?","M","?","R","B",null,"M","M","?","M"],"character_chosen":"IRONCLAD","items_purchased":["Medical Kit","Shrug It Off"],"campfire_rested":0,"item_purchase_floors":[10,10],"current_hp_per_floor":[81,81,86,88,88,58,58,34,34,34,34,34,40,40,40,26,88,74,68,68,38,0],"gold":164,"neow_bonus":"TEN_PERCENT_HP_BONUS","is_prod":false,"is_daily":false,"chose_seed":false,"campfire_upgraded":3,"win_rate":0.0,"timestamp":1537846476,"path_taken":["M","?","M","M","?","E","R","E","T","$","R","?","M","?","R","BOSS","M","M","?","M","M"],"build_version":"2018-09-20","purchased_purges":1,"victory":false,"max_hp_per_floor":[88,88,88,88,88,88,88,88,88,88,88,88,88,88,88,88,88,88,88,88,88,88],"card_choices":[{"not_picked":["Warcry","Clothesline"],"picked":"Clash","floor":1},{"not_picked":["Anger","Flame Barrier"],"picked":"Iron Wave","floor":3},{"not_picked":["Clash","Flex"],"picked":"True Grit","floor":4},{"not_picked":["Disarm","Anger"],"picked":"Thunderclap","floor":6},{"not_picked":["Warcry","Juggernaut"],"picked":"Ghostly Armor","floor":8},{"not_picked":["Disarm","Body Slam"],"picked":"Headbutt","floor":13},{"not_picked":["Brutality","Juggernaut"],"picked":"Double Tap","floor":16},{"not_picked":["Headbutt","Anger"],"picked":"Shrug It Off","floor":18},{"not_picked":["Entrench","Warcry"],"picked":"Evolve+1","floor":19},{"not_picked":["Body Slam","Entrench+1"],"picked":"Reckless Charge","floor":21}],"player_experience":130978,"relics_obtained":[{"floor":6,"key":"Happy Flower"},{"floor":8,"key":"Anchor"},{"floor":9,"key":"Art of War"}],"event_choices":[{"event_name":"The Woman in Blue","player_choice":"Bought 0 Potions","floor":2,"damage_taken":0},{"event_name":"Golden Shrine","player_choice":"Pray","floor":5,"damage_taken":0},{"event_name":"The Cleric","player_choice":"Leave","floor":12,"damage_taken":0},{"event_name":"Match and Keep!","player_choice":"2 cards matched","floor":14,"damage_taken":0},{"event_name":"Drug Dealer","player_choice":"Inject Mutagens","floor":20,"damage_taken":0}],"is_beta":false,"boss_relics":[{"not_picked":["Empty Cage","Cursed Key"],"picked":"Coffee Dripper"}],"items_purged_floors":[10],"is_endless":false,"potions_floor_spawned":[1,6,13],"killed_by":"Sentry and Sphere","ascension_level":0}