{"gold_per_floor":[112,112,127,127,146,185,205,224,224,238,238,274,297,146,146,146],"floor_reached":16,"playtime":1117,"items_purged":[],"score":125,"play_id":"aa30cfb1-57eb-4376-be9d-9eb5325d8989","local_time":"20180926172357","is_ascension_mode":true,"campfire_choices":[{"data":"Ball Lightning","floor":15,"key":"SMITH"}],"neow_cost":"NONE","seed_source_timestamp":726006501192739,"circlet_count":0,"master_deck":["Strike_B","Strike_B","Strike_B","Strike_B","Defend_B","Defend_B","Defend_B","Defend_B","Zap","Dualcast","Chill","BootSequence","Cold Snap","Aggregate","Storm","Undo","Conserve Battery","Ball Lightning+1","Chill","Hologram","Steam Power","Streamline"],"relics":["Black Star","Bronze Scales","Golden Idol","Lantern","Vajra","Oddly Smooth Stone","GremlinMask","Ornamental Fan","Dodecahedron"],"potions_floor_usage":[8,12,12,13],"damage_taken":[{"damage":13,"enemies":"2 Louse","floor":1,"turns":2},{"damage":0,"enemies":"Small Slimes","floor":3,"turns":3},{"damage":0,"enemies":"Jaw Worm","floor":5,"turns":5},{"damage":12,"enemies":"3 Sentries","floor":6,"turns":7},{"damage":0,"enemies":"Large Slime","floor":7,"turns":6},{"damage":3,"enemies":"Exordium Wildlife","floor":8,"turns":4},{"damage":0,"enemies":"2 Fungi Beasts","floor":10,"turns":4},{"damage":26,"enemies":"Gremlin Nob","floor":12,"turns":5},{"damage":6,"enemies":"Gremlin Gang","floor":13,"turns":5},{"damage":23,"enemies":"Slime Boss","floor":16,"turns":3}],"seed_played":"-4340330897921745583","potions_obtained":[{"floor":3,"key":"AttackPotion"},{"floor":5,"key":"FearPotion"},{"floor":6,"key":"Regen Potion"},{"floor":10,"key":"SkillPotion"},{"floor":12,"key":"SteroidPotion"}],"is_trial":false,"path_per_floor":["M","?","M","?","M","E","M","M","T","M","?","E","M","$","R"],"character_chosen":"DEFECT","items_purchased":["Hologram","Steam Power","Streamline"],"campfire_rested":0,"item_purchase_floors":[14,14,14],"current_hp_per_floor":[62,55,55,37,37,25,25,34,34,34,34,8,2,2,2,0],"gold":146,"neow_bonus":"BOSS_RELIC","is_prod":false,"is_daily":false,"chose_seed":false,"campfire_upgraded":1,"win_rate":0,"timestamp":1537957437,"path_taken":["M","?","M","?","M","E","M","M","T","M","?","E","M","$","R","BOSS"],"build_version":"2018-09-20","purchased_purges":0,"victory":false,"max_hp_per_floor":[75,75,75,75,75,75,75,75,75,75,75,75,75,75,75,75],"card_choices":[{"not_picked":["Cold Snap","Turbo"],"picked":"Chill","floor":1},{"not_picked":["Cold Snap","Steam"],"picked":"BootSequence","floor":3},{"not_picked":["Steam Power","Turbo"],"picked":"Cold Snap","floor":5},{"not_picked":["Rebound","Scrape"],"picked":"Aggregate","floor":6},{"not_picked":["Streamline","Sweeping Beam"],"picked":"Storm","floor":7},{"not_picked":["Sweeping Beam","Beam Cell"],"picked":"Undo","floor":8},{"not_picked":["Fusion","Leap"],"picked":"Conserve Battery","floor":10},{"not_picked":["Redo","Force Field"],"picked":"Ball Lightning","floor":12},{"not_picked":["Sunder","Leap"],"picked":"Chill","floor":13}],"player_experience":175712,"relics_obtained":[{"floor":6,"key":"Lantern"},{"floor":6,"key":"Vajra"},{"floor":9,"key":"Oddly Smooth Stone"},{"floor":12,"key":"Ornamental Fan"},{"floor":12,"key":"Dodecahedron"}],"event_choices":[{"event_name":"Scrap Ooze","player_choice":"success","floor":2,"damage_taken":7},{"event_name":"Golden Idol","player_choice":"Take Damage","floor":4,"damage_taken":0},{"event_name":"FaceTrader","player_choice":"Trade","floor":11,"damage_taken":0}],"is_beta":false,"boss_relics":[],"items_purged_floors":[],"is_endless":false,"potions_floor_spawned":[3,5,6,10,12],"killed_by":"Slime Boss","ascension_level":2}