{"gold_per_floor":[118,118,134,36,36,101,112,147,147,172,184,210,160,310,310,310],"floor_reached":16,"playtime":655,"items_purged":["Strike_G"],"score":279,"play_id":"68844582-3dcd-433f-99f9-8d17db383e40","local_time":"20181224134204","is_ascension_mode":true,"campfire_choices":[{"data":"Dagger Spray","floor":15,"key":"SMITH"}],"neow_cost":"NONE","seed_source_timestamp":16379099579267,"circlet_count":0,"master_deck":["AscendersBane","Defend_G","Defend_G","Defend_G","Defend_G","Defend_G","Strike_G","Strike_G","Strike_G","Strike_G","Survivor","Neutralize+1","Bouncing Flask+1","Caltrops","Deflect","Dagger Spray+1","Dagger Spray","Backflip","Crippling Poison","Doubt"],"relics":["Ring of the Snake","NeowsBlessing","Meat on the Bone","Tiny Chest","Bag of Marbles","Gremlin Horn","Ancient Tea Set","Smiling Mask"],"potions_floor_usage":[8,16],"damage_taken":[{"damage":0,"enemies":"2 Louse","floor":1,"turns":1},{"damage":0,"enemies":"Cultist","floor":3,"turns":1},{"damage":0,"enemies":"3 Sentries","floor":6,"turns":2},{"damage":2,"enemies":"Jaw Worm","floor":7,"turns":4},{"damage":9,"enemies":"Lagavulin","floor":8,"turns":6},{"damage":0,"enemies":"2 Fungi Beasts","floor":11,"turns":3},{"damage":24,"enemies":"3 Sentries","floor":12,"turns":7},{"damage":30,"enemies":"Slime Boss","floor":16,"turns":3}],"seed_played":"-1718881503715554851","potions_obtained":[{"floor":6,"key":"PowerPotion"},{"floor":7,"key":"Block Potion"}],"is_trial":false,"path_per_floor":["M","?","M","$","?","E","M","E","T","T","M","E","$","?","R","B"],"character_chosen":"THE_SILENT","items_purchased":["Caltrops","Deflect"],"campfire_rested":0,"item_purchase_floors":[4,4],"current_hp_per_floor":[59,59,59,59,39,39,37,40,40,40,40,28,28,28,28,0],"gold":310,"neow_bonus":"THREE_ENEMY_KILL","is_prod":false,"is_daily":false,"chose_seed":false,"campfire_upgraded":1,"win_rate":0,"timestamp":1545655324,"path_taken":["M","?","?","$","?","E","M","E","T","?","M","E","$","?","R","BOSS"],"build_version":"2018-12-20","purchased_purges":1,"victory":false,"max_hp_per_floor":[66,66,66,66,66,66,66,66,66,66,66,66,66,66,66,66],"card_choices":[{"not_picked":["Slice","Flechettes"],"picked":"Calculated Gamble","floor":1},{"not_picked":["Eviscerate","Bane"],"picked":"Bouncing Flask","floor":3},{"not_picked":["Sucker Punch","Flying Knee"],"picked":"Dagger Spray","floor":6},{"not_picked":["Underhanded Strike","Bane"],"picked":"Dagger Spray","floor":7},{"not_picked":["Quick Slash","PiercingWail"],"picked":"Backflip","floor":8},{"not_picked":["Escape Plan","Setup"],"picked":"Crippling Poison","floor":11},{"not_picked":["Blur","Doppelganger","Leg Sweep"],"picked":"SKIP","floor":12}],"player_experience":867623,"relics_obtained":[{"floor":6,"key":"Tiny Chest"},{"floor":8,"key":"Bag of Marbles"},{"floor":9,"key":"Gremlin Horn"},{"floor":10,"key":"Ancient Tea Set"},{"floor":12,"key":"Smiling Mask"}],"event_choices":[{"cards_removed":["Calculated Gamble"],"damage_healed":0,"gold_gain":0,"player_choice":"Gave Card","damage_taken":0,"relics_obtained":["Meat on the Bone"],"max_hp_gain":0,"max_hp_loss":0,"event_name":"WeMeetAgain","floor":2,"gold_loss":0},{"damage_healed":0,"gold_gain":0,"player_choice":"Entered Light","damage_taken":20,"max_hp_gain":0,"max_hp_loss":0,"event_name":"Shining Light","floor":5,"gold_loss":0,"cards_upgraded":["Bouncing Flask","Neutralize"]},{"damage_healed":0,"gold_gain":150,"player_choice":"AGREE","damage_taken":0,"max_hp_gain":0,"max_hp_loss":0,"event_name":"Liars Game","floor":14,"gold_loss":0,"cards_obtained":["Doubt"]}],"is_beta":true,"boss_relics":[],"items_purged_floors":[13],"is_endless":false,"potions_floor_spawned":[6,7],"killed_by":"Slime Boss","ascension_level":19}