{"gold_per_floor":[111,73,89,264,339,339,362,362,362,362,362,209,226,226],"floor_reached":14,"playtime":433,"items_purged":["Doubt"],"score":129,"play_id":"6734cd29-c9bc-4576-8f30-6647a8113181","local_time":"20190225235934","is_ascension_mode":true,"campfire_choices":[{"data":"Barricade","floor":6,"key":"SMITH"},{"data":"Shrug It Off","floor":8,"key":"SMITH"},{"data":"Burning Pact","floor":10,"key":"SMITH"}],"neow_cost":"NONE","seed_source_timestamp":324020806963542,"circlet_count":0,"master_deck":["AscendersBane","Strike_R","Strike_R","Strike_R","Strike_R","Defend_R","Defend_R","Defend_R","Defend_R","Bash","Burning Pact+1","Whirlwind","Barricade+1","Shrug It Off+1","True Grit","Pommel Strike"],"relics":["Burning Blood","Odd Mushroom","Bottled Lightning"],"potions_floor_usage":[7,14],"damage_taken":[{"damage":7,"enemies":"2 Louse","floor":1,"turns":3},{"damage":9,"enemies":"Jaw Worm","floor":3,"turns":5},{"damage":36,"enemies":"The Mushroom Lair","floor":7,"turns":6},{"damage":14,"enemies":"Cultist","floor":13,"turns":5},{"damage":25,"enemies":"Exordium Thugs","floor":14,"turns":6}],"seed_played":"-5127800136489748920","potions_obtained":[{"floor":1,"key":"Weak Potion"}],"is_trial":false,"path_per_floor":["M","$","M","?","?","R","?","R","T","R","?","$","M","M"],"character_chosen":"IRONCLAD","items_purchased":["Whirlwind","True Grit","PowerPotion"],"campfire_rested":0,"item_purchase_floors":[2,12,12],"current_hp_per_floor":[67,67,64,64,53,53,23,23,23,23,23,23,15,0],"gold":226,"neow_bonus":"REMOVE_CARD","is_prod":false,"is_daily":false,"chose_seed":false,"campfire_upgraded":3,"win_rate":0,"timestamp":1551106774,"path_taken":["M","$","M","?","?","R","?","R","T","R","?","$","?","M"],"build_version":"2019-01-23","purchased_purges":1,"victory":false,"max_hp_per_floor":[75,75,75,75,75,75,75,75,75,75,75,75,75,75],"card_choices":[{"not_picked":["Metallicize","Clothesline"],"picked":"Burning Pact","floor":1},{"not_picked":["Heavy Blade","True Grit"],"picked":"Barricade","floor":3},{"not_picked":["Clash","Fire Breathing"],"picked":"Shrug It Off","floor":7},{"not_picked":["Clothesline","Anger"],"picked":"Pommel Strike","floor":13}],"player_experience":106174,"relics_obtained":[{"floor":7,"key":"Odd Mushroom"},{"floor":9,"key":"Bottled Lightning"}],"event_choices":[{"damage_healed":0,"gold_gain":175,"player_choice":"AGREE","damage_taken":0,"max_hp_gain":0,"max_hp_loss":0,"event_name":"Liars Game","floor":4,"gold_loss":0,"cards_obtained":["Doubt"]},{"damage_healed":0,"gold_gain":75,"player_choice":"Gather Gold","damage_taken":11,"max_hp_gain":0,"max_hp_loss":0,"event_name":"World of Goop","floor":5,"gold_loss":0},{"damage_healed":0,"gold_gain":0,"player_choice":"Fought Mushrooms","damage_taken":0,"max_hp_gain":0,"max_hp_loss":0,"event_name":"Mushrooms","floor":7,"gold_loss":0},{"damage_healed":0,"gold_gain":0,"player_choice":"0 cards matched","damage_taken":0,"max_hp_gain":0,"max_hp_loss":0,"event_name":"Match and Keep!","floor":11,"gold_loss":0,"cards_obtained":[]}],"is_beta":false,"boss_relics":[],"items_purged_floors":[12],"is_endless":false,"potions_floor_spawned":[1],"killed_by":"Exordium Thugs","ascension_level":14}