{"gold_per_floor":[116,126,143,143,143,143,153,153,153,153,78,136,86,86,86,187,187,201,201,8,28,42,42,42],"floor_reached":24,"playtime":2163,"items_purged":["Regret","Well Laid Plans"],"score":184,"play_id":"1ad8aa9a-4c65-41c3-b9fd-a396a5bc0fd4","local_time":"20190301184551","is_ascension_mode":false,"campfire_choices":[{"floor":6,"key":"REST"},{"data":"Bouncing Flask","floor":8,"key":"SMITH"},{"data":"Neutralize","floor":10,"key":"SMITH"},{"floor":15,"key":"REST"},{"floor":23,"key":"REST"}],"neow_cost":"NONE","seed_source_timestamp":7061027664900,"circlet_count":0,"master_deck":["Defend_G","Defend_G","Defend_G+1","Defend_G+1","Strike_G","Strike_G+1","Strike_G","Strike_G","Strike_G","Survivor+1","Neutralize+1","Bouncing Flask+1","Accuracy","Caltrops+1","Tools of the Trade","Crippling Poison","Blade Dance","Poisoned Stab","Caltrops+1","Sucker Punch+1"],"relics":["Ring of the Snake","Art of War","Dodecahedron","Bottled Flame","War Paint","Runic Pyramid"],"potions_floor_usage":[16],"damage_taken":[{"damage":0,"enemies":"2 Louse","floor":1,"turns":3},{"damage":0,"enemies":"Jaw Worm","floor":2,"turns":3},{"damage":10,"enemies":"Small Slimes","floor":3,"turns":4},{"damage":10,"enemies":"Looter","floor":7,"turns":4},{"damage":13,"enemies":"Lagavulin Event","floor":12,"turns":5},{"damage":58,"enemies":"Slime Boss","floor":16,"turns":14},{"damage":34,"enemies":"2 Thieves","floor":18,"turns":4},{"damage":0,"enemies":"Shell Parasite","floor":21,"turns":5},{"damage":24,"enemies":"Centurion and Healer","floor":22,"turns":7},{"damage":41,"enemies":"Slavers","floor":24,"turns":4}],"seed_played":"6360186062945851739","potions_obtained":[{"floor":2,"key":"SteroidPotion"},{"floor":3,"key":"FairyPotion"},{"floor":19,"key":"FearPotion"},{"floor":19,"key":"SteroidPotion"},{"floor":21,"key":"Strength Potion"}],"is_trial":false,"path_per_floor":["M","M","M","?","?","R","M","R","T","R","$","?","?","?","R","B",null,"M","?","$","M","M","R","E"],"character_chosen":"THE_SILENT","items_purchased":["Blade Dance","Poisoned Stab"],"campfire_rested":3,"item_purchase_floors":[20,20],"current_hp_per_floor":[70,70,60,60,46,67,57,57,57,57,57,44,44,44,65,7,70,36,36,36,36,12,33,0],"gold":42,"neow_bonus":"RANDOM_COMMON_RELIC","is_prod":false,"is_daily":false,"chose_seed":false,"campfire_upgraded":2,"win_rate":0,"timestamp":1551462351,"path_taken":["M","M","M","?","?","R","M","R","T","R","$","?","?","?","R","BOSS","M","?","$","M","M","R","E"],"build_version":"2019-01-23","purchased_purges":2,"victory":false,"max_hp_per_floor":[70,70,70,70,70,70,70,70,70,70,70,70,70,70,70,70,70,70,70,70,70,70,70,70],"card_choices":[{"not_picked":["Dodge and Roll","PiercingWail"],"picked":"Bouncing Flask","floor":1},{"not_picked":["Dagger Throw","Outmaneuver"],"picked":"Accuracy","floor":2},{"not_picked":["Flying Knee","Backflip"],"picked":"Well Laid Plans","floor":3},{"not_picked":["Flechettes","Prepared","Dagger Spray"],"picked":"SKIP","floor":7},{"not_picked":["Accuracy","Doppelganger"],"picked":"Caltrops","floor":12},{"not_picked":["Phantasmal Killer","Doppelganger"],"picked":"Tools of the Trade","floor":16},{"not_picked":["Heel Hook","Calculated Gamble"],"picked":"Crippling Poison","floor":18},{"not_picked":["Well Laid Plans","Deflect"],"picked":"Caltrops+1","floor":21},{"not_picked":["Backflip+1","Heel Hook"],"picked":"Sucker Punch+1","floor":22}],"player_experience":84722,"relics_obtained":[{"floor":9,"key":"Bottled Flame"},{"floor":12,"key":"War Paint"}],"event_choices":[{"damage_healed":0,"gold_gain":0,"player_choice":"Box","damage_taken":0,"relics_obtained":["Dodecahedron"],"max_hp_gain":0,"max_hp_loss":0,"event_name":"Big Fish","floor":4,"gold_loss":0,"cards_obtained":["Regret"]},{"damage_healed":0,"gold_gain":0,"player_choice":"Entered Light","damage_taken":14,"max_hp_gain":0,"max_hp_loss":0,"event_name":"Shining Light","floor":5,"gold_loss":0,"cards_upgraded":["Strike_G","Survivor"]},{"damage_healed":0,"gold_gain":0,"player_choice":"Searched \u00271\u0027 times","damage_taken":0,"max_hp_gain":0,"max_hp_loss":0,"event_name":"Dead Adventurer","floor":12,"gold_loss":0},{"cards_removed":["Defend_G"],"damage_healed":0,"gold_gain":0,"player_choice":"Card Removal","damage_taken":0,"max_hp_gain":0,"max_hp_loss":0,"event_name":"The Cleric","floor":13,"gold_loss":50},{"damage_healed":0,"gold_gain":0,"player_choice":"Grow","damage_taken":0,"max_hp_gain":0,"max_hp_loss":0,"event_name":"Living Wall","floor":14,"gold_loss":0,"cards_upgraded":["Caltrops"]},{"damage_healed":0,"gold_gain":0,"player_choice":"Got Potions","damage_taken":0,"max_hp_gain":0,"max_hp_loss":0,"event_name":"Lab","floor":19,"gold_loss":0}],"is_beta":false,"boss_relics":[{"not_picked":["WristBlade","Sozu"],"picked":"Runic Pyramid"}],"items_purged_floors":[11,20],"is_endless":false,"potions_floor_spawned":[2,3,21],"killed_by":"Slavers","ascension_level":0}