{"gold_per_floor":[111,127,127,141,161,161,191,191,262,262,337,395,34,59,59,154,154,164,183,183,183,183,216,216,227,282,307,337,366,190,216,216,320,370,389,402,402,362,376,376,405,26,26,37,37,37,57,68,68,68],"floor_reached":51,"playtime":1887,"items_purged":[],"score":984,"play_id":"cd80a5e8-364b-4e73-bd7b-685706dad196","local_time":"20190113172918","is_ascension_mode":true,"campfire_choices":[{"data":"Zap","floor":6,"key":"SMITH"},{"data":"FTL","floor":8,"key":"SMITH"},{"data":"Barrage","floor":10,"key":"SMITH"},{"data":"Static Discharge","floor":15,"key":"SMITH"},{"floor":24,"key":"REST"},{"floor":32,"key":"REST"},{"floor":40,"key":"DIG"},{"floor":46,"key":"DIG"},{"floor":49,"key":"DIG"}],"neow_cost":"NONE","seed_source_timestamp":257545700969400,"circlet_count":0,"master_deck":["Strike_B","Strike_B","Strike_B+1","Strike_B","Defend_B","Defend_B","Defend_B","Defend_B","Zap+1","Dualcast","Cold Snap+1","Barrage+1","Ball Lightning","FTL+1","Darkness","Static Discharge+1","Glacier","Coolheaded","Thunder Strike","Ball Lightning","Conserve Battery","RitualDagger","Self Repair","Amplify","Capacitor","Self Repair","Go for the Eyes+1","Static Discharge+1","Coolheaded","Machine Learning+1","Hologram","Go for the Eyes+1","Coolheaded","Defragment+1","Sadistic Nature+1","RitualDagger+1","Enlightenment","Coolheaded+1"],"relics":["Cracked Core","Happy Flower","Torii","Mummified Hand","Ancient Tea Set","Letter Opener","Whetstone","Black Star","MutagenicStrength","DataDisk","Molten Egg 2","Tiny Chest","Centennial Puzzle","MawBank","Oddly Smooth Stone","Vajra","Bottled Flame","Tiny House","Shovel","PreservedInsect","Smiling Mask","Frozen Egg 2","DollysMirror","Ice Cream","Unceasing Top","Shuriken"],"potions_floor_usage":[12,19,23,25,29,48],"damage_taken":[{"damage":3,"enemies":"2 Louse","floor":1,"turns":2},{"damage":0,"enemies":"Cultist","floor":2,"turns":3},{"damage":0,"enemies":"Jaw Worm","floor":4,"turns":3},{"damage":10,"enemies":"3 Louse","floor":5,"turns":3},{"damage":6,"enemies":"Gremlin Nob","floor":7,"turns":3},{"damage":0,"enemies":"Gremlin Nob","floor":12,"turns":3},{"damage":2,"enemies":"Lagavulin","floor":14,"turns":5},{"damage":21,"enemies":"Slime Boss","floor":16,"turns":7},{"damage":8,"enemies":"Shell Parasite","floor":18,"turns":5},{"damage":0,"enemies":"Chosen","floor":19,"turns":3},{"damage":35,"enemies":"Book of Stabbing","floor":23,"turns":4},{"damage":0,"enemies":"Centurion and Healer","floor":25,"turns":3},{"damage":17,"enemies":"Gremlin Leader","floor":27,"turns":6},{"damage":7,"enemies":"Snake Plant","floor":28,"turns":2},{"damage":12,"enemies":"Cultist and Chosen","floor":29,"turns":6},{"damage":24,"enemies":"Slavers","floor":31,"turns":4},{"damage":51,"enemies":"Automaton","floor":33,"turns":8},{"damage":23,"enemies":"3 Darklings","floor":35,"turns":5},{"damage":7,"enemies":"Orb Walker","floor":36,"turns":4},{"damage":14,"enemies":"4 Shapes","floor":39,"turns":3},{"damage":3,"enemies":"Nemesis","floor":41,"turns":5},{"damage":1,"enemies":"3 Darklings","floor":44,"turns":5},{"damage":0,"enemies":"Jaw Worm Horde","floor":47,"turns":3},{"damage":13,"enemies":"Spire Growth","floor":48,"turns":4},{"damage":40,"enemies":"Time Eater","floor":50,"turns":8}],"seed_played":"1764298700241748170","potions_obtained":[{"floor":1,"key":"Block Potion"},{"floor":3,"key":"LiquidBronze"},{"floor":3,"key":"SteroidPotion"},{"floor":16,"key":"Ancient Potion"},{"floor":19,"key":"Weak Potion"},{"floor":23,"key":"LiquidBronze"},{"floor":28,"key":"Fire Potion"},{"floor":31,"key":"Fire Potion"},{"floor":48,"key":"LiquidBronze"}],"is_trial":false,"path_per_floor":["M","M","?","M","M","R","E","R","T","R","?","?","$","E","R","B",null,"M","M","?","?","?","E","R","M","T","E","M","M","$","E","R","B",null,"M","M","T","?","M","R","E","$","T","M","?","R","M","M","R","B",null],"character_chosen":"DEFECT","items_purchased":["Static Discharge","Glacier","Letter Opener","Static Discharge","Oddly Smooth Stone","Sadistic Nature+1","DollysMirror"],"campfire_rested":2,"item_purchase_floors":[13,13,13,30,30,42,42],"current_hp_per_floor":[72,72,72,72,62,62,56,56,56,56,45,45,45,43,43,22,75,67,67,61,61,61,26,48,55,55,45,38,47,47,30,52,22,80,71,71,71,71,64,64,75,75,75,80,80,80,80,80,80,54],"gold":68,"neow_bonus":"RANDOM_COMMON_RELIC","is_prod":false,"is_daily":false,"chose_seed":false,"campfire_upgraded":4,"win_rate":0,"timestamp":1547371758,"path_taken":["M","M","?","?","M","R","E","R","T","R","?","?","$","E","R","BOSS","M","M","?","?","?","E","R","M","T","E","M","?","$","E","R","BOSS","M","M","?","?","?","R","E","$","T","?","?","R","M","M","R","BOSS"],"build_version":"2019-01-10","purchased_purges":0,"victory":true,"max_hp_per_floor":[75,75,75,75,75,75,75,75,75,75,75,75,75,75,75,75,75,75,75,75,75,75,75,75,75,75,75,75,75,75,75,75,75,80,80,80,80,80,80,80,80,80,80,80,80,80,80,80,80,80],"card_choices":[{"not_picked":["FTL","Sweeping Beam"],"picked":"Cold Snap","floor":1},{"not_picked":["Compile Driver","Blizzard"],"picked":"Barrage","floor":2},{"not_picked":["Barrage","Stack","Compile Driver"],"picked":"SKIP","floor":4},{"not_picked":["Rebound","Barrage"],"picked":"Ball Lightning","floor":5},{"not_picked":["Recycle","Amplify"],"picked":"FTL","floor":7},{"not_picked":["Cold Snap","Lockon"],"picked":"Darkness","floor":12},{"not_picked":["Genetic Algorithm","Compile Driver"],"picked":"Coolheaded","floor":14},{"not_picked":["Biased Cognition","Machine Learning"],"picked":"Thunder Strike","floor":16},{"not_picked":["Coolheaded","Barrage"],"picked":"Ball Lightning","floor":18},{"not_picked":["Gash","Coolheaded"],"picked":"Conserve Battery","floor":19},{"not_picked":["Force Field","Streamline+1"],"picked":"Self Repair","floor":23},{"not_picked":["BootSequence+1","Conserve Battery"],"picked":"Amplify","floor":25},{"not_picked":["Coolheaded","Multi-Cast"],"picked":"Capacitor","floor":27},{"not_picked":["Streamline+1","Chill"],"picked":"Self Repair","floor":28},{"not_picked":["Redo","Doom and Gloom+1"],"picked":"Go for the Eyes+1","floor":29},{"not_picked":["Rebound+1","Redo"],"picked":"Coolheaded","floor":31},{"not_picked":["Multi-Cast","Rainbow"],"picked":"Machine Learning","floor":33},{"not_picked":["BootSequence","Turbo+1"],"picked":"Hologram","floor":34},{"not_picked":["Sweeping Beam+1","Fusion","Chaos"],"picked":"SKIP","floor":35},{"not_picked":["Conserve Battery+1","Blizzard+1"],"picked":"Go for the Eyes+1","floor":36},{"not_picked":["Conserve Battery+1","Cold Snap+1"],"picked":"Coolheaded","floor":39},{"not_picked":["Stack","Go for the Eyes+1"],"picked":"Defragment+1","floor":41},{"not_picked":["Ball Lightning+1","Lockon+1","Rebound+1"],"picked":"SKIP","floor":44},{"not_picked":["Metamorphosis","Secret Weapon"],"picked":"Enlightenment","floor":45},{"not_picked":["Reprogram","Streamline+1"],"picked":"Coolheaded+1","floor":47},{"not_picked":["Rebound+1","Redo","Undo+1"],"picked":"SKIP","floor":48}],"player_experience":627024,"relics_obtained":[{"floor":7,"key":"Torii"},{"floor":9,"key":"Mummified Hand"},{"floor":12,"key":"Ancient Tea Set"},{"floor":14,"key":"Whetstone"},{"floor":23,"key":"DataDisk"},{"floor":23,"key":"Molten Egg 2"},{"floor":26,"key":"Tiny Chest"},{"floor":27,"key":"Centennial Puzzle"},{"floor":27,"key":"MawBank"},{"floor":31,"key":"Vajra"},{"floor":31,"key":"Bottled Flame"},{"floor":37,"key":"Shovel"},{"floor":40,"key":"PreservedInsect"},{"floor":41,"key":"Smiling Mask"},{"floor":41,"key":"Frozen Egg 2"},{"floor":43,"key":"Ice Cream"},{"floor":46,"key":"Unceasing Top"},{"floor":49,"key":"Shuriken"}],"event_choices":[{"damage_healed":0,"gold_gain":0,"player_choice":"Got Potions","damage_taken":0,"max_hp_gain":0,"max_hp_loss":0,"event_name":"Lab","floor":3,"gold_loss":0},{"damage_healed":0,"gold_gain":75,"player_choice":"Gather Gold","damage_taken":11,"max_hp_gain":0,"max_hp_loss":0,"event_name":"World of Goop","floor":11,"gold_loss":0},{"damage_healed":0,"gold_gain":0,"player_choice":"Searched \u00271\u0027 times","damage_taken":0,"max_hp_gain":0,"max_hp_loss":0,"event_name":"Dead Adventurer","floor":12,"gold_loss":0},{"damage_healed":0,"gold_gain":0,"player_choice":"Joined the Cult","damage_taken":6,"max_hp_gain":0,"max_hp_loss":0,"event_name":"Nest","floor":20,"gold_loss":0,"cards_obtained":["RitualDagger"]},{"damage_healed":0,"gold_gain":0,"player_choice":"Inject Mutagens","damage_taken":0,"relics_obtained":["MutagenicStrength"],"max_hp_gain":0,"max_hp_loss":0,"event_name":"Drug Dealer","floor":21,"gold_loss":0},{"damage_healed":0,"gold_gain":0,"player_choice":"0 cards matched","damage_taken":0,"max_hp_gain":0,"max_hp_loss":0,"event_name":"Match and Keep!","floor":22,"gold_loss":0,"cards_obtained":[]},{"damage_healed":0,"gold_gain":0,"player_choice":"Upgrade","damage_taken":0,"max_hp_gain":0,"max_hp_loss":0,"event_name":"Designer","floor":38,"gold_loss":40,"cards_upgraded":["Static Discharge"]},{"damage_healed":0,"gold_gain":0,"player_choice":"Memory 1","damage_taken":0,"max_hp_gain":0,"max_hp_loss":0,"event_name":"SensoryStone","floor":45,"gold_loss":0}],"is_beta":false,"boss_relics":[{"not_picked":["Coffee Dripper","Velvet Choker"],"picked":"Black Star"},{"not_picked":["Runic Dome","Lizard Tail"],"picked":"Tiny House"}],"items_purged_floors":[],"is_endless":false,"potions_floor_spawned":[1,4,16,19,23,28,31,36,41,47,48],"ascension_level":4}