{"gold_per_floor":[116,116,191,38,55,83,83,101,181,181,199,211,211,222,222,325,325,342,242,242,269,117,117,128,163,163,163,181,181],"floor_reached":29,"playtime":3114,"items_purged":["Parasite","Strike_R","Strike_R"],"score":279,"play_id":"a912fb17-5b6a-4d28-ae29-2cfe315a5a0d","local_time":"20180911221351","is_ascension_mode":true,"campfire_choices":[{"floor":7,"key":"REST"},{"floor":13,"key":"REST"},{"floor":15,"key":"REST"},{"data":"Flex","floor":23,"key":"SMITH"},{"floor":27,"key":"REST"}],"neow_cost":"CURSE","seed_source_timestamp":2345743373026960,"circlet_count":0,"master_deck":["Strike_R","Defend_R","Defend_R","Defend_R","Defend_R","Bash","Limit Break+1","Evolve","Inflame","Iron Wave","Heavy Blade","Shockwave","Sword Boomerang","Shrug It Off","Barricade","Shrug It Off","Doubt","Flex+1","Flex","True Grit","Writhe","Heavy Blade","Flex"],"relics":["Burning Blood","Anchor","Letter Opener","Cursed Key","Dream Catcher","Centennial Puzzle","The Courier"],"potions_floor_usage":[11,16,25,29],"damage_taken":[{"damage":10,"enemies":"Cultist","floor":1,"turns":5},{"damage":15,"enemies":"Small Slimes","floor":5,"turns":4},{"damage":40,"enemies":"Lagavulin","floor":6,"turns":8},{"damage":0,"enemies":"Jaw Worm","floor":8,"turns":3},{"damage":13,"enemies":"Gremlin Gang","floor":11,"turns":6},{"damage":21,"enemies":"Large Slime","floor":12,"turns":6},{"damage":9,"enemies":"Blue Slaver","floor":14,"turns":5},{"damage":22,"enemies":"Slime Boss","floor":16,"turns":7},{"damage":2,"enemies":"Chosen","floor":18,"turns":4},{"damage":14,"enemies":"Shell Parasite","floor":24,"turns":6},{"damage":33,"enemies":"Book of Stabbing","floor":25,"turns":6},{"damage":41,"enemies":"Chosen and Byrds","floor":28,"turns":6},{"damage":34,"enemies":"Gremlin Leader","floor":29,"turns":3}],"seed_played":"-7038074288334865996","potions_obtained":[{"floor":8,"key":"PowerPotion"},{"floor":11,"key":"Ancient Potion"},{"floor":24,"key":"Weak Potion"},{"floor":28,"key":"SteroidPotion"}],"is_trial":false,"path_per_floor":["M","?","?","$","M","E","R","M","T","?","M","M","R","M","R","B",null,"M","$","?","T","$","R","M","E","T","R","M"],"character_chosen":"IRONCLAD","items_purchased":["Inflame","Flex"],"campfire_rested":4,"item_purchase_floors":[4,22],"current_hp_per_floor":[76,69,58,58,49,15,38,44,44,44,37,22,45,42,65,49,77,77,77,77,77,77,77,69,42,42,65,30,0],"gold":181,"neow_bonus":"THREE_RARE_CARDS","is_prod":false,"is_daily":false,"chose_seed":false,"campfire_upgraded":1,"win_rate":0,"timestamp":1536729231,"path_taken":["M","?","?","$","M","E","R","M","T","?","M","M","R","?","R","BOSS","M","$","?","?","$","R","M","E","T","R","M","E"],"build_version":"2018-09-06","purchased_purges":3,"victory":false,"max_hp_per_floor":[80,80,80,77,77,77,77,77,77,77,77,77,77,77,77,77,77,77,77,77,77,77,77,77,77,77,77,77,77],"card_choices":[{"not_picked":["Double Tap","Berserk"],"picked":"Limit Break","floor":0},{"not_picked":["Corruption","Warcry"],"picked":"Evolve","floor":1},{"not_picked":["Pummel","Bloodletting"],"picked":"Iron Wave","floor":5},{"not_picked":["Havoc","Flex"],"picked":"Heavy Blade","floor":6},{"not_picked":["Rupture","Armaments"],"picked":"Shockwave","floor":8},{"not_picked":["Hemokinesis","Metallicize"],"picked":"Sword Boomerang","floor":11},{"not_picked":["Havoc","Headbutt"],"picked":"Shrug It Off","floor":12},{"not_picked":["Anger","Havoc","Iron Wave"],"picked":"SKIP","floor":14},{"not_picked":["Fiend Fire","Bludgeon"],"picked":"Barricade","floor":16},{"not_picked":["Carnage","Thunderclap"],"picked":"Shrug It Off","floor":18},{"not_picked":["Uppercut","Havoc"],"picked":"Flex","floor":24},{"not_picked":["Clash","Cleave"],"picked":"True Grit","floor":25},{"not_picked":["Cleave+1","Blood for Blood"],"picked":"Heavy Blade","floor":27},{"not_picked":["Searing Blow","Combust"],"picked":"Flex","floor":28}],"player_experience":177951,"relics_obtained":[{"floor":6,"key":"Anchor"},{"floor":9,"key":"Letter Opener"},{"floor":21,"key":"Dream Catcher"},{"floor":25,"key":"Centennial Puzzle"},{"floor":26,"key":"The Courier"}],"event_choices":[{"event_name":"Golden Wing","player_choice":"Card Removal","floor":2,"damage_taken":0},{"event_name":"World of Goop","player_choice":"Gather Gold","floor":3,"damage_taken":0},{"event_name":"Living Wall","player_choice":"Grow","floor":10,"damage_taken":0},{"event_name":"Back to Basics","player_choice":"Elegance","floor":20,"damage_taken":0}],"is_beta":false,"boss_relics":[{"not_picked":["Calling Bell","Coffee Dripper"],"picked":"Cursed Key"}],"items_purged_floors":[4,19,22],"is_endless":false,"potions_floor_spawned":[8,11,24,28],"killed_by":"Gremlin Leader","ascension_level":3}