{"gold_per_floor":[117,117,21,21,42,42,77,77,77,116,136,136,156,190,190,321,321,344,364,279,299,322,322,366,389,389,413,413,14,14,39,39,170,170,188,56,56,74,88,88,103,103,129,169,169,169,194,217,217,217,217,217,62,100,100],"floor_reached":56,"playtime":5396,"items_purged":["Strike_B"],"score":1600,"play_id":"35c79e4e-834e-4624-8f2e-38b16f198aed","local_time":"20190221171655","is_ascension_mode":true,"campfire_choices":[{"data":"Dualcast","floor":6.0,"key":"SMITH"},{"data":"Barrage","floor":8.0,"key":"SMITH"},{"data":"Loop","floor":12.0,"key":"SMITH"},{"data":"Static Discharge","floor":15.0,"key":"SMITH"},{"floor":23.0,"key":"REST"},{"data":"Buffer","floor":28.0,"key":"SMITH"},{"floor":32.0,"key":"REST"},{"data":"Echo Form","floor":40.0,"key":"SMITH"},{"data":"Go for the Eyes","floor":42.0,"key":"SMITH"},{"data":"Defragment","floor":46.0,"key":"SMITH"},{"floor":49.0,"key":"RECALL"},{"data":"Machine Learning","floor":52.0,"key":"SMITH"}],"neow_cost":"NONE","seed_source_timestamp":0,"circlet_count":0,"master_deck":["Defend_B","Defend_B","Defend_B","Defend_B","Zap+1","Dualcast+1","Sweeping Beam","Leap","Glacier","Barrage+1","Conserve Battery","Loop+1","Static Discharge+1","Echo Form+1","Buffer+1","Cold Snap","Biased Cognition","Chaos+1","Self Repair","Leap+1","Steam+1","Clumsy","Defragment+1","Cold Snap","Conserve Battery+1","Capacitor","Machine Learning+1","Undo+1","Capacitor+1","Cold Snap+1","Skim+1","Go for the Eyes+1","Blizzard+1","Coolheaded+1","Regret","Dark Shackles+1","Steam Power+1","Loop","Stack+1"],"special_seed":0,"relics":["Cracked Core","Golden Idol","CultistMask","Gambling Chip","Centennial Puzzle","Lantern","Du-Vu Doll","Cursed Key","Toxic Egg 2","Happy Flower","Bag of Marbles","Runic Capacitor","Astrolabe","Meat on the Bone","Blood Vial"],"potions_floor_usage":[55,55],"damage_taken":[{"damage":9.0,"enemies":"2 Louse","floor":1.0,"turns":2.0},{"damage":3.0,"enemies":"Small Slimes","floor":5.0,"turns":2.0},{"damage":14.0,"enemies":"Gremlin Nob","floor":7.0,"turns":5.0},{"damage":5.0,"enemies":"3 Sentries","floor":10.0,"turns":6.0},{"damage":0.0,"enemies":"Cultist","floor":11.0,"turns":3.0},{"damage":0.0,"enemies":"Lots of Slimes","floor":13.0,"turns":4.0},{"damage":0.0,"enemies":"Lagavulin","floor":14.0,"turns":7.0},{"damage":0.0,"enemies":"Hexaghost","floor":16.0,"turns":11.0},{"damage":11.0,"enemies":"Spheric Guardian","floor":18.0,"turns":4.0},{"damage":1.0,"enemies":"Shell Parasite","floor":19.0,"turns":6.0},{"damage":12.0,"enemies":"Centurion and Healer","floor":21.0,"turns":9.0},{"damage":24.0,"enemies":"Snake Plant","floor":22.0,"turns":2.0},{"damage":26.0,"enemies":"Slavers","floor":24.0,"turns":6.0},{"damage":11.0,"enemies":"Chosen and Byrds","floor":25.0,"turns":5.0},{"damage":9.0,"enemies":"Centurion and Healer","floor":27.0,"turns":7.0},{"damage":0.0,"enemies":"3 Cultists","floor":31.0,"turns":5.0},{"damage":2.0,"enemies":"Champ","floor":33.0,"turns":11.0},{"damage":0.0,"enemies":"Orb Walker","floor":35.0,"turns":6.0},{"damage":6.0,"enemies":"3 Darklings","floor":38.0,"turns":6.0},{"damage":13.0,"enemies":"Writhing Mass","floor":39.0,"turns":5.0},{"damage":2.0,"enemies":"4 Shapes","floor":41.0,"turns":6.0},{"damage":9.0,"enemies":"Nemesis","floor":44.0,"turns":11.0},{"damage":30.0,"enemies":"3 Darklings","floor":47.0,"turns":6.0},{"damage":0.0,"enemies":"Maw","floor":48.0,"turns":8.0},{"damage":0.0,"enemies":"Time Eater","floor":50.0,"turns":14.0},{"damage":36.0,"enemies":"Shield and Spear","floor":54.0,"turns":11.0},{"damage":82,"enemies":"The Heart","floor":55,"turns":11}],"seed_played":"-8615590264651746348","potions_obtained":[{"floor":1.0,"key":"SpeedPotion"},{"floor":7.0,"key":"Strength Potion"},{"floor":11.0,"key":"Swift Potion"},{"floor":21.0,"key":"FairyPotion"},{"floor":22.0,"key":"FocusPotion"},{"floor":24.0,"key":"Ancient Potion"},{"floor":31.0,"key":"EssenceOfSteel"},{"floor":38.0,"key":"LiquidBronze"},{"floor":47.0,"key":"Poison Potion"}],"is_trial":false,"path_per_floor":["M","?","$","?","M","R","E","R","T","E","M","R","M","E","R","B",null,"M","M","?","M","M","R","E","M","T","M","R","$","?","M","R","B",null,"M","$","?","M","M","R","M","R","T","E","?","R","M","M","R","B",null,"R","$","E","B",null],"character_chosen":"DEFECT","items_purchased":["Leap","Weak Potion","Runic Capacitor","Weak Potion","Cold Snap","Conserve Battery+1","Skim+1","Go for the Eyes","Steam Power+1","Loop"],"campfire_rested":2,"item_purchase_floors":[3,3,29,29,29,29,36,36,53,53],"current_hp_per_floor":[59,41,41,41,38,38,24,24,24,19,19,19,19,19,19,19,61,50,49,49,37,13,35,16,12,12,10,10,10,10,17,39,44,67,75,75,75,75,69,69,74,74,74,72,72,72,49,56,56,63,72,72,72,62,20],"gold":100,"neow_bonus":"UPGRADE_CARD","is_prod":false,"is_daily":false,"chose_seed":false,"campfire_upgraded":9,"win_rate":0,"timestamp":1550798215,"path_taken":["M","?","$","?","M","R","E","R","T","E","?","R","M","E","R","BOSS","M","?","?","M","M","R","E","?","T","M","R","$","?","M","R","BOSS","M","$","?","M","M","R","M","R","T","E","?","R","M","M","R","BOSS","R","$","E","BOSS"],"build_version":"2019-01-23","purchased_purges":1,"victory":true,"max_hp_per_floor":[75,75,75,75,75,75,75,75,75,75,75,75,75,75,75,75,75,75,75,75,75,75,75,75,75,75,75,75,75,75,75,75,75,75,75,75,75,75,75,75,75,75,75,75,75,75,75,75,75,75,75,75,75,75,75],"card_choices":[{"not_picked":["Redo","Stack"],"picked":"Sweeping Beam","floor":1.0},{"not_picked":["Go for the Eyes","Turbo"],"picked":"Glacier","floor":5.0},{"not_picked":["Hologram","Force Field"],"picked":"Barrage","floor":7.0},{"not_picked":["Genetic Algorithm","Auto Shields"],"picked":"Conserve Battery","floor":10.0},{"not_picked":["Rebound","Gash"],"picked":"Loop","floor":11.0},{"not_picked":["Beam Cell","Conserve Battery"],"picked":"Static Discharge","floor":13.0},{"not_picked":["Lockon","Rebound"],"picked":"Echo Form","floor":14.0},{"not_picked":["Fission","All For One"],"picked":"Buffer","floor":16.0},{"not_picked":["Ball Lightning+1","Rebound"],"picked":"Cold Snap","floor":18.0},{"not_picked":["BootSequence+1","Hologram"],"picked":"Biased Cognition","floor":19.0},{"not_picked":["Turbo+1","Conserve Battery+1"],"picked":"Chaos+1","floor":21.0},{"not_picked":["Hologram+1","Steam+1"],"picked":"Self Repair","floor":22.0},{"not_picked":["Recycle+1","Melter+1"],"picked":"Leap+1","floor":24.0},{"not_picked":["Cold Snap+1","Barrage"],"picked":"Steam+1","floor":25.0},{"not_picked":["White Noise+1","Skim+1"],"picked":"Defragment","floor":27.0},{"not_picked":["Reboot+1","Static Discharge"],"picked":"Capacitor","floor":31.0},{"not_picked":["Multi-Cast+1","Meteor Strike"],"picked":"Machine Learning","floor":33.0},{"not_picked":["Streamline+1","Rebound+1"],"picked":"Cold Snap+1","floor":35.0},{"not_picked":["Barrage","Cold Snap+1","Self Repair"],"picked":"SKIP","floor":38.0},{"not_picked":["Coolheaded+1","Leap+1"],"picked":"Blizzard+1","floor":39.0},{"not_picked":["Meteor Strike","Rip and Tear"],"picked":"Coolheaded+1","floor":41.0},{"not_picked":["Force Field+1","Go for the Eyes","Heatsinks+1"],"picked":"SKIP","floor":44.0},{"not_picked":["HandOfGreed","Panache"],"picked":"Dark Shackles+1","floor":45.0},{"not_picked":["Redo+1","Leap+1","Static Discharge+1"],"picked":"SKIP","floor":47.0},{"not_picked":["Steam+1","Recycle+1","Doom and Gloom"],"picked":"SKIP","floor":48.0},{"not_picked":["Heatsinks","Turbo+1"],"picked":"Stack+1","floor":54.0}],"player_experience":457245,"relics_obtained":[{"floor":7.0,"key":"Gambling Chip"},{"floor":9.0,"key":"Centennial Puzzle"},{"floor":10.0,"key":"Lantern"},{"floor":14.0,"key":"Du-Vu Doll"},{"floor":24.0,"key":"Happy Flower"},{"floor":26.0,"key":"Bag of Marbles"},{"floor":44.0,"key":"Meat on the Bone"},{"floor":54.0,"key":"Blood Vial"}],"event_choices":[{"damage_healed":0.0,"max_hp_gain":0.0,"max_hp_loss":0.0,"gold_gain":0.0,"event_name":"Golden Idol","player_choice":"Take Damage","floor":2.0,"gold_loss":0.0,"damage_taken":18.0,"relics_obtained":["Golden Idol"]},{"damage_healed":0.0,"max_hp_gain":0.0,"max_hp_loss":0.0,"gold_gain":0.0,"event_name":"FaceTrader","player_choice":"Trade","floor":4.0,"gold_loss":0.0,"damage_taken":0.0,"relics_obtained":["CultistMask"]},{"damage_healed":0.0,"max_hp_gain":0.0,"max_hp_loss":0.0,"gold_gain":0.0,"event_name":"WeMeetAgain","player_choice":"Paid Gold","floor":20.0,"gold_loss":85.0,"damage_taken":0.0,"relics_obtained":["Toxic Egg 2"]},{"damage_healed":0.0,"max_hp_gain":0.0,"max_hp_loss":0.0,"gold_gain":0.0,"event_name":"Beggar","player_choice":"Ignored","floor":30.0,"gold_loss":0.0,"damage_taken":0.0},{"cards_removed":["Meteor Strike"],"damage_healed":0.0,"max_hp_gain":0.0,"max_hp_loss":0.0,"gold_gain":0.0,"event_name":"Falling","player_choice":"Removed Attack","floor":37.0,"gold_loss":0.0,"damage_taken":0.0},{"damage_healed":0.0,"max_hp_gain":0.0,"max_hp_loss":0.0,"gold_gain":0.0,"event_name":"SensoryStone","player_choice":"Memory 1","floor":45.0,"gold_loss":0.0,"damage_taken":0.0}],"is_beta":false,"boss_relics":[{"not_picked":["Runic Dome","Calling Bell"],"picked":"Cursed Key"},{"not_picked":["Runic Pyramid","Snecko Eye"],"picked":"Astrolabe"}],"items_purged_floors":[29],"is_endless":false,"potions_floor_spawned":[1,7,11,21,22,24,31,38,39,47,54],"ascension_level":6}