{"gold_per_floor":[17,17,17,17,31,56,56,86,111,111,124,155,174,189,189,294,294,310,324,324,324,324,358,19,53,53,53],"floor_reached":27,"playtime":2725,"items_purged":["Defend_B+1"],"score":309,"play_id":"6f2b62a8-faf7-47a0-bf5b-ec82c6295048","local_time":"20190223004102","is_ascension_mode":true,"campfire_choices":[{"floor":7,"key":"REST"},{"data":"Multi-Cast","floor":10,"key":"SMITH"},{"floor":15,"key":"REST"}],"neow_cost":"NO_GOLD","seed_source_timestamp":267515922293463,"circlet_count":0,"master_deck":["Strike_B+1","Strike_B+1","Strike_B+1","Strike_B+1","Defend_B+1","Defend_B+1","Defend_B+1","Zap","Dualcast","Jack Of All Trades","Madness+1","Streamline+1","Cold Snap","Glacier","Multi-Cast+1","Hologram","Sweeping Beam","Steam","Redo","Rainbow","Stack+1","Stack","Reprogram+1","Apotheosis","Capacitor","Beam Cell"],"relics":["Cracked Core","War Paint","Oddly Smooth Stone","DataDisk","Pocketwatch","Runic Dome","Bag of Preparation","Bottled Lightning","Smiling Mask","Thread and Needle"],"potions_floor_usage":[6,12,16,25],"damage_taken":[{"damage":4,"enemies":"2 Louse","floor":1,"turns":3},{"damage":0,"enemies":"Small Slimes","floor":5,"turns":3},{"damage":32,"enemies":"Gremlin Nob","floor":6,"turns":4},{"damage":7,"enemies":"3 Sentries","floor":8,"turns":3},{"damage":0,"enemies":"Cultist","floor":11,"turns":3},{"damage":0,"enemies":"Gremlin Nob","floor":12,"turns":5},{"damage":9,"enemies":"2 Fungi Beasts","floor":13,"turns":2},{"damage":2,"enemies":"Large Slime","floor":14,"turns":5},{"damage":11,"enemies":"Slime Boss","floor":16,"turns":11},{"damage":23,"enemies":"2 Thieves","floor":18,"turns":3},{"damage":1,"enemies":"Spheric Guardian","floor":19,"turns":4},{"damage":25,"enemies":"Book of Stabbing","floor":23,"turns":6},{"damage":23,"enemies":"Slavers","floor":25,"turns":5},{"damage":7,"enemies":"Gremlin Leader","floor":27,"turns":2}],"seed_played":"-452852665488276163","potions_obtained":[{"floor":5,"key":"Strength Potion"},{"floor":6,"key":"SneckoOil"},{"floor":11,"key":"Ancient Potion"},{"floor":12,"key":"GamblersBrew"},{"floor":18,"key":"Swift Potion"},{"floor":23,"key":"Explosive Potion"}],"is_trial":false,"path_per_floor":["M","?","?","?","M","E","R","E","T","R","M","E","M","M","R","B",null,"M","M","?","?","?","E","$","E","T","E"],"character_chosen":"DEFECT","items_purchased":["Apotheosis","Capacitor"],"campfire_rested":2,"item_purchase_floors":[24,24],"current_hp_per_floor":[71,71,71,71,71,39,61,54,54,54,54,54,45,43,65,54,75,52,51,51,51,51,26,26,3,3,0],"gold":53,"neow_bonus":"RANDOM_COLORLESS_2","is_prod":false,"is_daily":false,"chose_seed":false,"campfire_upgraded":1,"win_rate":0,"timestamp":1550904062,"path_taken":["M","?","?","?","M","E","R","E","T","R","M","E","M","M","R","BOSS","M","?","?","?","?","E","$","E","T","E"],"build_version":"2019-01-23","purchased_purges":1,"victory":false,"max_hp_per_floor":[75,75,75,75,75,75,75,75,75,75,75,75,75,75,75,75,75,75,75,75,75,75,75,75,75,75,75],"card_choices":[{"not_picked":["Chill","Loop"],"picked":"Streamline","floor":1},{"not_picked":["Recycle","Lockon"],"picked":"Cold Snap","floor":5},{"not_picked":["Darkness","Barrage"],"picked":"Glacier","floor":6},{"not_picked":["Doom and Gloom","Rip and Tear"],"picked":"Multi-Cast","floor":8},{"not_picked":["Turbo","Ball Lightning"],"picked":"Hologram","floor":11},{"not_picked":["Double Energy","FTL"],"picked":"Sweeping Beam","floor":12},{"not_picked":["Amplify","Stack"],"picked":"Steam","floor":13},{"not_picked":["Gash","Static Discharge"],"picked":"Redo","floor":14},{"not_picked":["Seek","Electrodynamics"],"picked":"Rainbow","floor":16},{"not_picked":["Blizzard","Hologram"],"picked":"Stack+1","floor":18},{"not_picked":["Redo","Rip and Tear"],"picked":"Stack","floor":19},{"not_picked":["Blizzard","Hologram"],"picked":"Reprogram+1","floor":23},{"not_picked":["Glacier","Go for the Eyes"],"picked":"Beam Cell","floor":25}],"player_experience":146073,"relics_obtained":[{"floor":6,"key":"War Paint"},{"floor":8,"key":"Oddly Smooth Stone"},{"floor":9,"key":"DataDisk"},{"floor":12,"key":"Pocketwatch"},{"floor":23,"key":"Bottled Lightning"},{"floor":25,"key":"Smiling Mask"},{"floor":26,"key":"Thread and Needle"}],"event_choices":[{"damage_healed":0,"gold_gain":0,"player_choice":"Leave","damage_taken":0,"max_hp_gain":0,"max_hp_loss":0,"event_name":"The Cleric","floor":2,"gold_loss":0},{"damage_healed":0,"gold_gain":0,"player_choice":"Grow","damage_taken":0,"max_hp_gain":0,"max_hp_loss":0,"event_name":"Living Wall","floor":3,"gold_loss":0,"cards_upgraded":["Madness"]},{"damage_healed":0,"gold_gain":0,"player_choice":"Upgraded","damage_taken":0,"max_hp_gain":0,"max_hp_loss":0,"event_name":"Upgrade Shrine","floor":4,"gold_loss":0,"cards_upgraded":["Streamline"]},{"damage_healed":0,"gold_gain":0,"player_choice":"Opened","damage_taken":0,"relics_obtained":["Bag of Preparation"],"max_hp_gain":0,"max_hp_loss":0,"event_name":"The Mausoleum","floor":20,"gold_loss":0},{"damage_healed":0,"gold_gain":0,"player_choice":"Simplicity","damage_taken":0,"max_hp_gain":0,"max_hp_loss":0,"event_name":"Back to Basics","floor":21,"gold_loss":0,"cards_upgraded":["Strike_B","Strike_B","Strike_B","Strike_B","Defend_B","Defend_B"]},{"damage_healed":0,"gold_gain":0,"player_choice":"Ignored","damage_taken":0,"max_hp_gain":0,"max_hp_loss":0,"event_name":"Ghosts","floor":22,"gold_loss":0}],"is_beta":false,"boss_relics":[{"not_picked":["White Beast Statue","Orrery"],"picked":"Runic Dome"}],"items_purged_floors":[24],"is_endless":false,"potions_floor_spawned":[5,6,11,12,18,23],"killed_by":"Gremlin Leader","ascension_level":1}