{"gold_per_floor":[109,121,121,121,134,134,134,134,134,134,5,21,21,32,32,32],"floor_reached":16,"playtime":1533,"items_purged":["Strike_G"],"score":99,"play_id":"8e3dcfa9-325d-497d-b5f9-2c2e73935a7b","local_time":"20180905202903","is_ascension_mode":true,"campfire_choices":[{"data":"Deflect","floor":6,"key":"SMITH"},{"data":"Neutralize","floor":8,"key":"SMITH"},{"data":"Survivor","floor":10,"key":"SMITH"},{"floor":15,"key":"REST"}],"neow_cost":"NONE","seed_source_timestamp":1822599016693754,"circlet_count":0,"master_deck":["Defend_G+1","Defend_G","Defend_G","Defend_G","Defend_G+1","Strike_G","Strike_G","Strike_G","Survivor+1","Neutralize+1","Acrobatics","Dodge and Roll+1","Deflect+1","Poisoned Stab","Dagger Spray","Poisoned Stab"],"relics":["White Beast Statue","Snake Skull"],"potions_floor_usage":[12,14,16,16,16],"damage_taken":[{"damage":0,"enemies":"Jaw Worm","floor":1,"turns":6},{"damage":8,"enemies":"Small Slimes","floor":2,"turns":6},{"damage":1,"enemies":"Cultist","floor":5,"turns":5},{"damage":2,"enemies":"Blue Slaver","floor":12,"turns":4},{"damage":8,"enemies":"Large Slime","floor":14,"turns":8},{"damage":56,"enemies":"Slime Boss","floor":16,"turns":14}],"seed_played":"-4930038554076635372","potions_obtained":[{"floor":1,"key":"Energy Potion"},{"floor":2,"key":"Ancient Potion"},{"floor":5,"key":"SkillPotion"},{"floor":12,"key":"Block Potion"},{"floor":14,"key":"Energy Potion"}],"is_trial":false,"path_per_floor":["M","M","?","?","M","R","?","R","T","R","$","M","?","M","R"],"character_chosen":"THE_SILENT","items_purchased":["Poisoned Stab"],"campfire_rested":1,"item_purchase_floors":[11],"current_hp_per_floor":[70,62,55,55,54,54,59,59,59,59,59,57,42,34,56,0],"gold":32,"neow_bonus":"BOSS_RELIC","is_prod":false,"is_daily":false,"chose_seed":false,"campfire_upgraded":3,"win_rate":0,"timestamp":1536204543,"path_taken":["M","M","?","?","?","R","?","R","T","R","?","M","?","M","R","BOSS"],"build_version":"2018-08-30","purchased_purges":1,"victory":false,"max_hp_per_floor":[70,70,70,70,70,70,75,75,75,75,75,75,75,75,75,75],"card_choices":[{"not_picked":["Quick Slash","Prepared"],"picked":"Acrobatics","floor":1},{"not_picked":["Deflect","Caltrops"],"picked":"Dodge and Roll","floor":2},{"not_picked":["Slice","Prepared"],"picked":"Deflect","floor":5},{"not_picked":["Calculated Gamble","Slice"],"picked":"Dagger Spray","floor":12},{"not_picked":["Prepared","Sucker Punch"],"picked":"Poisoned Stab","floor":14}],"player_experience":156163,"relics_obtained":[{"floor":9,"key":"Snake Skull"}],"event_choices":[{"event_name":"Golden Wing","player_choice":"Card Removal","floor":3,"damage_taken":0},{"event_name":"Living Wall","player_choice":"Grow","floor":4,"damage_taken":0},{"event_name":"Big Fish","player_choice":"Donut","floor":7,"damage_taken":0},{"event_name":"Shining Light","player_choice":"Entered Light","floor":13,"damage_taken":0}],"is_beta":false,"boss_relics":[],"items_purged_floors":[11],"is_endless":false,"potions_floor_spawned":[1,2,5,12,14],"killed_by":"Slime Boss","ascension_level":2}