{"gold_per_floor":[147,160,160,170,170,170,181,181,207,227,3,38,38,51,51,154,154,174,110,125,136,188,188,188,188,212,174,273,288,288,288,288,288],"floor_reached":33,"playtime":1843,"items_purged":["Strike_R","Strike_R"],"score":319,"play_id":"4a3d313d-a103-4ce6-b906-2be83b4256b9","local_time":"20190227200113","is_ascension_mode":true,"campfire_choices":[{"data":"Sword Boomerang","floor":6.0,"key":"SMITH"},{"data":"Pummel","floor":13,"key":"SMITH"},{"data":"Spot Weakness","floor":15,"key":"SMITH"},{"data":"Entrench","floor":23,"key":"SMITH"},{"floor":25,"key":"REST"},{"data":"Limit Break","floor":30,"key":"SMITH"},{"data":"Rage","floor":32,"key":"SMITH"}],"neow_cost":"NONE","seed_source_timestamp":0,"circlet_count":0,"master_deck":["Strike_R","Defend_R","Defend_R","Defend_R","Defend_R","Bash","Sword Boomerang+1","Entrench+1","Pummel+1","Spot Weakness+1","Pummel","Reaper","Limit Break+1","Rage+1","Flex"],"special_seed":0,"relics":["Burning Blood","Tiny Chest","Ancient Tea Set","Dream Catcher","Membership Card","Mummified Hand","Runic Pyramid","Juzu Bracelet","Enchiridion","MawBank"],"potions_floor_usage":[12,21,33],"damage_taken":[{"damage":3.0,"enemies":"Jaw Worm","floor":1.0,"turns":6.0},{"damage":4.0,"enemies":"Small Slimes","floor":2.0,"turns":4.0},{"damage":1.0,"enemies":"Cultist","floor":4.0,"turns":3.0},{"damage":0.0,"enemies":"Blue Slaver","floor":7.0,"turns":4.0},{"damage":7.0,"enemies":"Looter","floor":10.0,"turns":4.0},{"damage":20,"enemies":"3 Sentries","floor":12,"turns":5},{"damage":7,"enemies":"Large Slime","floor":14,"turns":2},{"damage":24,"enemies":"Slime Boss","floor":16,"turns":8},{"damage":20,"enemies":"Chosen","floor":18,"turns":5},{"damage":16,"enemies":"Shell Parasite","floor":20,"turns":3},{"damage":38,"enemies":"Shelled Parasite and Fungi","floor":21,"turns":5},{"damage":20,"enemies":"Snecko","floor":29,"turns":5},{"damage":93,"enemies":"Collector","floor":33,"turns":7}],"seed_played":"-7628470566089919163","potions_obtained":[{"floor":2.0,"key":"EssenceOfSteel"},{"floor":4.0,"key":"AttackPotion"},{"floor":10.0,"key":"Weak Potion"},{"floor":21,"key":"Explosive Potion"}],"is_trial":false,"path_per_floor":["?","?","T","T","?","?","?"],"character_chosen":"IRONCLAD","items_purchased":["Membership Card","Spot Weakness","Flex"],"campfire_rested":1,"item_purchase_floors":[11,11,19],"current_hp_per_floor":[75,77,77,80,73,73,79,79,79,78,78,64,64,63,63,74,79,74,74,68,41,41,41,25,49,49,49,49,59,59,59,59,0],"gold":288,"neow_bonus":"RANDOM_COMMON_RELIC","is_prod":false,"is_daily":false,"chose_seed":false,"campfire_upgraded":6,"win_rate":0,"timestamp":1551294073,"path_taken":["M","M","?","M","?","R","M","?","T","M","$","E","R","M","R","BOSS","M","$","M","M","?","R","?","R","T","$","?","M","R","?","R","BOSS"],"build_version":"2019-01-23","purchased_purges":2,"victory":false,"max_hp_per_floor":[80,80,80,80,80,80,80,80,80,80,80,80,80,80,80,80,80,80,80,80,80,80,80,80,80,80,80,80,80,80,80,80,80],"card_choices":[{"not_picked":["Twin Strike","Carnage"],"picked":"Sword Boomerang","floor":1.0},{"not_picked":["Armaments","Headbutt","Thunderclap"],"picked":"SKIP","floor":2.0},{"not_picked":["Dual Wield","Intimidate","Reckless Charge"],"picked":"SKIP","floor":4.0},{"not_picked":["Clash","Armaments"],"picked":"Entrench","floor":7.0},{"not_picked":["Armaments","Twin Strike"],"picked":"Pummel","floor":10.0},{"not_picked":["Wild Strike","Cleave"],"picked":"Pummel","floor":12},{"not_picked":["Anger","Armaments"],"picked":"Reaper","floor":14},{"not_picked":["Fiend Fire","Juggernaut"],"picked":"Limit Break","floor":16},{"not_picked":["Cleave+1","Anger"],"picked":"Rage","floor":18},{"not_picked":["Cleave+1","True Grit","Thunderclap"],"picked":"SKIP","floor":20},{"not_picked":["Sever Soul+1","Fire Breathing","Cleave+1"],"picked":"SKIP","floor":21},{"not_picked":["Anger","Heavy Blade","Evolve+1"],"picked":"SKIP","floor":29}],"player_experience":227750,"relics_obtained":[{"floor":8.0,"key":"Ancient Tea Set"},{"floor":9.0,"key":"Dream Catcher"},{"floor":12,"key":"Mummified Hand"},{"floor":22,"key":"Juzu Bracelet"},{"floor":24,"key":"Enchiridion"},{"floor":26,"key":"MawBank"}],"event_choices":[{"cards_removed":["Strike_R"],"damage_healed":0.0,"max_hp_gain":0.0,"max_hp_loss":0.0,"gold_gain":0.0,"event_name":"Living Wall","player_choice":"Forget","floor":3.0,"gold_loss":0.0,"damage_taken":0.0},{"cards_removed":["Strike_R"],"damage_healed":0.0,"max_hp_gain":0.0,"max_hp_loss":0.0,"gold_gain":0.0,"event_name":"Golden Wing","player_choice":"Card Removal","floor":5.0,"gold_loss":0.0,"damage_taken":7.0},{"damage_healed":0,"gold_gain":0,"player_choice":"Obtained Book","damage_taken":16,"max_hp_gain":0,"max_hp_loss":0,"event_name":"Cursed Tome","floor":24,"gold_loss":0},{"damage_healed":0,"gold_gain":99,"player_choice":"Stole From Cult","damage_taken":0,"max_hp_gain":0,"max_hp_loss":0,"event_name":"Nest","floor":28,"gold_loss":0},{"damage_healed":0,"gold_gain":0,"player_choice":"Ignored","damage_taken":0,"max_hp_gain":0,"max_hp_loss":0,"event_name":"Vampires","floor":31,"gold_loss":0}],"is_beta":false,"boss_relics":[{"not_picked":["Sozu","Runic Dome"],"picked":"Runic Pyramid"}],"items_purged_floors":[19,27],"is_endless":false,"potions_floor_spawned":[2,4,10,21],"killed_by":"Collector","ascension_level":6}