{"gold_per_floor":[111,111,131,131,143,175,175,187,187,211,148,148,148,168,168,168],"floor_reached":16,"playtime":1593,"items_purged":["Strike_R"],"score":102,"play_id":"a7d08099-3475-4fac-a484-3e24344e4139","local_time":"20180801000447","is_ascension_mode":false,"campfire_choices":[{"floor":7.0,"key":"REST"},{"floor":12,"key":"REST"},{"floor":15,"key":"REST"}],"neow_cost":"NONE","seed_source_timestamp":0,"circlet_count":0,"master_deck":["Strike_R","Strike_R","Strike_R","Strike_R","Defend_R","Defend_R+1","Defend_R+1","Defend_R","Bash","True Grit","Disarm","Entrench","Cleave","Sever Soul","Body Slam","Power Through","Pommel Strike","Carnage","Twin Strike","Pommel Strike"],"special_seed":0,"relics":["Burning Blood","Dream Catcher","MawBank","Ornamental Fan"],"potions_floor_usage":[16],"damage_taken":[{"damage":5.0,"enemies":"Small Slimes","floor":1.0,"turns":4.0},{"damage":0.0,"enemies":"2 Louse","floor":3.0,"turns":3.0},{"damage":18.0,"enemies":"Jaw Worm","floor":5.0,"turns":5.0},{"damage":54.0,"enemies":"Lagavulin","floor":6.0,"turns":14.0},{"damage":22.0,"enemies":"Lots of Slimes","floor":8.0,"turns":5.0},{"damage":15,"enemies":"Exordium Wildlife","floor":10,"turns":5},{"damage":5,"enemies":"3 Louse","floor":14,"turns":3},{"damage":72,"enemies":"Slime Boss","floor":16,"turns":10}],"seed_played":"-8037371465686661605","potions_obtained":[{"floor":5.0,"key":"Energy Potion"},{"floor":10,"key":"SmokeBomb"},{"floor":14,"key":"EssenceOfSteel"}],"is_trial":false,"path_per_floor":["M","?","M","?","M","E","R","M","T","M","$","R","?","M","R"],"character_chosen":"IRONCLAD","items_purchased":[],"campfire_rested":3,"item_purchase_floors":[],"current_hp_per_floor":[80,64,70,75,63,15,40,24,24,15,15,40,40,41,66,0],"gold":168,"neow_bonus":"THREE_CARDS","is_prod":false,"is_daily":false,"chose_seed":false,"campfire_upgraded":0,"win_rate":0,"timestamp":1533107087,"path_taken":["M","?","?","?","?","E","R","M","T","M","$","R","?","M","R","BOSS"],"build_version":"2018-07-26","purchased_purges":1,"victory":false,"max_hp_per_floor":[80,80,80,85,85,85,85,85,85,85,85,85,85,85,85,85],"card_choices":[{"not_picked":["Searing Blow","Seeing Red"],"picked":"True Grit","floor":0.0},{"not_picked":["Clash","Rampage"],"picked":"Disarm","floor":1.0},{"not_picked":["Clothesline","Carnage"],"picked":"Entrench","floor":3.0},{"not_picked":["Bloodletting","Sword Boomerang"],"picked":"Cleave","floor":5.0},{"not_picked":["Warcry","Sword Boomerang"],"picked":"Sever Soul","floor":6.0},{"not_picked":["Dropkick","True Grit"],"picked":"Body Slam","floor":7.0},{"not_picked":["Rupture","Dropkick"],"picked":"Power Through","floor":8.0},{"not_picked":["Body Slam","Clothesline"],"picked":"Pommel Strike","floor":10},{"not_picked":["Perfected Strike","Rupture"],"picked":"Carnage","floor":12},{"not_picked":["Rampage","Heavy Blade"],"picked":"Twin Strike","floor":14},{"not_picked":["Pummel","Sword Boomerang"],"picked":"Pommel Strike","floor":15}],"player_experience":17688,"relics_obtained":[{"floor":6.0,"key":"Dream Catcher"},{"floor":9.0,"key":"MawBank"}],"event_choices":[{"event_name":"Shining Light","player_choice":"Entered Light","floor":2.0,"damage_taken":0.0},{"event_name":"Big Fish","player_choice":"Donut","floor":4.0,"damage_taken":0.0},{"event_name":"WeMeetAgain","player_choice":"Potion","floor":13,"damage_taken":0}],"is_beta":false,"boss_relics":[],"items_purged_floors":[11],"is_endless":false,"potions_floor_spawned":[5,10,14],"killed_by":"Slime Boss","ascension_level":0}