{"gold_per_floor":[115,128,403,418,343,343,359,7,7,82,82,111,130,31,31,105,105,115,144,144,158,172,172,172,189,241,71,71,71,98,10,10,88,88,102,324,324,139,139,139,164,174,198,198,44,44,58,68,68,68],"floor_reached":50,"playtime":2514,"items_purged":["Regret","Regret","Strike_R","Strike_R","Strike_R","Writhe","Strike_R"],"score":817,"play_id":"ecd952ac-528a-4f90-b9f2-652764ff1b55","local_time":"20190226015125","is_ascension_mode":true,"campfire_choices":[{"data":"Bash","floor":6,"key":"SMITH"},{"data":"True Grit","floor":11,"key":"SMITH"},{"data":"Armaments","floor":15,"key":"SMITH"},{"data":"Shockwave","floor":23,"key":"SMITH"},{"data":"True Grit","floor":32,"key":"SMITH"},{"data":"Exhume","floor":40,"key":"SMITH"},{"floor":44,"key":"RECALL"},{"data":"Feel No Pain","floor":46,"key":"SMITH"},{"floor":49,"key":"REST"}],"neow_cost":"CURSE","seed_source_timestamp":328649747099127,"circlet_count":0,"master_deck":["AscendersBane","Defend_R","Defend_R","Defend_R","Bash+1","Cleave","Thunderclap","Headbutt","Pommel Strike","True Grit+1","Flex","Impervious","Armaments+1","Rampage","Offering","Metallicize","Shockwave+1","Shrug It Off+1","True Grit+1","Exhume+1","True Grit+1","Secret Weapon","Battle Trance+1","Sentinel","Feel No Pain+1","Power Through"],"relics":["Burning Blood","Thread and Needle","Membership Card","Juzu Bracelet","Mercury Hourglass","Sozu","Red Mask","Letter Opener","Happy Flower","Oddly Smooth Stone","Centennial Puzzle","Philosopher\u0027s Stone","Paper Frog","Red Skull"],"potions_floor_usage":[12,18,19],"damage_taken":[{"damage":2,"enemies":"Cultist","floor":1,"turns":3},{"damage":3,"enemies":"2 Louse","floor":2,"turns":3},{"damage":4,"enemies":"Small Slimes","floor":4,"turns":4},{"damage":5,"enemies":"Looter","floor":7,"turns":3},{"damage":12,"enemies":"Gremlin Nob","floor":12,"turns":3},{"damage":0,"enemies":"3 Louse","floor":13,"turns":2},{"damage":42,"enemies":"The Guardian","floor":16,"turns":10},{"damage":3,"enemies":"3 Byrds","floor":18,"turns":2},{"damage":12,"enemies":"Masked Bandits","floor":19,"turns":2},{"damage":6,"enemies":"Spheric Guardian","floor":21,"turns":3},{"damage":6,"enemies":"Centurion and Healer","floor":22,"turns":6},{"damage":6,"enemies":"3 Cultists","floor":25,"turns":4},{"damage":52,"enemies":"Collector","floor":33,"turns":10},{"damage":11,"enemies":"3 Darklings","floor":35,"turns":3},{"damage":17,"enemies":"Giant Head","floor":41,"turns":7},{"damage":0,"enemies":"3 Shapes","floor":42,"turns":5},{"damage":6,"enemies":"Jaw Worm Horde","floor":47,"turns":4},{"damage":16,"enemies":"Sphere and 2 Shapes","floor":48,"turns":6},{"damage":80,"enemies":"Time Eater","floor":50,"turns":10}],"seed_played":"-33015075295447424","potions_obtained":[{"floor":2,"key":"Weak Potion"},{"floor":7,"key":"Strength Potion"},{"floor":12,"key":"LiquidBronze"},{"floor":16,"key":"SkillPotion"}],"is_trial":false,"path_per_floor":["M","M","?","M","$","R","M","$","T","?","R","E","M","$","R","B",null,"M","?","?","M","M","R","?","M","T","$","?","?","T","$","R","B",null,"M","?","?","$","?","R","E","M","T","R","$","R","M","M","R","B"],"character_chosen":"IRONCLAD","items_purchased":["Membership Card","Juzu Bracelet","True Grit","Flex","Rampage","True Grit","Oddly Smooth Stone","Secret Weapon","Feel No Pain"],"campfire_rested":1,"item_purchase_floors":[8,8,8,8,14,27,27,38,45],"current_hp_per_floor":[72,75,75,75,75,75,75,75,75,64,64,58,64,64,64,28,63,66,60,60,60,60,60,60,60,60,60,60,60,60,60,60,14,60,55,55,74,74,74,74,63,69,69,69,69,69,69,59,75,0],"gold":68,"neow_bonus":"ONE_RARE_RELIC","is_prod":false,"is_daily":false,"chose_seed":false,"campfire_upgraded":7,"win_rate":0,"timestamp":1551113485,"path_taken":["M","M","?","?","$","R","M","$","T","?","R","E","M","$","R","BOSS","M","?","?","M","M","R","?","M","T","$","?","?","?","?","R","BOSS","M","?","?","$","?","R","E","M","T","R","$","R","M","M","R","BOSS"],"build_version":"2019-01-23","purchased_purges":7,"victory":false,"max_hp_per_floor":[75,75,75,75,75,75,75,75,75,75,75,75,75,75,75,75,75,75,75,75,75,75,75,75,75,75,75,75,75,75,75,75,75,75,75,75,75,75,75,75,75,75,75,75,75,75,75,75,75,75],"card_choices":[{"not_picked":["Pummel","Bloodletting"],"picked":"Cleave","floor":1},{"not_picked":["Blood for Blood","Cleave"],"picked":"Thunderclap","floor":2},{"not_picked":["Flame Barrier","Cleave"],"picked":"Headbutt","floor":4},{"not_picked":["Carnage","Disarm"],"picked":"Pommel Strike","floor":7},{"not_picked":["Reckless Charge","Headbutt"],"picked":"Impervious","floor":12},{"not_picked":["Havoc","Pommel Strike"],"picked":"Armaments","floor":13},{"not_picked":["Brutality","Barricade"],"picked":"Offering","floor":16},{"not_picked":["Pommel Strike","Dropkick"],"picked":"Metallicize","floor":18},{"not_picked":["Cleave","Headbutt","Body Slam"],"picked":"SKIP","floor":21},{"not_picked":["Cleave","Body Slam","Flex"],"picked":"SKIP","floor":22},{"not_picked":["Cleave","Body Slam","Flex"],"picked":"SKIP","floor":22},{"not_picked":["Sword Boomerang","Clothesline"],"picked":"Shrug It Off+1","floor":25},{"not_picked":["Limit Break","Immolate"],"picked":"Exhume","floor":33},{"not_picked":["Sword Boomerang","Metallicize"],"picked":"True Grit+1","floor":35},{"not_picked":["Body Slam","Havoc"],"picked":"Battle Trance+1","floor":41},{"not_picked":["Pommel Strike","Headbutt+1"],"picked":"Sentinel","floor":42},{"not_picked":["Thunderclap","Twin Strike"],"picked":"Power Through","floor":47},{"not_picked":["Anger+1","Pummel","Headbutt+1"],"picked":"SKIP","floor":48}],"player_experience":110727,"relics_obtained":[{"floor":12,"key":"Mercury Hourglass"},{"floor":19,"key":"Red Mask"},{"floor":26,"key":"Happy Flower"},{"floor":30,"key":"Centennial Puzzle"},{"floor":41,"key":"Paper Frog"},{"floor":43,"key":"Red Skull"}],"event_choices":[{"damage_healed":0,"gold_gain":275,"player_choice":"Desecrate","damage_taken":0,"max_hp_gain":0,"max_hp_loss":0,"event_name":"Golden Shrine","floor":3,"gold_loss":0,"cards_obtained":["Regret"]},{"damage_healed":0,"gold_gain":75,"player_choice":"Gather Gold","damage_taken":11,"max_hp_gain":0,"max_hp_loss":0,"event_name":"World of Goop","floor":10,"gold_loss":0},{"damage_healed":0,"gold_gain":0,"player_choice":"Fought Bandits","damage_taken":0,"max_hp_gain":0,"max_hp_loss":0,"event_name":"Masked Bandits","floor":19,"gold_loss":0},{"damage_healed":0,"gold_gain":0,"player_choice":"Read","damage_taken":0,"max_hp_gain":0,"max_hp_loss":0,"event_name":"The Library","floor":20,"gold_loss":0,"cards_obtained":["Shockwave"]},{"damage_healed":0,"gold_gain":0,"player_choice":"Opened","damage_taken":0,"relics_obtained":["Letter Opener"],"max_hp_gain":0,"max_hp_loss":0,"event_name":"The Mausoleum","floor":24,"gold_loss":0},{"cards_removed":["Strike_R"],"damage_healed":0,"gold_gain":0,"player_choice":"Elegance","damage_taken":0,"max_hp_gain":0,"max_hp_loss":0,"event_name":"Back to Basics","floor":28,"gold_loss":0},{"damage_healed":0,"gold_gain":0,"player_choice":"Ignored","damage_taken":0,"max_hp_gain":0,"max_hp_loss":0,"event_name":"Ghosts","floor":29,"gold_loss":0},{"damage_healed":0,"gold_gain":222,"player_choice":"Wore Mask","damage_taken":0,"max_hp_gain":0,"max_hp_loss":0,"event_name":"Tomb of Lord Red Mask","floor":36,"gold_loss":0},{"damage_healed":19,"gold_gain":0,"player_choice":"Writhe","damage_taken":0,"max_hp_gain":0,"max_hp_loss":0,"event_name":"Winding Halls","floor":37,"gold_loss":0,"cards_obtained":["Writhe"]},{"cards_removed":["Defend_R"],"damage_healed":0,"gold_gain":0,"player_choice":"Removed Skill","damage_taken":0,"max_hp_gain":0,"max_hp_loss":0,"event_name":"Falling","floor":39,"gold_loss":0}],"is_beta":false,"boss_relics":[{"not_picked":["Orrery","Ectoplasm"],"picked":"Sozu"},{"not_picked":["Lizard Tail","Runic Pyramid"],"picked":"Philosopher\u0027s Stone"}],"items_purged_floors":[5,8,14,27,31,38,45],"is_endless":false,"potions_floor_spawned":[2,7,12,16,18,25,42,47],"killed_by":"Time Eater","ascension_level":14}