{"gold_per_floor":[109,384,209,221,240,268,279,312,312,312,324,324,355,305,305,410,410,429,429,106,118,132,144,176,176,176,176,176,176,194,227,227,330,330,345,345,1,13,28,28,28,28,28,48,48,48,63,77,77,77],"floor_reached":51,"playtime":3648,"items_purged":["Regret","Strike_R"],"score":912,"play_id":"9b78d994-ad00-4e23-80c3-8b4bb50d03b2","local_time":"20190130115331","is_ascension_mode":true,"campfire_choices":[{"data":"Shockwave","floor":10.0,"key":"SMITH"},{"data":"Clothesline","floor":12.0,"key":"SMITH"},{"data":"Disarm","floor":15.0,"key":"SMITH"},{"data":"True Grit","floor":25.0,"key":"SMITH"},{"data":"Bash","floor":29.0,"key":"SMITH"},{"data":"J.A.X.","floor":32.0,"key":"SMITH"},{"data":"Demon Form","floor":40.0,"key":"SMITH"},{"data":"Offering","floor":42.0,"key":"SMITH"},{"data":"Armaments","floor":49.0,"key":"SMITH"}],"neow_cost":"NONE","seed_source_timestamp":2609784171573,"circlet_count":0,"master_deck":["Strike_R+1","Strike_R+1","Strike_R","Defend_R","Defend_R","Defend_R","Defend_R","Bash+1","Shockwave+1","Armaments+1","Twin Strike","Pummel","Disarm+1","Offering+1","Anger","Clothesline+1","Warcry","Immolate+1","Ghostly Armor","Reaper+1","True Grit+1","Carnage+1","Headbutt+1","Ghostly","Ghostly","Ghostly","Ghostly","Ghostly","J.A.X.+1","Heavy Blade+1","Demon Form+1","Battle Trance+1","Armaments","Master of Strategy"],"special_seed":0,"relics":["Burning Blood","Whetstone","FossilizedHelix","Letter Opener","Molten Egg 2","Sozu","Ornamental Fan","Smiling Mask","Bottled Flame","Magic Flower","Busted Crown","Mercury Hourglass","Pantograph"],"potions_floor_usage":[],"damage_taken":[{"damage":0.0,"enemies":"2 Louse","floor":1.0,"turns":3.0},{"damage":0.0,"enemies":"Cultist","floor":4.0,"turns":4.0},{"damage":0.0,"enemies":"Small Slimes","floor":5.0,"turns":3.0},{"damage":19.0,"enemies":"3 Sentries","floor":6.0,"turns":7.0},{"damage":11.0,"enemies":"Exordium Wildlife","floor":7.0,"turns":5.0},{"damage":20.0,"enemies":"Lagavulin","floor":8.0,"turns":9.0},{"damage":6.0,"enemies":"Looter","floor":11.0,"turns":3.0},{"damage":13.0,"enemies":"3 Sentries","floor":13.0,"turns":4.0},{"damage":40.0,"enemies":"Hexaghost","floor":16.0,"turns":10.0},{"damage":6.0,"enemies":"Spheric Guardian","floor":18.0,"turns":3.0},{"damage":22.0,"enemies":"Colosseum Slavers","floor":19.0,"turns":3.0},{"damage":16.0,"enemies":"Shell Parasite","floor":21.0,"turns":5.0},{"damage":16.0,"enemies":"Chosen and Byrds","floor":22.0,"turns":6.0},{"damage":9.0,"enemies":"Cultist and Chosen","floor":23.0,"turns":7.0},{"damage":29.0,"enemies":"Gremlin Leader","floor":24.0,"turns":6.0},{"damage":9.0,"enemies":"Snake Plant","floor":30.0,"turns":3.0},{"damage":18.0,"enemies":"Book of Stabbing","floor":31.0,"turns":7.0},{"damage":41.0,"enemies":"Collector","floor":33.0,"turns":11.0},{"damage":3.0,"enemies":"3 Shapes","floor":35.0,"turns":3.0},{"damage":1.0,"enemies":"Orb Walker","floor":38.0,"turns":4.0},{"damage":21.0,"enemies":"3 Darklings","floor":39.0,"turns":5.0},{"damage":6.0,"enemies":"Maw","floor":44.0,"turns":6.0},{"damage":7.0,"enemies":"Jaw Worm Horde","floor":47.0,"turns":4.0},{"damage":2.0,"enemies":"Transient","floor":48.0,"turns":5.0},{"damage":20,"enemies":"Time Eater","floor":50,"turns":8}],"seed_played":"6343823669843813753","potions_obtained":[{"floor":1.0,"key":"PowerPotion"},{"floor":5.0,"key":"Explosive Potion"},{"floor":7.0,"key":"Swift Potion"},{"floor":11.0,"key":"SteroidPotion"}],"is_trial":false,"path_per_floor":["M","?","$","M","M","E","M","E","T","R","M","R","E","?","R","B",null,"M","?","$","M","M","M","E","R","T","?","?","R","M","E","R","B",null,"M","?","$","M","M","R","?","R","T","M","$","?","M","M","R","B",null],"character_chosen":"IRONCLAD","items_purchased":["FearPotion","Armaments","Reaper+1","Ornamental Fan","Armaments","Mercury Hourglass"],"campfire_rested":0,"item_purchase_floors":[3,3,20,20,37,37],"current_hp_per_floor":[86,86,86,88,88,75,70,56,56,56,56,56,49,49,49,15,70,70,54,54,54,51,55,53,53,53,44,44,44,41,44,44,44,44,44,44,44,44,32,32,32,32,32,44,44,44,44,44,44,44],"gold":77,"neow_bonus":"TEN_PERCENT_HP_BONUS","is_prod":false,"is_daily":false,"chose_seed":false,"campfire_upgraded":9,"win_rate":0,"timestamp":1548878011,"path_taken":["M","?","$","M","M","E","M","E","T","R","?","R","E","?","R","BOSS","M","?","$","M","M","M","E","R","T","?","?","R","?","E","R","BOSS","M","?","$","M","M","R","?","R","T","M","?","?","?","M","R","BOSS"],"build_version":"2019-01-23","purchased_purges":2,"victory":true,"max_hp_per_floor":[88,88,88,88,88,88,88,88,88,88,88,88,88,88,88,88,88,88,88,88,88,88,88,88,88,88,44,44,44,44,44,44,44,44,44,44,44,44,44,44,44,44,44,44,44,44,44,44,44,44],"card_choices":[{"not_picked":["Evolve","Shrug It Off"],"picked":"Shockwave","floor":1.0},{"not_picked":["Ghostly Armor","Perfected Strike"],"picked":"Twin Strike","floor":4.0},{"not_picked":["Perfected Strike","Twin Strike"],"picked":"Pummel","floor":5.0},{"not_picked":["Burning Pact","True Grit"],"picked":"Disarm","floor":6.0},{"not_picked":["Flex","Shrug It Off"],"picked":"Offering","floor":7.0},{"not_picked":["Hemokinesis","Sword Boomerang"],"picked":"Anger","floor":8.0},{"not_picked":["Twin Strike","Body Slam"],"picked":"Clothesline","floor":11.0},{"not_picked":["Sword Boomerang","Barricade"],"picked":"Warcry","floor":13.0},{"not_picked":["Offering","Juggernaut"],"picked":"Immolate+1","floor":16.0},{"not_picked":["Flex","Clothesline+1"],"picked":"Ghostly Armor","floor":18.0},{"not_picked":["Heavy Blade+1","Second Wind"],"picked":"True Grit","floor":21.0},{"not_picked":["Combust","Pummel+1","Warcry"],"picked":"SKIP","floor":22.0},{"not_picked":["Seeing Red+1","Blood for Blood+1"],"picked":"Carnage+1","floor":23.0},{"not_picked":["Sentinel","Evolve"],"picked":"Headbutt+1","floor":24.0},{"not_picked":["Carnage+1","Perfected Strike+1","Anger+1"],"picked":"SKIP","floor":30.0},{"not_picked":["Immolate+1","Iron Wave+1"],"picked":"Heavy Blade+1","floor":31.0},{"not_picked":["Exhume","Bludgeon+1"],"picked":"Demon Form","floor":33.0},{"not_picked":[],"picked":"Battle Trance+1","floor":35.0},{"not_picked":["Hemokinesis+1"],"picked":"SKIP","floor":38.0},{"not_picked":["Anger+1"],"picked":"SKIP","floor":39.0},{"not_picked":[],"picked":"Master of Strategy","floor":41.0},{"not_picked":["Twin Strike+1"],"picked":"SKIP","floor":44.0},{"not_picked":["Wild Strike+1"],"picked":"SKIP","floor":47.0},{"not_picked":["Clash+1"],"picked":"SKIP","floor":48.0}],"player_experience":402840,"relics_obtained":[{"floor":6.0,"key":"Whetstone"},{"floor":8.0,"key":"FossilizedHelix"},{"floor":9.0,"key":"Letter Opener"},{"floor":13.0,"key":"Molten Egg 2"},{"floor":24.0,"key":"Smiling Mask"},{"floor":26.0,"key":"Bottled Flame"},{"floor":31.0,"key":"Magic Flower"},{"floor":43.0,"key":"Pantograph"}],"event_choices":[{"damage_healed":0.0,"max_hp_gain":0.0,"max_hp_loss":0.0,"gold_gain":275.0,"event_name":"Golden Shrine","player_choice":"Desecrate","floor":2.0,"gold_loss":0.0,"damage_taken":0.0,"cards_obtained":["Regret"]},{"cards_removed":["Strike_R"],"damage_healed":0.0,"max_hp_gain":0.0,"max_hp_loss":0.0,"gold_gain":0.0,"event_name":"The Cleric","player_choice":"Card Removal","floor":14.0,"gold_loss":50.0,"damage_taken":0.0},{"damage_healed":0.0,"max_hp_gain":0.0,"max_hp_loss":0.0,"gold_gain":0.0,"event_name":"Colosseum","player_choice":"Fight","floor":19.0,"gold_loss":0.0,"damage_taken":0.0},{"damage_healed":0.0,"max_hp_gain":0.0,"max_hp_loss":0.0,"gold_gain":0.0,"event_name":"Colosseum","player_choice":"Fled From Nobs","floor":19.0,"gold_loss":0.0,"damage_taken":0.0},{"damage_healed":0.0,"max_hp_gain":0.0,"max_hp_loss":44.0,"gold_gain":0.0,"event_name":"Ghosts","player_choice":"Became a Ghost","floor":27.0,"gold_loss":0.0,"damage_taken":0.0,"cards_obtained":["Ghostly","Ghostly","Ghostly","Ghostly","Ghostly"]},{"damage_healed":0.0,"max_hp_gain":0.0,"max_hp_loss":0.0,"gold_gain":0.0,"event_name":"Drug Dealer","player_choice":"Obtain J.A.X.","floor":28.0,"gold_loss":0.0,"damage_taken":0.0,"cards_obtained":["J.A.X."]},{"damage_healed":0.0,"max_hp_gain":0.0,"max_hp_loss":0.0,"gold_gain":0.0,"event_name":"Mysterious Sphere","player_choice":"Ignored","floor":36.0,"gold_loss":0.0,"damage_taken":0.0},{"damage_healed":0.0,"max_hp_gain":0.0,"max_hp_loss":0.0,"gold_gain":0.0,"event_name":"SensoryStone","player_choice":"Memory 1","floor":41.0,"gold_loss":0.0,"damage_taken":0.0},{"damage_healed":0.0,"max_hp_gain":0.0,"max_hp_loss":0.0,"gold_gain":0.0,"event_name":"WeMeetAgain","player_choice":"Ignored","floor":46.0,"gold_loss":0.0,"damage_taken":0.0}],"is_beta":false,"boss_relics":[{"not_picked":["Cursed Key","White Beast Statue"],"picked":"Sozu"},{"not_picked":["Runic Pyramid","Eternal Feather"],"picked":"Busted Crown"}],"items_purged_floors":[3,37],"is_endless":false,"potions_floor_spawned":[1,5,7,11,18,23,24,33,38,39,47,48],"ascension_level":7}