{"gold_per_floor":[110,125,125,141,151,151,185,185,185,202,213,213,313,341,341,446,446,459,75,75,75,94,94,109,143,143,143,153,153,164,184,184,280,280,292,292,5,24,42,71,71,71,152,152,167,167,167,167,167,167],"floor_reached":51,"playtime":2799,"items_purged":["Strike_R","Bite"],"score":712,"play_id":"0c7ededf-0523-4137-b78b-894735b2fc3d","local_time":"20190301012334","is_ascension_mode":false,"campfire_choices":[{"data":"Body Slam","floor":6,"key":"SMITH"},{"data":"Feed","floor":8,"key":"SMITH"},{"data":"Demon Form","floor":15,"key":"SMITH"},{"data":"1","floor":23,"key":"LIFT"},{"data":"2","floor":27,"key":"LIFT"},{"data":"3","floor":29,"key":"LIFT"},{"data":"Juggernaut","floor":32,"key":"SMITH"},{"data":"Double Tap","floor":41,"key":"SMITH"},{"data":"Uppercut","floor":42,"key":"SMITH"},{"data":"Metallicize","floor":44,"key":"SMITH"},{"data":"Armaments","floor":46,"key":"SMITH"},{"floor":49,"key":"REST"}],"neow_cost":"NONE","seed_source_timestamp":17411761811402,"circlet_count":0,"master_deck":["Defend_R","Defend_R","Defend_R+1","Defend_R","Bash","Feed+1","Body Slam+1","Demon Form+1","Battle Trance","Offering","Bite","Bite","Armaments+1","Juggernaut+1","Double Tap+1","Metallicize+1","Uppercut+1","Forethought"],"relics":["Burning Blood","Pen Nib","Paper Frog","Charon\u0027s Ashes","Lantern","Snecko Eye","Girya","Red Mask","Calipers","Mark of Pain","Anchor","WingedGreaves","Blue Candle"],"potions_floor_usage":[14,16,16,33,39,50,50],"damage_taken":[{"damage":5,"enemies":"Small Slimes","floor":1,"turns":4},{"damage":0,"enemies":"Cultist","floor":2,"turns":2},{"damage":0,"enemies":"2 Louse","floor":4,"turns":2},{"damage":10,"enemies":"Looter","floor":5,"turns":2},{"damage":34,"enemies":"Lagavulin","floor":7,"turns":8},{"damage":11,"enemies":"Blue Slaver","floor":10,"turns":3},{"damage":10,"enemies":"Lots of Slimes","floor":11,"turns":4},{"damage":20,"enemies":"3 Sentries","floor":14,"turns":6},{"damage":16,"enemies":"The Guardian","floor":16,"turns":9},{"damage":11,"enemies":"Shell Parasite","floor":18,"turns":3},{"damage":13,"enemies":"2 Thieves","floor":22,"turns":4},{"damage":19,"enemies":"3 Cultists","floor":24,"turns":4},{"damage":24,"enemies":"Masked Bandits","floor":25,"turns":4},{"damage":10,"enemies":"Centurion and Healer","floor":28,"turns":6},{"damage":7,"enemies":"Cultist and Chosen","floor":30,"turns":6},{"damage":23,"enemies":"Snecko","floor":31,"turns":4},{"damage":55,"enemies":"Champ","floor":33,"turns":8},{"damage":38,"enemies":"3 Darklings","floor":35,"turns":11},{"damage":0,"enemies":"3 Shapes","floor":38,"turns":3},{"damage":20,"enemies":"Writhing Mass","floor":39,"turns":5},{"damage":23,"enemies":"Nemesis","floor":40,"turns":7},{"damage":32,"enemies":"Jaw Worm Horde","floor":45,"turns":5},{"damage":18,"enemies":"Awakened One","floor":50,"turns":7}],"seed_played":"563679931928940890","potions_obtained":[{"floor":1,"key":"EssenceOfSteel"},{"floor":10,"key":"SpeedPotion"},{"floor":11,"key":"SpeedPotion"},{"floor":16,"key":"Swift Potion"},{"floor":18,"key":"GamblersBrew"},{"floor":24,"key":"Weak Potion"},{"floor":33,"key":"Dexterity Potion"},{"floor":35,"key":"Block Potion"},{"floor":45,"key":"Weak Potion"}],"is_trial":false,"path_per_floor":["M","M","?","M","M","R","E","R","T","M","M","?","?","E","R","B",null,"M","$","?","?","M","R","M","?","T","R","M","R","M","M","R","B",null,"M","?","$","M","M","E","R","R","T","R","M","R","?","?","R","B",null],"character_chosen":"IRONCLAD","items_purchased":["Girya","Anchor","Metallicize"],"campfire_rested":1,"item_purchase_floors":[19,37,37],"current_hp_per_floor":[83,86,69,78,77,77,52,52,52,51,51,39,39,25,25,15,103,102,102,74,74,78,78,80,74,74,74,90,90,90,83,83,61,94,94,94,94,98,94,87,87,87,87,87,69,69,69,69,99,100],"gold":167,"neow_bonus":"ONE_RANDOM_RARE_CARD","is_prod":false,"is_daily":false,"chose_seed":false,"campfire_upgraded":8,"win_rate":0,"timestamp":1551421414,"path_taken":["M","M","?","M","M","R","E","R","T","M","M","?","?","E","R","BOSS","M","$","?","?","M","R","M","?","T","R","M","R","M","M","R","BOSS","M","?","$","M","M","E","R","R","T","R","?","R","?","?","R","BOSS"],"build_version":"2019-01-23","purchased_purges":2,"victory":true,"max_hp_per_floor":[83,86,86,89,92,92,95,95,95,99,103,103,103,103,103,103,103,107,107,74,74,78,78,82,86,86,86,90,90,90,90,90,94,94,94,94,94,98,98,98,98,98,98,98,102,102,102,102,102,106],"card_choices":[{"not_picked":["Fire Breathing","Thunderclap","Iron Wave"],"picked":"SKIP","floor":1},{"not_picked":["Wild Strike","Armaments"],"picked":"Warcry","floor":2},{"not_picked":["Infernal Blade","Flex","True Grit"],"picked":"SKIP","floor":4},{"not_picked":["Combust","Twin Strike"],"picked":"Body Slam","floor":5},{"not_picked":["Intimidate","Pommel Strike"],"picked":"Demon Form","floor":7},{"not_picked":["Thunderclap","Armaments"],"picked":"Battle Trance","floor":10},{"not_picked":["Wild Strike","Twin Strike","Battle Trance"],"picked":"SKIP","floor":11},{"not_picked":["Iron Wave","Perfected Strike","Evolve"],"picked":"SKIP","floor":14},{"not_picked":["Juggernaut","Exhume"],"picked":"Offering","floor":16},{"not_picked":["Sever Soul","Flex","Iron Wave+1"],"picked":"SKIP","floor":18},{"not_picked":["Pommel Strike","Rampage","Anger+1"],"picked":"SKIP","floor":22},{"not_picked":["Second Wind","Clash","Perfected Strike"],"picked":"SKIP","floor":24},{"not_picked":["Dropkick","Sever Soul","Battle Trance"],"picked":"SKIP","floor":28},{"not_picked":["Warcry+1","Power Through"],"picked":"Juggernaut","floor":30},{"not_picked":["Heavy Blade","Inflame+1","Headbutt"],"picked":"SKIP","floor":31},{"not_picked":["Brutality","Feed"],"picked":"Double Tap","floor":33},{"not_picked":["Ghostly Armor","Warcry","Bloodletting+1"],"picked":"SKIP","floor":35},{"not_picked":["Entrench+1","Wild Strike","Anger"],"picked":"SKIP","floor":38},{"not_picked":["Armaments","Heavy Blade"],"picked":"Uppercut","floor":39},{"not_picked":["Flex","Warcry","Headbutt"],"picked":"SKIP","floor":40},{"not_picked":["Spot Weakness","Perfected Strike+1","Iron Wave"],"picked":"SKIP","floor":45}],"player_experience":518059,"relics_obtained":[{"floor":7,"key":"Pen Nib"},{"floor":9,"key":"Paper Frog"},{"floor":14,"key":"Lantern"},{"floor":25,"key":"Red Mask"},{"floor":26,"key":"Calipers"},{"floor":40,"key":"WingedGreaves"},{"floor":43,"key":"Blue Candle"}],"event_choices":[{"damage_healed":0,"gold_gain":0,"player_choice":"Entered Light","damage_taken":17,"max_hp_gain":0,"max_hp_loss":0,"event_name":"Shining Light","floor":3,"gold_loss":0,"cards_upgraded":["Defend_R","Strike_R"]},{"damage_healed":0,"gold_gain":0,"player_choice":"Success","damage_taken":12,"relics_obtained":["Charon\u0027s Ashes"],"max_hp_gain":0,"max_hp_loss":0,"event_name":"Scrap Ooze","floor":12,"gold_loss":0},{"damage_healed":0,"gold_gain":100,"player_choice":"Gold","damage_taken":0,"max_hp_gain":0,"max_hp_loss":0,"event_name":"Wheel of Change","floor":13,"gold_loss":0},{"damage_healed":0,"gold_gain":0,"player_choice":"Became a vampire","damage_taken":0,"max_hp_gain":0,"max_hp_loss":33,"event_name":"Vampires","floor":20,"gold_loss":0,"cards_obtained":["Bite","Bite","Bite","Bite","Bite"]},{"damage_healed":0,"gold_gain":0,"cards_transformed":["Bite","Warcry"],"player_choice":"Became Test Subject","damage_taken":0,"max_hp_gain":0,"max_hp_loss":0,"event_name":"Drug Dealer","floor":21,"gold_loss":0,"cards_obtained":["Panacea","Armaments"]},{"damage_healed":0,"gold_gain":0,"player_choice":"Fought Bandits","damage_taken":0,"max_hp_gain":0,"max_hp_loss":0,"event_name":"Masked Bandits","floor":25,"gold_loss":0},{"damage_healed":0,"gold_gain":0,"player_choice":"Ignored","damage_taken":0,"max_hp_gain":0,"max_hp_loss":0,"event_name":"NoteForYourself","floor":36,"gold_loss":0},{"cards_removed":["Panacea"],"damage_healed":0,"gold_gain":0,"player_choice":"Removed Skill","damage_taken":0,"max_hp_gain":0,"max_hp_loss":0,"event_name":"Falling","floor":47,"gold_loss":0},{"damage_healed":0,"gold_gain":0,"cards_transformed":["Bite"],"player_choice":"Transformed","damage_taken":0,"max_hp_gain":0,"max_hp_loss":0,"event_name":"Transmorgrifier","floor":48,"gold_loss":0,"cards_obtained":["Forethought"]}],"is_beta":false,"boss_relics":[{"not_picked":["Empty Cage","Tiny House"],"picked":"Snecko Eye"},{"not_picked":["Calling Bell","White Beast Statue"],"picked":"Mark of Pain"}],"items_purged_floors":[19,37],"is_endless":false,"potions_floor_spawned":[1,10,11,16,18,24,31,33,35,45],"ascension_level":0}