{"path_per_floor":["M","M","?","?","M","E","R","E","T","T","$","M","R","?","R","B",null,"M","M","?","?","$","R","M","$","T","E","M","R","M","E","R"],"character_chosen":"DEFECT","items_purchased":["Beam Cell","Lee\u0027s Waffle"],"gold_per_floor":[110,123,123,198,217,258,258,293,293,293,42,55,55,55,55,183,183,199,219,219,219,144,144,159,59,109,147,167,167,181,212,212,212],"floor_reached":33,"campfire_rested":3,"playtime":1836,"current_hp_per_floor":[75,75,57,46,46,17,39,19,19,19,82,82,82,87,87,84,87,87,87,71,71,71,71,42,42,42,22,18,44,35,9,35,0],"items_purged":["Strike_B","Strike_B"],"gold":212,"score":293,"play_id":"a132b4a7-4587-4358-8d7b-b1db76097d58","local_time":"20180502212712","is_prod":false,"is_daily":false,"chose_seed":false,"is_ascension_mode":false,"campfire_upgraded":3,"timestamp":1525267632,"path_taken":["M","M","?","?","M","E","R","E","T","?","?","M","R","?","R","BOSS","M","M","?","?","$","R","?","?","T","E","M","R","M","E","R","BOSS"],"build_version":"2018-05-01v2","seed_source_timestamp":297968976123595,"purchased_purges":4,"victory":false,"master_deck":["Strike_B","Defend_B","Defend_B","Defend_B","Defend_B","Zap+1","Dualcast","Chaos+1","Melter","Cold Snap","Rebound","Self Repair","Beam Cell","Cold Snap","Rainbow+1","Hologram+1","Lockon","Necronomicurse","Aggregate+1","Coolheaded"],"max_hp_per_floor":[75,75,75,75,75,75,75,75,75,75,82,82,82,87,87,87,87,87,87,87,87,87,87,87,87,87,87,87,87,87,87,87,87],"relics":["Cracked Core","Golden Idol","Lantern","Toolbox","Anchor","Unceasing Top","Lee\u0027s Waffle","Inserter","Necronomicon","Dream Catcher","Torii","Meat on the Bone"],"card_choices":[{"not_picked":["Barrage","Flux Capacitor"],"picked":"Melter","floor":1},{"not_picked":["Undo","Streamline"],"picked":"Cold Snap","floor":5},{"not_picked":["Tempest","Impulse"],"picked":"Rebound","floor":6},{"not_picked":["Lockon","Heatsinks"],"picked":"Self Repair","floor":8},{"not_picked":["Recycle","Streamline"],"picked":"Cold Snap","floor":12},{"not_picked":["Reboot","Meteor Strike"],"picked":"Rainbow","floor":16},{"not_picked":["Turbo","Barrage"],"picked":"Hologram","floor":18},{"not_picked":["Turbo","Rebound"],"picked":"Lockon","floor":19},{"not_picked":["Rip and Tear","Glacier"],"picked":"Aggregate","floor":28},{"not_picked":["Impulse","Darkness"],"picked":"Coolheaded","floor":30}],"player_experience":23413,"potions_floor_usage":[28,31,33],"damage_taken":[{"damage":0,"enemies":"Small Slimes","floor":1,"turns":3},{"damage":0,"enemies":"2 Louse","floor":2,"turns":2},{"damage":0,"enemies":"Cultist","floor":5,"turns":3},{"damage":29,"enemies":"Gremlin Nob","floor":6,"turns":4},{"damage":20,"enemies":"3 Sentries","floor":8,"turns":8},{"damage":0,"enemies":"Large Slime","floor":12,"turns":4},{"damage":10,"enemies":"Slime Boss","floor":16,"turns":10},{"damage":0,"enemies":"Spheric Guardian","floor":18,"turns":1},{"damage":0,"enemies":"Chosen","floor":19,"turns":5},{"damage":36,"enemies":"3 Cultists","floor":24,"turns":6},{"damage":27,"enemies":"Slavers","floor":27,"turns":5},{"damage":15,"enemies":"Slaver and Parasite","floor":28,"turns":6},{"damage":16,"enemies":"Snake Plant","floor":30,"turns":5},{"damage":33,"enemies":"Book of Stabbing","floor":31,"turns":5},{"damage":61,"enemies":"Automaton","floor":33,"turns":6}],"event_choices":[{"event_name":"Golden Idol","player_choice":"Take Damage","floor":3,"damage_taken":0},{"event_name":"World of Goop","player_choice":"Gather Gold","floor":4,"damage_taken":0},{"event_name":"Big Fish","player_choice":"Donut","floor":14,"damage_taken":0},{"event_name":"Cursed Tome","player_choice":"Obtained Book","floor":20,"damage_taken":0},{"event_name":"Ghosts","player_choice":"Ignored","floor":21,"damage_taken":0}],"boss_relics":[{"not_picked":["Runic Dome","Black Star"],"picked":"Inserter"}],"potions_floor_spawned":[2,8,16,19,31],"seed_played":"-8374390998334146811","killed_by":"Automaton","ascension_level":0,"is_trial":false}