{"gold_per_floor":[115,131,141,20,33,33,95,95,121,147,147,159,170,170,170,268,268,285,302,302,64,64,98,98,123,168,168,168,181,213,224,224,324,324,338,33,51,51,66,66,98,116,116,116,132,82,97,132,132,132],"floor_reached":51,"playtime":4529,"items_purged":["Strike_R"],"score":1031,"play_id":"820824f3-1ed0-4d5a-9e43-31198de6d195","local_time":"20181116115453","is_ascension_mode":true,"campfire_choices":[{"data":"Armaments","floor":6,"key":"SMITH"},{"floor":8,"key":"REST"},{"floor":11,"key":"REST"},{"data":"Demon Form","floor":15,"key":"SMITH"},{"floor":24,"key":"REST"},{"floor":27,"key":"REST"},{"floor":32,"key":"REST"},{"floor":44,"key":"REST"},{"floor":49,"key":"REST"}],"neow_cost":"NONE","seed_source_timestamp":198692863256966,"circlet_count":0,"master_deck":["Strike_R","Strike_R","Strike_R","Strike_R","Defend_R","Defend_R","Defend_R","Defend_R","Bash","Clothesline","Warcry","Whirlwind","Armaments+1","Pommel Strike","Demon Form+1","Headbutt","Offering","True Grit","Pommel Strike","Offering","Impervious","Heavy Blade","Spot Weakness","Limit Break","Heavy Blade","Reaper","Reaper","Madness","Madness","Spot Weakness"],"relics":["Burning Blood","Tiny Chest","Omamori","Red Skull","Fusion Hammer","Nloth\u0027s Gift","Blood Vial","Potion Belt","PreservedInsect","Magic Flower","Matryoshka","Busted Crown","Mango","Ancient Tea Set","Smiling Mask","Ginger","Blue Candle"],"potions_floor_usage":[10,16,30,30,30,30,33,33,33,47,50,50,50],"damage_taken":[{"damage":13,"enemies":"Jaw Worm","floor":1,"turns":4},{"damage":4,"enemies":"Cultist","floor":2,"turns":3},{"damage":5,"enemies":"Small Slimes","floor":3,"turns":4},{"damage":11,"enemies":"Blue Slaver","floor":5,"turns":4},{"damage":47,"enemies":"3 Sentries","floor":7,"turns":7},{"damage":22,"enemies":"Gremlin Nob","floor":10,"turns":4},{"damage":11,"enemies":"Looter","floor":12,"turns":2},{"damage":0,"enemies":"Lots of Slimes","floor":13,"turns":1},{"damage":28,"enemies":"Slime Boss","floor":16,"turns":7},{"damage":31,"enemies":"Spheric Guardian","floor":18,"turns":4},{"damage":9,"enemies":"3 Byrds","floor":19,"turns":4},{"damage":23,"enemies":"Gremlin Leader","floor":23,"turns":4},{"damage":46,"enemies":"Slavers","floor":25,"turns":4},{"damage":12,"enemies":"Centurion and Healer","floor":29,"turns":4},{"damage":13,"enemies":"Book of Stabbing","floor":30,"turns":2},{"damage":20,"enemies":"Shelled Parasite and Fungi","floor":31,"turns":3},{"damage":78,"enemies":"Collector","floor":33,"turns":6},{"damage":11,"enemies":"Orb Walker","floor":35,"turns":3},{"damage":39,"enemies":"3 Darklings","floor":37,"turns":4},{"damage":40,"enemies":"Spire Growth","floor":39,"turns":4},{"damage":16,"enemies":"Nemesis","floor":41,"turns":5},{"damage":38,"enemies":"Transient","floor":42,"turns":5},{"damage":50,"enemies":"Sphere and 2 Shapes","floor":45,"turns":5},{"damage":37,"enemies":"Jaw Worm Horde","floor":47,"turns":4},{"damage":20,"enemies":"Reptomancer","floor":48,"turns":4},{"damage":148,"enemies":"Time Eater","floor":50,"turns":9}],"seed_played":"3808892828454739147","potions_obtained":[{"floor":3,"key":"PowerPotion"},{"floor":7,"key":"LiquidBronze"},{"floor":12,"key":"Explosive Potion"},{"floor":16,"key":"EssenceOfSteel"},{"floor":19,"key":"EntropicBrew"},{"floor":30,"key":"Ancient Potion"},{"floor":31,"key":"Energy Potion"},{"floor":33,"key":"FearPotion"},{"floor":37,"key":"Regen Potion"},{"floor":41,"key":"SpeedPotion"},{"floor":42,"key":"FearPotion"},{"floor":48,"key":"SpeedPotion"}],"is_trial":false,"path_per_floor":["M","M","M","$","M","R","E","R","T","E","R","M","M","?","R","B",null,"M","M","?","$","$","E","R","E","T","R","T","M","E","M","R","B",null,"M","$","M","?","M","$","E","M","T","R","M","$","M","E","R","B",null],"character_chosen":"IRONCLAD","items_purchased":["Whirlwind","Armaments","Offering","Impervious","Mango"],"campfire_rested":7,"item_purchase_floors":[4,4,21,21,36],"current_hp_per_floor":[73,75,76,76,71,71,30,56,56,40,66,61,67,77,77,55,87,62,59,59,59,59,42,71,33,33,62,62,62,61,53,82,16,78,94,108,88,74,58,58,54,81,81,112,85,85,112,112,112,43],"gold":132,"neow_bonus":"TEN_PERCENT_HP_BONUS","is_prod":false,"is_daily":false,"chose_seed":false,"campfire_upgraded":2,"win_rate":0,"timestamp":1542398093,"path_taken":["M","M","M","$","M","R","E","R","T","E","R","M","M","?","R","BOSS","M","M","?","?","$","E","R","E","T","R","?","M","E","?","R","BOSS","M","$","M","?","M","?","E","M","T","R","M","$","M","E","R","BOSS"],"build_version":"2018-11-15","purchased_purges":1,"victory":true,"max_hp_per_floor":[88,88,88,88,88,88,88,88,88,88,88,88,88,98,98,98,98,98,98,98,98,98,98,98,98,98,98,98,98,98,98,98,98,98,98,112,112,112,112,112,112,112,112,112,112,112,112,112,112,112],"card_choices":[{"not_picked":["Cleave","Sentinel"],"picked":"Clothesline","floor":1},{"not_picked":["Rage","Combust","Wild Strike"],"picked":"SKIP","floor":2},{"not_picked":["Twin Strike","Dropkick"],"picked":"Warcry","floor":3},{"not_picked":["Havoc","Wild Strike","Sword Boomerang"],"picked":"SKIP","floor":5},{"not_picked":["Headbutt","Bloodletting"],"picked":"Pommel Strike","floor":7},{"not_picked":["Fire Breathing","Rage","Wild Strike"],"picked":"SKIP","floor":10},{"not_picked":["Anger","Thunderclap"],"picked":"Demon Form","floor":12},{"not_picked":["Sentinel","Combust"],"picked":"Headbutt","floor":13},{"not_picked":["Limit Break","Brutality"],"picked":"Offering","floor":16},{"not_picked":["Sword Boomerang","Whirlwind"],"picked":"True Grit","floor":18},{"not_picked":["Body Slam","Dropkick"],"picked":"Pommel Strike","floor":19},{"not_picked":["Cleave+1","Bludgeon"],"picked":"Heavy Blade","floor":23},{"not_picked":["Iron Wave","True Grit"],"picked":"Spot Weakness","floor":25},{"not_picked":["Armaments","Havoc"],"picked":"Limit Break","floor":29},{"not_picked":["Fire Breathing","Feed","Entrench"],"picked":"SKIP","floor":30},{"not_picked":["Anger","Warcry"],"picked":"Heavy Blade","floor":31},{"not_picked":["Dark Embrace","Double Tap"],"picked":"Reaper","floor":33},{"not_picked":["Heavy Blade"],"picked":"SKIP","floor":35},{"not_picked":[],"picked":"Reaper","floor":37},{"not_picked":[],"picked":"Spot Weakness","floor":39},{"not_picked":["Flex"],"picked":"SKIP","floor":41},{"not_picked":["Perfected Strike"],"picked":"SKIP","floor":42},{"not_picked":["Uppercut"],"picked":"SKIP","floor":45},{"not_picked":["Sword Boomerang+1"],"picked":"SKIP","floor":47},{"not_picked":["Bludgeon"],"picked":"SKIP","floor":48}],"player_experience":256675,"relics_obtained":[{"floor":7,"key":"Tiny Chest"},{"floor":9,"key":"Omamori"},{"floor":10,"key":"Red Skull"},{"floor":23,"key":"Blood Vial"},{"floor":25,"key":"Potion Belt"},{"floor":26,"key":"PreservedInsect"},{"floor":28,"key":"Magic Flower"},{"floor":30,"key":"Matryoshka"},{"floor":41,"key":"Ancient Tea Set"},{"floor":43,"key":"Smiling Mask"},{"floor":43,"key":"Ginger"},{"floor":48,"key":"Blue Candle"}],"event_choices":[{"damage_healed":0,"gold_gain":0,"player_choice":"Box","damage_taken":0,"relics_obtained":["Pear"],"max_hp_gain":0,"max_hp_loss":0,"event_name":"Big Fish","floor":14,"gold_loss":0,"cards_obtained":["Regret"]},{"damage_healed":0,"gold_gain":0,"player_choice":"Traded Relic","damage_taken":0,"relics_obtained":["Nloth\u0027s Gift"],"max_hp_gain":0,"max_hp_loss":0,"event_name":"N\u0027loth","floor":20,"relics_lost":["Pear"],"gold_loss":0},{"damage_healed":0,"gold_gain":0,"player_choice":"Embrace Madness","damage_taken":14,"max_hp_gain":0,"max_hp_loss":0,"event_name":"Winding Halls","floor":38,"gold_loss":0,"cards_obtained":["Madness","Madness"]}],"is_beta":false,"boss_relics":[{"not_picked":["Runic Cube","Empty Cage"],"picked":"Fusion Hammer"},{"not_picked":["Lizard Tail","Eternal Feather"],"picked":"Busted Crown"}],"items_purged_floors":[46],"is_endless":false,"potions_floor_spawned":[3,7,12,16,19,30,31,33,37,41,42,48],"ascension_level":7}