{"gold_per_floor":[118,129,139,139,158,158,158,182,252,252,170,170,188,208,208,329,329,345,345,325,78,99,143,143,186,186,211,56,56,56,56,56,179,179,202,218,343,343,343,343,364,402,414,426,459,62,62,62,62,62],"floor_reached":51,"playtime":4712,"items_purged":["Body Slam"],"score":814,"play_id":"7b8a1d0b-793d-4298-a53a-e7c2d4c7c8be","local_time":"20190224193928","is_ascension_mode":true,"campfire_choices":[{"data":"Armaments","floor":6,"key":"SMITH"},{"data":"Barricade","floor":10,"key":"SMITH"},{"data":"Enlightenment","floor":12,"key":"SMITH"},{"data":"Searing Blow","floor":15,"key":"SMITH"},{"floor":24,"key":"REST"},{"floor":29,"key":"REST"},{"floor":32,"key":"REST"},{"floor":40,"key":"REST"},{"floor":44,"key":"REST"},{"floor":49,"key":"REST"}],"neow_cost":"NONE","seed_source_timestamp":780059315792708,"circlet_count":0,"master_deck":["Bash","Iron Wave","Barricade+1","Whirlwind","Reckless Charge","Carnage","Searing Blow+1","Twin Strike+1","Ghostly Armor","Armaments+1","Enlightenment+1","Battle Trance","Armaments","Searing Blow","True Grit+1","True Grit","Madness","Madness","True Grit+1","Body Slam+1","Shrug It Off+1","Fire Breathing","Flex+1"],"relics":["Pandora\u0027s Box","Golden Idol","Matryoshka","Fusion Hammer","Toy Ornithopter","Dead Branch","Red Skull","Dream Catcher","Letter Opener","Juzu Bracelet","Gremlin Horn","Runic Pyramid","Ginger","MawBank","Orichalcum","Meat on the Bone","Mercury Hourglass"],"potions_floor_usage":[13,16,23,23,35,42,50,50],"damage_taken":[{"damage":1,"enemies":"Cultist","floor":1,"turns":3},{"damage":1,"enemies":"2 Louse","floor":2,"turns":2},{"damage":0,"enemies":"Small Slimes","floor":3,"turns":3},{"damage":0,"enemies":"Blue Slaver","floor":5,"turns":2},{"damage":0,"enemies":"Lots of Slimes","floor":8,"turns":1},{"damage":1,"enemies":"Large Slime","floor":13,"turns":4},{"damage":4,"enemies":"Red Slaver","floor":14,"turns":3},{"damage":21,"enemies":"The Guardian","floor":16,"turns":8},{"damage":11,"enemies":"Shell Parasite","floor":18,"turns":4},{"damage":0,"enemies":"Spheric Guardian","floor":22,"turns":3},{"damage":40,"enemies":"Gremlin Leader","floor":23,"turns":5},{"damage":46,"enemies":"Slavers","floor":25,"turns":9},{"damage":0,"enemies":"Cultist and Chosen","floor":27,"turns":4},{"damage":16,"enemies":"Champ","floor":33,"turns":10},{"damage":1,"enemies":"Orb Walker","floor":35,"turns":3},{"damage":4,"enemies":"3 Shapes","floor":36,"turns":4},{"damage":0,"enemies":"Mind Bloom Boss Battle","floor":37,"turns":5},{"damage":14,"enemies":"Transient","floor":41,"turns":5},{"damage":51,"enemies":"Reptomancer","floor":42,"turns":5},{"damage":26,"enemies":"4 Shapes","floor":45,"turns":9},{"damage":71,"enemies":"Time Eater","floor":50,"turns":10}],"seed_played":"-438117105811982304","potions_obtained":[{"floor":1,"key":"AttackPotion"},{"floor":8,"key":"Block Potion"},{"floor":13,"key":"AttackPotion"},{"floor":16,"key":"PowerPotion"},{"floor":20,"key":"FearPotion"},{"floor":25,"key":"Block Potion"},{"floor":27,"key":"Dexterity Potion"},{"floor":35,"key":"BloodPotion"},{"floor":39,"key":"FairyPotion"},{"floor":42,"key":"Strength Potion"},{"floor":45,"key":"Ancient Potion"}],"is_trial":false,"path_per_floor":["?","?","?","?","M","?","?","?","?","?","?","?"],"character_chosen":"IRONCLAD","items_purchased":["Enlightenment","Armaments","Toy Ornithopter","Juzu Bracelet","Mercury Hourglass","Fire Breathing"],"campfire_rested":6,"item_purchase_floors":[11,21,21,28,46,46],"current_hp_per_floor":[79,78,78,62,62,62,62,62,62,62,62,62,61,57,57,36,74,63,63,63,63,63,33,55,9,9,9,9,31,31,31,53,37,74,74,70,70,61,61,74,60,21,21,43,29,29,29,65,65,18],"gold":62,"neow_bonus":"BOSS_RELIC","is_prod":false,"is_daily":false,"chose_seed":false,"campfire_upgraded":4,"win_rate":0,"timestamp":1551033568,"path_taken":["M","M","M","?","M","R","?","M","T","R","$","R","M","M","R","BOSS","M","?","?","$","?","E","R","E","T","M","$","R","?","?","R","BOSS","M","M","?","?","?","R","M","E","T","R","M","$","?","?","R","BOSS"],"build_version":"2019-01-23","purchased_purges":1,"victory":true,"max_hp_per_floor":[80,80,80,80,80,80,74,74,74,74,74,74,74,74,74,74,74,74,74,74,74,74,74,74,74,74,74,74,74,74,74,74,74,74,74,74,74,74,74,74,74,74,74,74,74,74,74,65,65,65],"card_choices":[{"not_picked":["Rage","True Grit"],"picked":"Armaments","floor":1},{"not_picked":["Shrug It Off","Clash","Anger"],"picked":"SKIP","floor":2},{"not_picked":["Headbutt","Dark Embrace","Cleave"],"picked":"SKIP","floor":3},{"not_picked":["Clash","Infernal Blade","Warcry"],"picked":"SKIP","floor":5},{"not_picked":["Combust","Flex","Corruption"],"picked":"SKIP","floor":8},{"not_picked":["Feel No Pain","Seeing Red","Carnage"],"picked":"SKIP","floor":13},{"not_picked":["Anger","Iron Wave"],"picked":"Battle Trance","floor":14},{"not_picked":["Offering","Fiend Fire"],"picked":"Berserk","floor":16},{"not_picked":["Sword Boomerang","Clash","True Grit"],"picked":"SKIP","floor":18},{"not_picked":["Twin Strike","Armaments","Limit Break"],"picked":"SKIP","floor":22},{"not_picked":["Cleave","Clash"],"picked":"Searing Blow","floor":23},{"not_picked":["Hemokinesis","Blood for Blood","Twin Strike"],"picked":"SKIP","floor":25},{"not_picked":["Pommel Strike","Warcry+1","Fire Breathing+1"],"picked":"SKIP","floor":27},{"not_picked":["Thunderclap+1","Ghostly Armor+1"],"picked":"Body Slam","floor":35},{"not_picked":["Thunderclap","Pommel Strike"],"picked":"True Grit+1","floor":36},{"not_picked":["Uppercut","Twin Strike+1"],"picked":"True Grit","floor":37},{"not_picked":["Blood for Blood+1","Clash+1"],"picked":"True Grit+1","floor":40},{"not_picked":["Combust+1","Iron Wave"],"picked":"Body Slam+1","floor":41},{"not_picked":["Armaments+1","Exhume","Blood for Blood+1"],"picked":"SKIP","floor":42},{"not_picked":["Blood for Blood+1","Cleave+1"],"picked":"Shrug It Off+1","floor":45},{"not_picked":["Shrug It Off+1","Anger+1"],"picked":"Flex+1","floor":49}],"player_experience":213672,"relics_obtained":[{"floor":9,"key":"Matryoshka"},{"floor":23,"key":"Dead Branch"},{"floor":25,"key":"Red Skull"},{"floor":26,"key":"Dream Catcher"},{"floor":26,"key":"Letter Opener"},{"floor":37,"key":"Ginger"},{"floor":42,"key":"MawBank"},{"floor":43,"key":"Orichalcum"},{"floor":43,"key":"Meat on the Bone"}],"event_choices":[{"damage_healed":0,"gold_gain":0,"player_choice":"Entered Light","damage_taken":16,"max_hp_gain":0,"max_hp_loss":0,"event_name":"Shining Light","floor":4,"gold_loss":0,"cards_upgraded":["Exhume","Twin Strike"]},{"damage_healed":0,"gold_gain":0,"player_choice":"Lose Max HP","damage_taken":0,"relics_obtained":["Golden Idol"],"max_hp_gain":0,"max_hp_loss":6,"event_name":"Golden Idol","floor":7,"gold_loss":0},{"cards_removed":["Exhume"],"damage_healed":0,"gold_gain":0,"player_choice":"Elegance","damage_taken":0,"max_hp_gain":0,"max_hp_loss":0,"event_name":"Back to Basics","floor":19,"gold_loss":0},{"damage_healed":0,"gold_gain":0,"player_choice":"Bought 1 Potion","damage_taken":0,"max_hp_gain":0,"max_hp_loss":0,"event_name":"The Woman in Blue","floor":20,"gold_loss":0},{"damage_healed":0,"gold_gain":0,"player_choice":"Ignored","damage_taken":0,"max_hp_gain":0,"max_hp_loss":0,"event_name":"Beggar","floor":30,"gold_loss":0},{"cards_removed":["Berserk"],"damage_healed":0,"gold_gain":0,"player_choice":"Gave Card","damage_taken":0,"relics_obtained":["Gremlin Horn"],"max_hp_gain":0,"max_hp_loss":0,"event_name":"WeMeetAgain","floor":31,"gold_loss":0},{"damage_healed":0,"gold_gain":0,"player_choice":"Fight","damage_taken":0,"max_hp_gain":0,"max_hp_loss":0,"event_name":"MindBloom","floor":37,"gold_loss":0},{"damage_healed":0,"gold_gain":0,"player_choice":"Embrace Madness","damage_taken":9,"max_hp_gain":0,"max_hp_loss":0,"event_name":"Winding Halls","floor":38,"gold_loss":0,"cards_obtained":["Madness","Madness"]},{"damage_healed":0,"gold_gain":0,"player_choice":"Got Potions","damage_taken":0,"max_hp_gain":0,"max_hp_loss":0,"event_name":"Lab","floor":39,"gold_loss":0},{"damage_healed":0,"gold_gain":0,"player_choice":"Ignored","damage_taken":0,"max_hp_gain":0,"max_hp_loss":0,"event_name":"SecretPortal","floor":47,"gold_loss":0},{"damage_healed":65,"gold_gain":0,"player_choice":"Heal","damage_taken":0,"max_hp_gain":0,"max_hp_loss":9,"event_name":"The Moai Head","floor":48,"gold_loss":0}],"is_beta":false,"boss_relics":[{"not_picked":["Sozu","Cursed Key"],"picked":"Fusion Hammer"},{"not_picked":["Tiny House","Runic Cube"],"picked":"Runic Pyramid"}],"items_purged_floors":[46],"is_endless":false,"potions_floor_spawned":[1,8,13,16,25,27,33,35,42,45],"ascension_level":4}