{"gold_per_floor":[118,218,230,155,155,155,46,46,46,46,78,78,88,98,98,201,201,170,47,47,57,77,77,77],"floor_reached":24,"playtime":1466,"items_purged":["Strike_R","Strike_R"],"score":219,"play_id":"9a0aaacd-ae98-4167-a926-89c2916f5ef8","local_time":"20190301021301","is_ascension_mode":false,"campfire_choices":[{"data":"Barricade","floor":6,"key":"SMITH"},{"data":"Entrench","floor":8,"key":"SMITH"},{"data":"Disarm","floor":10,"key":"SMITH"},{"data":"Bash","floor":12,"key":"SMITH"},{"data":"Clothesline","floor":15,"key":"SMITH"}],"neow_cost":"NONE","seed_source_timestamp":21719294048469,"circlet_count":0,"master_deck":["Strike_R","Strike_R","Defend_R","Defend_R","Defend_R","Defend_R","Bash+1","Offering","Shrug It Off","Barricade+1","Entrench+1","Disarm+1","Clothesline+1","Metallicize+1","Shrug It Off","Metallicize+1","Double Tap"],"relics":["Burning Blood","Dodecahedron","Bottled Flame","Mark of Pain"],"potions_floor_usage":[16,24,24,24],"damage_taken":[{"damage":8,"enemies":"Small Slimes","floor":1,"turns":3},{"damage":6,"enemies":"Cultist","floor":3,"turns":2},{"damage":16,"enemies":"3 Sentries","floor":11,"turns":23},{"damage":0,"enemies":"2 Louse","floor":13,"turns":6},{"damage":15,"enemies":"Exordium Thugs","floor":14,"turns":13},{"damage":9,"enemies":"The Guardian","floor":16,"turns":10},{"damage":27,"enemies":"2 Thieves","floor":18,"turns":5},{"damage":0,"enemies":"Chosen","floor":21,"turns":9},{"damage":8,"enemies":"Snake Plant","floor":22,"turns":12},{"damage":66,"enemies":"Cultist and Chosen","floor":24,"turns":15}],"seed_played":"4662027314349665053","potions_obtained":[{"floor":3,"key":"Dexterity Potion"},{"floor":13,"key":"AttackPotion"},{"floor":14,"key":"SteroidPotion"},{"floor":21,"key":"Explosive Potion"}],"is_trial":false,"path_per_floor":["M","?","M","$","?","R","$","R","T","R","E","R","M","M","R","B",null,"M","$","?","M","M","?","M"],"character_chosen":"IRONCLAD","items_purchased":["Entrench","Disarm","Shrug It Off"],"campfire_rested":0,"item_purchase_floors":[7,7,19],"current_hp_per_floor":[78,78,78,78,71,71,71,71,71,71,61,61,67,58,58,55,80,59,59,59,65,63,63,0],"gold":77,"neow_bonus":"ONE_RANDOM_RARE_CARD","is_prod":false,"is_daily":false,"chose_seed":false,"campfire_upgraded":5,"win_rate":0,"timestamp":1551424381,"path_taken":["M","?","M","?","?","R","$","R","T","R","E","R","M","M","R","BOSS","M","$","?","M","?","?","M"],"build_version":"2019-01-23","purchased_purges":2,"victory":false,"max_hp_per_floor":[80,80,80,80,80,80,80,80,80,80,80,80,80,80,80,80,80,80,80,80,80,80,80,80],"card_choices":[{"not_picked":["Perfected Strike","Armaments"],"picked":"Shrug It Off","floor":1},{"not_picked":["Metallicize","Armaments"],"picked":"Barricade","floor":3},{"not_picked":["Perfected Strike","Blood for Blood","Rupture"],"picked":"SKIP","floor":11},{"not_picked":["True Grit","Hemokinesis"],"picked":"Clothesline","floor":13},{"not_picked":["Iron Wave","Thunderclap","Carnage"],"picked":"SKIP","floor":14},{"not_picked":["Flex","Ghostly Armor+1"],"picked":"Metallicize+1","floor":18},{"not_picked":["Iron Wave","Combust","Havoc"],"picked":"SKIP","floor":21},{"not_picked":["Dual Wield","Armaments","Anger"],"picked":"SKIP","floor":22}],"player_experience":520858,"relics_obtained":[{"floor":9,"key":"Dodecahedron"},{"floor":11,"key":"Bottled Flame"}],"event_choices":[{"damage_healed":0,"gold_gain":100,"player_choice":"Gold","damage_taken":0,"max_hp_gain":0,"max_hp_loss":0,"event_name":"Wheel of Change","floor":2,"gold_loss":0},{"cards_removed":["Strike_R"],"damage_healed":0,"gold_gain":0,"player_choice":"Card Removal","damage_taken":7,"max_hp_gain":0,"max_hp_loss":0,"event_name":"Golden Wing","floor":5,"gold_loss":0},{"damage_healed":0,"gold_gain":0,"player_choice":"Copied","damage_taken":0,"max_hp_gain":0,"max_hp_loss":0,"event_name":"Duplicator","floor":20,"gold_loss":0,"cards_obtained":["Metallicize"]},{"damage_healed":0,"gold_gain":0,"player_choice":"1 cards matched","damage_taken":0,"max_hp_gain":0,"max_hp_loss":0,"event_name":"Match and Keep!","floor":23,"gold_loss":0,"cards_obtained":["Double Tap"]}],"is_beta":false,"boss_relics":[{"not_picked":["Calling Bell","Orrery"],"picked":"Mark of Pain"}],"items_purged_floors":[4,19],"is_endless":false,"potions_floor_spawned":[3,13,14,21],"killed_by":"Cultist and Chosen","ascension_level":0}