{"gold_per_floor":[119,131,141,141,157,191,208,227,227,252,262,0,11,11,11,111,111,123,123,142,142,142],"floor_reached":22,"playtime":1458,"items_purged":["Dualcast"],"score":260,"play_id":"6cd4a663-0aae-4545-bd43-e19dbe5fefa4","local_time":"20190218205839","is_ascension_mode":true,"campfire_choices":[{"floor":15,"key":"REST"}],"neow_cost":"NONE","seed_source_timestamp":512674771894685,"circlet_count":0,"master_deck":["Strike_B","Strike_B","Strike_B","Strike_B","Defend_B","Defend_B","Defend_B","Defend_B","Zap","FTL","Capacitor","Conserve Battery","Glacier","Cold Snap","Chrysalis","Buffer","Necronomicurse"],"relics":["Cracked Core","NeowsBlessing","Bottled Flame","Shovel","Happy Flower","Busted Crown","Necronomicon"],"potions_floor_usage":[4,6,6,6,10,10,10,22],"damage_taken":[{"damage":0,"enemies":"Cultist","floor":1,"turns":1},{"damage":0,"enemies":"Small Slimes","floor":2,"turns":1},{"damage":0,"enemies":"Jaw Worm","floor":3,"turns":1},{"damage":15,"enemies":"3 Louse","floor":5,"turns":5},{"damage":7,"enemies":"3 Sentries","floor":6,"turns":8},{"damage":2,"enemies":"Large Slime","floor":7,"turns":5},{"damage":5,"enemies":"2 Fungi Beasts","floor":8,"turns":5},{"damage":10,"enemies":"Lagavulin","floor":10,"turns":6},{"damage":1,"enemies":"Exordium Wildlife","floor":11,"turns":4},{"damage":5,"enemies":"Lots of Slimes","floor":13,"turns":6},{"damage":29,"enemies":"Slime Boss","floor":16,"turns":22},{"damage":18,"enemies":"Chosen","floor":18,"turns":7},{"damage":29,"enemies":"Spheric Guardian","floor":20,"turns":8},{"damage":10,"enemies":"Shelled Parasite and Fungi","floor":22,"turns":5}],"seed_played":"8169369424368273586","potions_obtained":[{"floor":1,"key":"EntropicBrew"},{"floor":2,"key":"Ancient Potion"},{"floor":4,"key":"Fruit Juice"},{"floor":4,"key":"AttackPotion"},{"floor":4,"key":"Fire Potion"},{"floor":5,"key":"Fire Potion"},{"floor":10,"key":"SpeedPotion"},{"floor":16,"key":"EntropicBrew"},{"floor":18,"key":"Swift Potion"}],"is_trial":false,"path_per_floor":["M","M","M","?","M","E","M","M","T","E","M","$","M","$","R","B",null,"M","?","M","?","M"],"character_chosen":"DEFECT","items_purchased":["Chrysalis"],"campfire_rested":1,"item_purchase_floors":[12],"current_hp_per_floor":[68,68,68,73,58,51,49,44,44,34,33,33,28,28,52,23,66,48,32,3,3,0],"gold":142,"neow_bonus":"THREE_ENEMY_KILL","is_prod":false,"is_daily":false,"chose_seed":false,"campfire_upgraded":0,"win_rate":0,"timestamp":1550545119,"path_taken":["M","?","M","?","?","E","M","M","T","E","M","?","M","$","R","BOSS","M","?","M","?","M"],"build_version":"2019-01-23","purchased_purges":1,"victory":false,"max_hp_per_floor":[75,75,75,80,80,80,80,80,80,80,80,80,80,80,80,80,80,80,80,80,80,80],"card_choices":[{"not_picked":["Barrage","Blizzard"],"picked":"FTL","floor":1},{"not_picked":["Ball Lightning","Double Energy"],"picked":"Capacitor","floor":2},{"not_picked":["Rip and Tear","Fusion"],"picked":"Conserve Battery","floor":3},{"not_picked":["Sweeping Beam","Heatsinks"],"picked":"Glacier","floor":5},{"not_picked":["Skim","Double Energy","Melter"],"picked":"SKIP","floor":6},{"not_picked":["Recycle","Undo","Stack"],"picked":"SKIP","floor":7},{"not_picked":["Heatsinks","Reboot"],"picked":"Cold Snap","floor":8},{"not_picked":["Rebound","Scrape","Turbo"],"picked":"SKIP","floor":10},{"not_picked":["Sweeping Beam","Redo","Rebound"],"picked":"SKIP","floor":11},{"not_picked":["Blizzard","Compile Driver","Turbo"],"picked":"SKIP","floor":13},{"not_picked":["Reboot","Machine Learning"],"picked":"Buffer","floor":16},{"not_picked":["Streamline"],"picked":"SKIP","floor":18},{"not_picked":["Gash+1"],"picked":"SKIP","floor":20}],"player_experience":1462935,"relics_obtained":[{"floor":6,"key":"Bottled Flame"},{"floor":9,"key":"Shovel"},{"floor":10,"key":"Happy Flower"},{"floor":19,"key":"Necronomicon"}],"event_choices":[{"damage_healed":0,"gold_gain":0,"player_choice":"Got Potions","damage_taken":0,"max_hp_gain":0,"max_hp_loss":0,"event_name":"Lab","floor":4,"gold_loss":0},{"damage_healed":0,"gold_gain":0,"player_choice":"Obtained Book","damage_taken":16,"max_hp_gain":0,"max_hp_loss":0,"event_name":"Cursed Tome","floor":19,"gold_loss":0},{"damage_healed":0,"gold_gain":0,"player_choice":"Ignored","damage_taken":0,"max_hp_gain":0,"max_hp_loss":0,"event_name":"Ghosts","floor":21,"gold_loss":0}],"is_beta":false,"boss_relics":[{"not_picked":["Ectoplasm","Black Star"],"picked":"Busted Crown"}],"items_purged_floors":[12],"is_endless":false,"potions_floor_spawned":[1,2,5,6,10,16,18],"killed_by":"Shelled Parasite and Fungi","ascension_level":6}