{"gold_per_floor":[109,119,139,156,173,199,199,217,242,18,18,18,18,35,35,137,137,156,174,174,174,174,174,191,58,58,58,74,85,116,116,116,216,216,231,106,206,206,224,252,266,266,266,236,114,114,126,145,145,145],"floor_reached":51,"playtime":2751,"items_purged":["Strike_R","Bash","Shame"],"score":759,"play_id":"9a08b074-b831-48aa-afd0-253f3fd46e6b","local_time":"20190227073122","is_ascension_mode":true,"campfire_choices":[{"data":"Juggernaut","floor":11.0,"key":"SMITH"},{"floor":13.0,"key":"RECALL"},{"data":"Dual Wield","floor":15.0,"key":"SMITH"},{"floor":23.0,"key":"REST"},{"floor":27.0,"key":"REST"},{"floor":32.0,"key":"REST"},{"floor":42,"key":"REST"},{"data":"Barricade","floor":49,"key":"SMITH"}],"neow_cost":"PERCENT_DAMAGE","seed_source_timestamp":435079187500999,"circlet_count":0,"master_deck":["Defend_R","Defend_R+1","Defend_R","Defend_R","Juggernaut+1","Shockwave+1","Battle Trance","Metallicize","Warcry","Warcry","Dual Wield+1","True Grit","Metallicize","Offering","Body Slam+1","Power Through","Bloodletting","Shrug It Off+1","Feel No Pain","Barricade+1","Clumsy","Writhe","Second Wind+1","Corruption"],"special_seed":0,"relics":["Burning Blood","Bottled Lightning","Pantograph","War Paint","Juzu Bracelet","Empty Cage","Enchiridion","Nloth\u0027s Gift","Calling Bell","Blood Vial","Gremlin Horn","Charon\u0027s Ashes","Mango","Ancient Tea Set","Red Skull"],"potions_floor_usage":[33,35,47,47,50,50],"damage_taken":[{"damage":1.0,"enemies":"Cultist","floor":1.0,"turns":4.0},{"damage":0.0,"enemies":"Small Slimes","floor":2.0,"turns":3.0},{"damage":11.0,"enemies":"Jaw Worm","floor":3.0,"turns":4.0},{"damage":17.0,"enemies":"3 Louse","floor":4.0,"turns":4.0},{"damage":4.0,"enemies":"Blue Slaver","floor":5.0,"turns":4.0},{"damage":11.0,"enemies":"Gremlin Nob","floor":6.0,"turns":5.0},{"damage":0.0,"enemies":"Large Slime","floor":8.0,"turns":7.0},{"damage":1.0,"enemies":"Exordium Wildlife","floor":14.0,"turns":5.0},{"damage":19.0,"enemies":"The Guardian","floor":16.0,"turns":13.0},{"damage":10.0,"enemies":"Chosen","floor":18.0,"turns":6.0},{"damage":20.0,"enemies":"3 Byrds","floor":19.0,"turns":6.0},{"damage":38.0,"enemies":"Colosseum Slavers","floor":21.0,"turns":6.0},{"damage":21.0,"enemies":"Shelled Parasite and Fungi","floor":24.0,"turns":7.0},{"damage":15.0,"enemies":"Chosen and Byrds","floor":28.0,"turns":6.0},{"damage":22.0,"enemies":"Sentry and Sphere","floor":29.0,"turns":6.0},{"damage":15.0,"enemies":"Gremlin Leader","floor":30.0,"turns":8.0},{"damage":58,"enemies":"Automaton","floor":33,"turns":9},{"damage":29,"enemies":"3 Darklings","floor":35,"turns":3},{"damage":18,"enemies":"Mind Bloom Boss Battle","floor":37,"turns":12},{"damage":8,"enemies":"3 Shapes","floor":39,"turns":3},{"damage":66,"enemies":"Nemesis","floor":40,"turns":11},{"damage":9,"enemies":"Sphere and 2 Shapes","floor":41,"turns":4},{"damage":6,"enemies":"3 Darklings","floor":47,"turns":4},{"damage":6,"enemies":"Transient","floor":48,"turns":5},{"damage":47,"enemies":"Time Eater","floor":50,"turns":9}],"seed_played":"-5713166512966649066","potions_obtained":[{"floor":1.0,"key":"PowerPotion"},{"floor":2.0,"key":"Weak Potion"},{"floor":5.0,"key":"Block Potion"},{"floor":6.0,"key":"Weak Potion"},{"floor":14.0,"key":"Dexterity Potion"},{"floor":19.0,"key":"SneckoOil"},{"floor":28.0,"key":"Energy Potion"},{"floor":33,"key":"PowerPotion"},{"floor":39,"key":"Poison Potion"},{"floor":44,"key":"AttackPotion"},{"floor":44,"key":"Strength Potion"},{"floor":47,"key":"Weak Potion"}],"is_trial":false,"path_per_floor":["M","M","M","M","M","E","?","M","T","$","R","?","R","M","R","B",null,"M","M","?","?","?","R","M","$","T","R","M","M","E","?","R","B",null,"M","$","?","?","M","E","M","R","T","?","$","?","M","M","R","B",null],"character_chosen":"IRONCLAD","items_purchased":["Juzu Bracelet","Feel No Pain","Corruption","Dexterity Potion"],"campfire_rested":4,"item_purchase_floors":[10,25,45,45],"current_hp_per_floor":[61,67,62,51,53,48,48,54,54,54,54,54,54,59,59,67,80,76,62,46,14,14,38,23,23,23,47,38,22,13,13,37,10,80,57,57,82,82,82,24,23,49,49,49,49,49,51,53,53,39],"gold":145,"neow_bonus":"THREE_RARE_CARDS","is_prod":false,"is_daily":false,"chose_seed":false,"campfire_upgraded":3,"win_rate":0,"timestamp":1551220282,"path_taken":["M","M","?","M","M","E","?","?","T","$","R","?","R","M","R","BOSS","M","M","?","?","?","R","M","$","T","R","M","M","E","?","R","BOSS","M","$","?","?","M","E","M","R","T","?","$","?","M","M","R","BOSS"],"build_version":"2019-01-23","purchased_purges":3,"victory":true,"max_hp_per_floor":[80,80,80,80,80,80,80,80,80,80,80,80,80,80,80,80,80,80,80,80,80,80,80,80,80,80,80,80,80,80,80,80,80,80,80,80,94,89,89,89,89,89,89,89,89,89,89,89,89,89],"card_choices":[{"not_picked":["Double Tap","Bludgeon"],"picked":"Juggernaut","floor":0.0},{"not_picked":["Hemokinesis","Flex"],"picked":"Shockwave","floor":1.0},{"not_picked":["Evolve","Twin Strike"],"picked":"Battle Trance","floor":2.0},{"not_picked":["Disarm","Spot Weakness"],"picked":"Metallicize","floor":3.0},{"not_picked":["Thunderclap","Perfected Strike"],"picked":"Warcry","floor":4.0},{"not_picked":["Anger","Twin Strike"],"picked":"Warcry","floor":5.0},{"not_picked":["Havoc","Heavy Blade"],"picked":"Dual Wield","floor":6.0},{"not_picked":["Shrug It Off","Twin Strike"],"picked":"True Grit","floor":8.0},{"not_picked":["Shockwave","Thunderclap"],"picked":"Metallicize","floor":14.0},{"not_picked":["Demon Form","Reaper"],"picked":"Offering","floor":16.0},{"not_picked":["Headbutt+1","Sentinel+1"],"picked":"Body Slam","floor":18.0},{"not_picked":["Twin Strike+1","Hemokinesis","Anger"],"picked":"SKIP","floor":19.0},{"not_picked":["Havoc","Body Slam"],"picked":"Shrug It Off+1","floor":24.0},{"not_picked":["Bloodletting","Headbutt+1","Heavy Blade"],"picked":"SKIP","floor":28.0},{"not_picked":["Sword Boomerang","Rage","Headbutt"],"picked":"SKIP","floor":29.0},{"not_picked":["Flex","Headbutt","Inflame"],"picked":"SKIP","floor":30.0},{"not_picked":["Dark Embrace","Feed"],"picked":"Barricade","floor":33},{"not_picked":["Whirlwind+1","Shrug It Off","Anger+1"],"picked":"SKIP","floor":35},{"not_picked":["Hemokinesis+1","Entrench"],"picked":"Second Wind+1","floor":37},{"not_picked":["Fire Breathing+1","Second Wind","Cleave"],"picked":"SKIP","floor":39},{"not_picked":["Twin Strike+1","Demon Form","Wild Strike"],"picked":"SKIP","floor":40},{"not_picked":["Pommel Strike+1","Sword Boomerang","Ghostly Armor"],"picked":"SKIP","floor":41},{"not_picked":["Warcry","Pommel Strike","Cleave+1"],"picked":"SKIP","floor":47},{"not_picked":["Armaments","Perfected Strike","Battle Trance+1"],"picked":"SKIP","floor":48}],"player_experience":129317,"relics_obtained":[{"floor":6.0,"key":"Bottled Lightning"},{"floor":9.0,"key":"War Paint"},{"floor":20.0,"key":"Enchiridion"},{"floor":30.0,"key":"Whetstone"},{"floor":34,"key":"Blood Vial"},{"floor":34,"key":"Gremlin Horn"},{"floor":34,"key":"Charon\u0027s Ashes"},{"floor":37,"key":"Mango"},{"floor":40,"key":"Ancient Tea Set"},{"floor":43,"key":"Red Skull"}],"event_choices":[{"damage_healed":0.0,"max_hp_gain":0.0,"max_hp_loss":0.0,"gold_gain":0.0,"event_name":"WeMeetAgain","player_choice":"Gave Potion","floor":7.0,"gold_loss":0.0,"damage_taken":0.0,"relics_obtained":["Pantograph"]},{"damage_healed":0.0,"max_hp_gain":0.0,"max_hp_loss":0.0,"gold_gain":0.0,"event_name":"The Cleric","player_choice":"Leave","floor":12.0,"gold_loss":0.0,"damage_taken":0.0},{"damage_healed":0.0,"max_hp_gain":0.0,"max_hp_loss":0.0,"gold_gain":0.0,"event_name":"Cursed Tome","player_choice":"Obtained Book","floor":20.0,"gold_loss":0.0,"damage_taken":16.0},{"damage_healed":0.0,"max_hp_gain":0.0,"max_hp_loss":0.0,"gold_gain":0.0,"event_name":"Colosseum","player_choice":"Fight","floor":21.0,"gold_loss":0.0,"damage_taken":0.0},{"damage_healed":0.0,"max_hp_gain":0.0,"max_hp_loss":0.0,"gold_gain":0.0,"event_name":"Colosseum","player_choice":"Fled From Nobs","floor":21.0,"gold_loss":0.0,"damage_taken":0.0},{"damage_healed":0.0,"max_hp_gain":0.0,"max_hp_loss":0.0,"gold_gain":0.0,"cards_transformed":["Strike_R","Strike_R"],"event_name":"Drug Dealer","player_choice":"Became Test Subject","floor":22.0,"gold_loss":0.0,"damage_taken":0.0,"cards_obtained":["Power Through","Bloodletting"]},{"damage_healed":0.0,"max_hp_gain":0.0,"max_hp_loss":0.0,"gold_gain":0.0,"event_name":"N\u0027loth","player_choice":"Traded Relic","floor":31.0,"relics_lost":["Whetstone"],"gold_loss":0.0,"damage_taken":0.0,"relics_obtained":["Nloth\u0027s Gift"]},{"damage_healed":0,"gold_gain":0,"player_choice":"Fight","damage_taken":0,"max_hp_gain":0,"max_hp_loss":0,"event_name":"MindBloom","floor":37,"gold_loss":0},{"damage_healed":0,"gold_gain":0,"player_choice":"Max HP","damage_taken":0,"max_hp_gain":0,"max_hp_loss":5,"event_name":"Winding Halls","floor":38,"gold_loss":0},{"damage_healed":0,"gold_gain":0,"player_choice":"Bought 2 Potions","damage_taken":0,"max_hp_gain":0,"max_hp_loss":0,"event_name":"The Woman in Blue","floor":44,"gold_loss":0},{"damage_healed":0,"gold_gain":0,"player_choice":"Got Potions","damage_taken":0,"max_hp_gain":0,"max_hp_loss":0,"event_name":"Lab","floor":46,"gold_loss":0}],"is_beta":false,"boss_relics":[{"not_picked":["Velvet Choker","Black Star"],"picked":"Empty Cage"},{"not_picked":["Black Blood","Astrolabe"],"picked":"Calling Bell"}],"items_purged_floors":[10,25,36],"is_endless":false,"potions_floor_spawned":[1,2,5,6,14,19,28,33,39,47],"ascension_level":1}