{"gold_per_floor":[117,67,79,94,94,121,47,47,47,66,93,93,93,54,54,158,158,174,184,184,197,0,0,0,15,38,65,65,98,98,118,118,214,214,228,125,125,137,148,174,174,274,274,274,284,284,11,38,38,38],"floor_reached":51,"playtime":6379,"items_purged":[],"score":971,"play_id":"7590f13c-daa1-4c1b-a719-b390bf7773fa","local_time":"20181117025122","is_ascension_mode":true,"campfire_choices":[{"floor":8,"key":"REST"},{"floor":12,"key":"REST"},{"floor":15,"key":"REST"},{"floor":23,"key":"REST"},{"floor":28,"key":"REST"},{"data":"Cloak And Dagger","floor":30,"key":"SMITH"},{"floor":32,"key":"REST"},{"floor":41,"key":"REST"},{"floor":44,"key":"REST"},{"floor":49,"key":"REST"}],"neow_cost":"NONE","seed_source_timestamp":250583699737569,"circlet_count":0,"master_deck":["Survivor","Neutralize","Tools of the Trade","PiercingWail","Backstab","Bouncing Flask","Backflip","Well Laid Plans","Cloak And Dagger+1","Infinite Blades","After Image","Endless Agony","Endless Agony","Terror","Noxious Fumes+1","Envenom","PiercingWail","Predator","Sucker Punch","Noxious Fumes","Calculated Gamble","Quick Slash","Bane","Endless Agony","Dagger Spray+1","Dark Shackles","Cloak And Dagger","Bane+1","Endless Agony+1","Finisher"],"relics":["Ring of the Snake","Darkstone Periapt","Mercury Hourglass","Bag of Preparation","WristBlade","Snake Skull","Ninja Scroll","Lantern","Pandora\u0027s Box","Peace Pipe","Gambling Chip","Mummified Hand","Lee\u0027s Waffle","Singing Bowl"],"potions_floor_usage":[27,27,31,33,33,39,39,45,50],"damage_taken":[{"damage":2,"enemies":"2 Louse","floor":1,"turns":4},{"damage":8,"enemies":"Jaw Worm","floor":3,"turns":7},{"damage":3,"enemies":"Small Slimes","floor":4,"turns":4},{"damage":27,"enemies":"3 Sentries","floor":6,"turns":11},{"damage":2,"enemies":"Blue Slaver","floor":10,"turns":3},{"damage":14,"enemies":"Lagavulin","floor":11,"turns":6},{"damage":22,"enemies":"The Guardian","floor":16,"turns":9},{"damage":11,"enemies":"Spheric Guardian","floor":18,"turns":4},{"damage":3,"enemies":"Chosen","floor":19,"turns":4},{"damage":4,"enemies":"Centurion and Healer","floor":21,"turns":6},{"damage":13,"enemies":"Snecko","floor":25,"turns":4},{"damage":6,"enemies":"Gremlin Leader","floor":27,"turns":7},{"damage":28,"enemies":"Slavers","floor":29,"turns":5},{"damage":25,"enemies":"Cultist and Chosen","floor":31,"turns":7},{"damage":31,"enemies":"Automaton","floor":33,"turns":11},{"damage":9,"enemies":"3 Darklings","floor":35,"turns":5},{"damage":0,"enemies":"3 Shapes","floor":38,"turns":2},{"damage":14,"enemies":"Transient","floor":39,"turns":5},{"damage":24,"enemies":"Nemesis","floor":40,"turns":5},{"damage":4,"enemies":"Mind Bloom Boss Battle","floor":42,"turns":5},{"damage":20,"enemies":"Sphere and 2 Shapes","floor":45,"turns":4},{"damage":25,"enemies":"Reptomancer","floor":48,"turns":4},{"damage":44,"enemies":"Donu and Deca","floor":50,"turns":7}],"seed_played":"-1297341610833759136","potions_obtained":[{"floor":3,"key":"GamblersBrew"},{"floor":6,"key":"FairyPotion"},{"floor":16,"key":"EssenceOfSteel"},{"floor":24,"key":"Energy Potion"},{"floor":24,"key":"SkillPotion"},{"floor":27,"key":"Ancient Potion"},{"floor":29,"key":"FearPotion"},{"floor":38,"key":"PowerPotion"},{"floor":39,"key":"Strength Potion"},{"floor":42,"key":"GamblersBrew"}],"is_trial":false,"path_per_floor":["M","?","M","M","?","E","$","R","T","M","E","R","?","$","R","B",null,"M","M","?","M","?","R","?","M","T","E","R","E","R","M","R","B",null,"M","$","?","M","M","E","R","?","T","R","M","?","$","E","R","B",null],"character_chosen":"THE_SILENT","items_purchased":["Well Laid Plans","Infinite Blades","Fruit Juice","Lee\u0027s Waffle","EssenceOfSteel"],"campfire_rested":9,"item_purchase_floors":[7,14,36,47,47],"current_hp_per_floor":[61,61,53,50,43,16,16,37,37,35,21,42,42,42,63,41,63,52,49,49,45,45,66,66,53,53,47,68,40,40,15,36,5,54,45,45,45,45,36,12,34,30,30,52,32,32,82,57,81,37],"gold":38,"neow_bonus":"ONE_RANDOM_RARE_CARD","is_prod":false,"is_daily":false,"chose_seed":false,"campfire_upgraded":1,"win_rate":0,"timestamp":1542451882,"path_taken":["M","?","M","M","?","E","$","R","T","M","E","R","?","$","R","BOSS","M","M","?","M","?","R","?","M","T","E","R","E","R","?","R","BOSS","M","$","?","M","M","E","R","?","T","R","?","?","$","E","R","BOSS"],"build_version":"2018-11-15","purchased_purges":0,"victory":true,"max_hp_per_floor":[70,70,70,70,70,70,70,70,70,70,70,70,70,70,70,70,70,70,70,70,70,70,70,70,70,70,70,70,70,70,70,70,70,70,70,70,70,70,75,75,75,75,75,75,75,75,82,82,82,82],"card_choices":[{"not_picked":["Bane","Expertise"],"picked":"PiercingWail","floor":1},{"not_picked":["Deflect","Distraction"],"picked":"Backstab","floor":3},{"not_picked":["Underhanded Strike","Deadly Poison"],"picked":"Bouncing Flask","floor":4},{"not_picked":["Bane","Acrobatics"],"picked":"Backflip","floor":6},{"not_picked":["Riddle With Holes","Blade Dance"],"picked":"Cloak And Dagger","floor":10},{"not_picked":["Doppelganger","Tactician","Bane"],"picked":"SKIP","floor":11},{"not_picked":["Doppelganger","Malaise"],"picked":"After Image","floor":16},{"not_picked":["Dagger Spray","Sucker Punch+1"],"picked":"Endless Agony","floor":18},{"not_picked":["Choke+1","Skewer"],"picked":"Endless Agony","floor":19},{"not_picked":["Well Laid Plans+1","Poisoned Stab"],"picked":"Terror","floor":21},{"not_picked":["Prepared+1","Sucker Punch","Blade Dance"],"picked":"SKIP","floor":25},{"not_picked":["Catalyst+1","Backflip","Reflex"],"picked":"SKIP","floor":27},{"not_picked":["Deadly Poison","Choke","Calculated Gamble"],"picked":"SKIP","floor":29},{"not_picked":["Sucker Punch","Underhanded Strike"],"picked":"Noxious Fumes+1","floor":31},{"not_picked":["Night Terror","Wraith Form v2"],"picked":"Envenom","floor":33},{"not_picked":["Bouncing Flask","Expertise+1"],"picked":"Dagger Spray+1","floor":35},{"not_picked":["Jack Of All Trades","The Bomb"],"picked":"Dark Shackles","floor":37},{"not_picked":["Blade Dance","Underhanded Strike","Concentrate"],"picked":"SKIP","floor":38},{"not_picked":["All Out Attack+1","Prepared","Glass Knife"],"picked":"SKIP","floor":39},{"not_picked":["Deadly Poison","Poisoned Stab"],"picked":"Cloak And Dagger","floor":40},{"not_picked":["Dodge and Roll","Eviscerate+1"],"picked":"Bane+1","floor":42},{"not_picked":["Dagger Throw","Blade Dance"],"picked":"Endless Agony+1","floor":45},{"not_picked":["Dodge and Roll","Slice"],"picked":"Finisher","floor":48}],"player_experience":269415,"relics_obtained":[{"floor":6,"key":"Darkstone Periapt"},{"floor":9,"key":"Mercury Hourglass"},{"floor":11,"key":"Bag of Preparation"},{"floor":26,"key":"Snake Skull"},{"floor":27,"key":"Ninja Scroll"},{"floor":29,"key":"Lantern"},{"floor":40,"key":"Peace Pipe"},{"floor":42,"key":"Gambling Chip"},{"floor":43,"key":"Mummified Hand"},{"floor":48,"key":"Singing Bowl"}],"event_choices":[{"cards_removed":["Strike_G"],"damage_healed":0,"gold_gain":0,"player_choice":"Card Removal","damage_taken":0,"max_hp_gain":0,"max_hp_loss":0,"event_name":"The Cleric","floor":2,"gold_loss":50},{"cards_removed":["Defend_G"],"damage_healed":0,"gold_gain":0,"player_choice":"Card Removal","damage_taken":7,"max_hp_gain":0,"max_hp_loss":0,"event_name":"Golden Wing","floor":5,"gold_loss":0},{"damage_healed":0,"gold_gain":0,"player_choice":"Ignored","damage_taken":0,"max_hp_gain":0,"max_hp_loss":0,"event_name":"Golden Idol","floor":13,"gold_loss":0},{"damage_healed":0,"gold_gain":0,"player_choice":"Ignored","damage_taken":0,"max_hp_gain":0,"max_hp_loss":0,"event_name":"The Mausoleum","floor":20,"gold_loss":0},{"damage_healed":0,"gold_gain":0,"player_choice":"Paid Fearfully","damage_taken":0,"max_hp_gain":0,"max_hp_loss":0,"event_name":"Masked Bandits","floor":22,"gold_loss":197},{"damage_healed":0,"gold_gain":0,"player_choice":"Got Potions","damage_taken":0,"max_hp_gain":0,"max_hp_loss":0,"event_name":"Lab","floor":24,"gold_loss":0},{"damage_healed":0,"gold_gain":0,"player_choice":"Memory 1","damage_taken":0,"max_hp_gain":0,"max_hp_loss":0,"event_name":"SensoryStone","floor":37,"gold_loss":0},{"damage_healed":0,"gold_gain":0,"player_choice":"Fight","damage_taken":0,"max_hp_gain":0,"max_hp_loss":0,"event_name":"MindBloom","floor":42,"gold_loss":0},{"damage_healed":0,"gold_gain":0,"player_choice":"Ignored","damage_taken":0,"max_hp_gain":0,"max_hp_loss":0,"event_name":"Mysterious Sphere","floor":46,"gold_loss":0}],"is_beta":false,"boss_relics":[{"not_picked":["Velvet Choker","Calling Bell"],"picked":"WristBlade"},{"not_picked":["Empty Cage","HoveringKite"],"picked":"Pandora\u0027s Box"}],"items_purged_floors":[],"is_endless":false,"potions_floor_spawned":[3,6,16,25,27,29,38,39,42],"ascension_level":7}