{"gold_per_floor":[109,124,135,135,8,37,37,51,81,99,99,99,113,141,141,245,245,263,283,306,321,331,331],"floor_reached":23,"playtime":1704,"items_purged":[],"score":312,"play_id":"bab2fcca-8bf7-4380-a686-bfd3ad574bc1","local_time":"20190202101900","is_ascension_mode":true,"campfire_choices":[{"data":"Neutralize","floor":7,"key":"SMITH"},{"data":"Malaise","floor":12,"key":"SMITH"},{"data":"Cloak And Dagger","floor":15,"key":"SMITH"}],"neow_cost":"NONE","seed_source_timestamp":249742753648987,"circlet_count":0,"master_deck":["Defend_G","Defend_G","Defend_G","Defend_G","Defend_G","Strike_G","Strike_G","Strike_G","Strike_G","Strike_G","Survivor","Neutralize+1","Dagger Spray","Dash","Dodge and Roll","Skewer","Cloak And Dagger+1","Malaise+1","Dagger Throw","Backflip","Dagger Spray","Well Laid Plans","Phantasmal Killer","Flechettes","Crippling Poison","Prepared+1"],"relics":["Ring of the Snake","Ancient Tea Set","Tiny Chest","Gremlin Horn","Bottled Lightning","Philosopher\u0027s Stone","Anchor"],"potions_floor_usage":[6,14,14,18,19],"damage_taken":[{"damage":6,"enemies":"Small Slimes","floor":1,"turns":5},{"damage":0,"enemies":"Jaw Worm","floor":2,"turns":5},{"damage":0,"enemies":"Cultist","floor":3,"turns":4},{"damage":23,"enemies":"Gremlin Nob","floor":6,"turns":5},{"damage":0,"enemies":"Exordium Wildlife","floor":8,"turns":4},{"damage":4,"enemies":"2 Fungi Beasts","floor":10,"turns":5},{"damage":2,"enemies":"Large Slime","floor":13,"turns":7},{"damage":13,"enemies":"Lagavulin","floor":14,"turns":10},{"damage":12,"enemies":"The Guardian","floor":16,"turns":19},{"damage":16,"enemies":"Spheric Guardian","floor":18,"turns":4},{"damage":0,"enemies":"3 Byrds","floor":19,"turns":4},{"damage":17,"enemies":"Cultist and Chosen","floor":21,"turns":7},{"damage":4,"enemies":"Shelled Parasite and Fungi","floor":22,"turns":7},{"damage":37,"enemies":"Slavers","floor":23,"turns":4}],"seed_played":"-2845654270517278816","potions_obtained":[{"floor":1,"key":"EssenceOfSteel"},{"floor":6,"key":"Explosive Potion"},{"floor":13,"key":"Energy Potion"},{"floor":16,"key":"GamblersBrew"},{"floor":18,"key":"Fruit Juice"}],"is_trial":false,"path_per_floor":["M","M","M","?","$","E","R","M","T","M","T","R","M","E","R","B",null,"M","M","T","M","M","E"],"character_chosen":"THE_SILENT","items_purchased":["Skewer","Cloak And Dagger"],"campfire_rested":0,"item_purchase_floors":[5,5],"current_hp_per_floor":[64,64,64,69,69,46,46,46,46,42,42,42,40,27,27,15,65,49,54,54,37,33,0],"gold":331,"neow_bonus":"TEN_PERCENT_HP_BONUS","is_prod":false,"is_daily":false,"chose_seed":false,"campfire_upgraded":3,"win_rate":0,"timestamp":1549131540,"path_taken":["M","M","M","?","$","E","R","M","T","M","?","R","M","E","R","BOSS","M","M","?","M","M","E"],"build_version":"2019-01-23","purchased_purges":0,"victory":false,"max_hp_per_floor":[77,77,77,82,82,82,82,82,82,82,82,82,82,82,82,82,82,82,87,87,87,87,87],"card_choices":[{"not_picked":["Choke","Blade Dance"],"picked":"Dagger Spray","floor":1},{"not_picked":["Deflect","Setup"],"picked":"Dash","floor":2},{"not_picked":["Concentrate","Dagger Spray"],"picked":"Dodge and Roll","floor":3},{"not_picked":["Accuracy","Deflect"],"picked":"Malaise","floor":6},{"not_picked":["Distraction","Flying Knee"],"picked":"Dagger Throw","floor":8},{"not_picked":["Dagger Throw","Deadly Poison"],"picked":"Backflip","floor":10},{"not_picked":["Concentrate","Acrobatics"],"picked":"Dagger Spray","floor":13},{"not_picked":["Tactician","Infinite Blades"],"picked":"Well Laid Plans","floor":14},{"not_picked":["Grand Finale","Night Terror"],"picked":"Phantasmal Killer","floor":16},{"not_picked":["Dagger Throw+1","Deadly Poison","Bane"],"picked":"SKIP","floor":18},{"not_picked":["Tactician","Outmaneuver"],"picked":"Flechettes","floor":19},{"not_picked":["Slice","Prepared"],"picked":"Crippling Poison","floor":21},{"not_picked":["Poisoned Stab","Flying Knee+1"],"picked":"Prepared+1","floor":22}],"player_experience":410689,"relics_obtained":[{"floor":6,"key":"Ancient Tea Set"},{"floor":9,"key":"Tiny Chest"},{"floor":11,"key":"Gremlin Horn"},{"floor":14,"key":"Bottled Lightning"},{"floor":20,"key":"Anchor"}],"event_choices":[{"damage_healed":0,"gold_gain":0,"player_choice":"Donut","damage_taken":0,"max_hp_gain":5,"max_hp_loss":0,"event_name":"Big Fish","floor":4,"gold_loss":0}],"is_beta":false,"boss_relics":[{"not_picked":["WristBlade","Astrolabe"],"picked":"Philosopher\u0027s Stone"}],"items_purged_floors":[],"is_endless":false,"potions_floor_spawned":[1,6,13,16,18],"killed_by":"Slavers","ascension_level":8}