{"gold_per_floor":[219,219,294,313,337,375,325,211,211,42,42,58,58,73,73,199,199,199,199,199,199,199,199,199,199,199,175,175,175,175,175,175,175,175,175,175,22,22,22,22,22,22,22,22,22,22,22,0,0,0],"floor_reached":51,"playtime":7044,"items_purged":["Strike_R","Strike_R"],"score":681,"play_id":"8469d5c2-becb-4ee4-b169-bc20d1dad09c","local_time":"20190228235229","is_ascension_mode":false,"campfire_choices":[{"data":"Body Slam","floor":15,"key":"SMITH"},{"data":"Flame Barrier","floor":23,"key":"SMITH"},{"data":"Shrug It Off","floor":25,"key":"SMITH"},{"data":"Warcry","floor":32,"key":"SMITH"},{"data":"Barricade","floor":40,"key":"SMITH"},{"data":"Entrench","floor":47,"key":"SMITH"},{"data":"Metallicize","floor":49,"key":"SMITH"}],"neow_cost":"NONE","seed_source_timestamp":7696919005377,"circlet_count":0,"master_deck":["Defend_R","Defend_R","Defend_R","Bash","Shrug It Off+1","Body Slam+1","Feel No Pain","Flame Barrier+1","Double Tap","Reaper","True Grit+1","Impervious","Second Wind","Burning Pact","Warcry+1","Barricade+1","Disarm","Armaments+1","Entrench+1","Shockwave","Madness","Madness","Metallicize+1"],"relics":["Burning Blood","Golden Idol","Blue Candle","Paper Frog","Ectoplasm","Ornamental Fan","Philosopher\u0027s Stone","Potion Belt","Art of War","Red Mask"],"potions_floor_usage":[16,33,33,33,33,41,44,50,50],"damage_taken":[{"damage":6,"enemies":"Cultist","floor":1,"turns":4},{"damage":0,"enemies":"Small Slimes","floor":4,"turns":4},{"damage":4,"enemies":"2 Louse","floor":5,"turns":3},{"damage":39,"enemies":"3 Sentries","floor":6,"turns":14},{"damage":6,"enemies":"Large Slime","floor":12,"turns":9},{"damage":0,"enemies":"3 Louse","floor":14,"turns":3},{"damage":7,"enemies":"The Guardian","floor":16,"turns":12},{"damage":25,"enemies":"Spheric Guardian","floor":18,"turns":9},{"damage":18,"enemies":"3 Byrds","floor":19,"turns":6},{"damage":55,"enemies":"Cultist and Chosen","floor":20,"turns":12},{"damage":3,"enemies":"Centurion and Healer","floor":21,"turns":14},{"damage":1,"enemies":"Sentry and Sphere","floor":28,"turns":10},{"damage":3,"enemies":"Snake Plant","floor":31,"turns":4},{"damage":55,"enemies":"Collector","floor":33,"turns":14},{"damage":31,"enemies":"3 Shapes","floor":35,"turns":6},{"damage":6,"enemies":"3 Darklings","floor":36,"turns":11},{"damage":29,"enemies":"Sphere and 2 Shapes","floor":39,"turns":8},{"damage":45,"enemies":"4 Shapes","floor":41,"turns":5},{"damage":0,"enemies":"Maw","floor":42,"turns":7},{"damage":0,"enemies":"Nemesis","floor":44,"turns":11},{"damage":17,"enemies":"3 Darklings","floor":45,"turns":14},{"damage":39,"enemies":"Transient","floor":46,"turns":5},{"damage":19,"enemies":"Awakened One","floor":50,"turns":10}],"seed_played":"-6364384781227079744","potions_obtained":[{"floor":5,"key":"SteroidPotion"},{"floor":14,"key":"Fire Potion"},{"floor":16,"key":"EntropicBrew"},{"floor":19,"key":"Energy Potion"},{"floor":28,"key":"SmokeBomb"},{"floor":33,"key":"LiquidBronze"},{"floor":35,"key":"Swift Potion"},{"floor":39,"key":"SkillPotion"},{"floor":44,"key":"EssenceOfSteel"},{"floor":46,"key":"FearPotion"}],"is_trial":false,"path_per_floor":["M","?","?","M","M","E","?","$","T","$","?","M","?","M","R","B",null,"M","M","M","M","?","R","?","R","T","$","M","?","$","M","R","B",null,"M","M","$","?","M","R","M","M","T","E","M","M","R","?","R","B",null],"character_chosen":"IRONCLAD","items_purchased":["Feel No Pain","Flame Barrier","Warcry","Entrench","Shockwave"],"campfire_rested":0,"item_purchase_floors":[8,10,27,37,37],"current_hp_per_floor":[80,60,52,58,60,27,27,27,27,27,20,20,25,31,31,30,85,66,56,18,25,25,25,25,25,25,25,34,34,34,40,40,23,85,70,82,82,71,48,48,32,54,54,68,85,60,60,60,60,61],"gold":0,"neow_bonus":"HUNDRED_GOLD","is_prod":false,"is_daily":false,"chose_seed":false,"campfire_upgraded":7,"win_rate":0,"timestamp":1551415949,"path_taken":["M","?","?","M","?","E","?","$","T","$","?","M","?","M","R","BOSS","M","M","M","M","?","R","?","R","T","$","M","?","?","M","R","BOSS","M","?","$","?","M","R","M","M","T","E","M","M","R","?","R","BOSS"],"build_version":"2019-01-23","purchased_purges":2,"victory":true,"max_hp_per_floor":[80,80,80,80,80,80,80,80,80,80,80,80,85,85,85,85,85,85,85,85,85,85,85,85,85,85,85,85,85,85,85,85,85,85,85,85,85,85,85,85,85,85,85,85,85,85,85,85,85,85],"card_choices":[{"not_picked":["Thunderclap","Wild Strike","Corruption"],"picked":"SKIP","floor":1},{"not_picked":["Sentinel","Twin Strike"],"picked":"Shrug It Off","floor":4},{"not_picked":["Dropkick","Thunderclap","Dual Wield"],"picked":"SKIP","floor":5},{"not_picked":["Flame Barrier","Entrench"],"picked":"Body Slam","floor":6},{"not_picked":["Carnage","Cleave","Havoc"],"picked":"SKIP","floor":12},{"not_picked":["Iron Wave","Fire Breathing"],"picked":"Double Tap","floor":14},{"not_picked":["Immolate","Feed"],"picked":"Reaper","floor":16},{"not_picked":["Corruption","Clothesline+1","Clash"],"picked":"SKIP","floor":18},{"not_picked":["Sword Boomerang","Perfected Strike"],"picked":"True Grit+1","floor":19},{"not_picked":["Dual Wield","Clash"],"picked":"Impervious","floor":20},{"not_picked":["Clothesline","Clash","Armaments"],"picked":"SKIP","floor":21},{"not_picked":["Uppercut","Spot Weakness","Dual Wield"],"picked":"SKIP","floor":28},{"not_picked":["True Grit+1","Warcry","Spot Weakness+1"],"picked":"SKIP","floor":31},{"not_picked":["Immolate","Offering"],"picked":"Barricade","floor":33},{"not_picked":["Clothesline","Warcry"],"picked":"Disarm","floor":35},{"not_picked":["Evolve+1","Blood for Blood"],"picked":"Armaments+1","floor":36},{"not_picked":["True Grit+1","Headbutt","Thunderclap"],"picked":"SKIP","floor":39},{"not_picked":["Shrug It Off","Twin Strike","Iron Wave+1"],"picked":"SKIP","floor":41},{"not_picked":["Carnage","Flex","Blood for Blood"],"picked":"SKIP","floor":42},{"not_picked":["Carnage+1","Sever Soul+1"],"picked":"Metallicize","floor":44},{"not_picked":["True Grit","Heavy Blade+1","Headbutt+1"],"picked":"SKIP","floor":45},{"not_picked":["Carnage","Dual Wield","Entrench"],"picked":"SKIP","floor":46}],"player_experience":508625,"relics_obtained":[{"floor":6,"key":"Blue Candle"},{"floor":9,"key":"Paper Frog"},{"floor":26,"key":"Ornamental Fan"},{"floor":43,"key":"Potion Belt"},{"floor":44,"key":"Art of War"}],"event_choices":[{"damage_healed":0,"gold_gain":0,"player_choice":"Take Damage","damage_taken":20,"relics_obtained":["Golden Idol"],"max_hp_gain":0,"max_hp_loss":0,"event_name":"Golden Idol","floor":2,"gold_loss":0},{"damage_healed":0,"gold_gain":75,"player_choice":"Touch","damage_taken":8,"max_hp_gain":0,"max_hp_loss":0,"event_name":"FaceTrader","floor":3,"gold_loss":0},{"cards_removed":["Strike_R"],"damage_healed":0,"gold_gain":0,"player_choice":"Card Removal","damage_taken":0,"max_hp_gain":0,"max_hp_loss":0,"event_name":"The Cleric","floor":7,"gold_loss":50},{"cards_removed":["Strike_R"],"damage_healed":0,"gold_gain":0,"player_choice":"Card Removal","damage_taken":7,"max_hp_gain":0,"max_hp_loss":0,"event_name":"Golden Wing","floor":11,"gold_loss":0},{"damage_healed":0,"gold_gain":0,"player_choice":"Donut","damage_taken":0,"max_hp_gain":5,"max_hp_loss":0,"event_name":"Big Fish","floor":13,"gold_loss":0},{"damage_healed":0,"gold_gain":0,"cards_transformed":["Strike_R","Defend_R"],"player_choice":"Became Test Subject","damage_taken":0,"max_hp_gain":0,"max_hp_loss":0,"event_name":"Drug Dealer","floor":22,"gold_loss":0,"cards_obtained":["Second Wind","Burning Pact"]},{"damage_healed":0,"gold_gain":0,"player_choice":"Ignored","damage_taken":0,"max_hp_gain":0,"max_hp_loss":0,"event_name":"The Mausoleum","floor":24,"gold_loss":0},{"damage_healed":0,"gold_gain":0,"player_choice":"Ignored","damage_taken":0,"max_hp_gain":0,"max_hp_loss":0,"event_name":"Vampires","floor":29,"gold_loss":0},{"damage_healed":0,"gold_gain":0,"player_choice":"Embrace Madness","damage_taken":11,"max_hp_gain":0,"max_hp_loss":0,"event_name":"Winding Halls","floor":38,"gold_loss":0,"cards_obtained":["Madness","Madness"]},{"damage_healed":0,"gold_gain":0,"player_choice":"Paid","damage_taken":0,"relics_obtained":["Red Mask"],"max_hp_gain":0,"max_hp_loss":0,"event_name":"Tomb of Lord Red Mask","floor":48,"gold_loss":22}],"is_beta":false,"boss_relics":[{"not_picked":["Runic Cube","Pandora\u0027s Box"],"picked":"Ectoplasm"},{"not_picked":["Tiny House","Snecko Eye"],"picked":"Philosopher\u0027s Stone"}],"items_purged_floors":[8,10],"is_endless":false,"potions_floor_spawned":[5,14,16,19,28,33,35,39,44,46],"ascension_level":0}