{"gold_per_floor":[214,214,214,231,156,156,182,82,131,145,155,155,172,182,182,282,282,262,262,275,150,161,189,208,208,283,283,208,208,237,122,122,122],"floor_reached":33,"playtime":1913,"items_purged":["Strike_B","Strike_B","Defend_B"],"score":310,"play_id":"7fab0980-33ed-4a40-b199-8838b6b18210","local_time":"20181112194611","is_ascension_mode":false,"campfire_choices":[{"data":"Defend_B","floor":6,"key":"SMITH"},{"floor":12,"key":"REST"},{"data":"Defragment","floor":15,"key":"SMITH"},{"floor":25,"key":"REST"},{"data":"Chill","floor":27,"key":"SMITH"},{"data":"Defend_B","floor":29,"key":"SMITH"},{"data":"Defragment","floor":32,"key":"SMITH"}],"neow_cost":"NONE","seed_source_timestamp":2923211574787571,"circlet_count":0,"master_deck":["Strike_B+1","Strike_B+1","Defend_B+1","Defend_B+1","Zap+1","Defragment+1","Chill+1","Defragment+1","Glacier+1","Defragment+1"],"relics":["Cracked Core","Strawberry","Whetstone","Lizard Tail","Orichalcum","Question Card","Matryoshka","Centennial Puzzle"],"potions_floor_usage":[16,16,16,23,23,23],"damage_taken":[{"damage":2,"enemies":"Small Slimes","floor":1,"turns":4},{"damage":9,"enemies":"2 Louse","floor":4,"turns":3},{"damage":16,"enemies":"Lagavulin","floor":7,"turns":8},{"damage":1,"enemies":"Cultist","floor":10,"turns":3},{"damage":0,"enemies":"Blue Slaver","floor":11,"turns":3},{"damage":3,"enemies":"Lots of Slimes","floor":13,"turns":6},{"damage":3,"enemies":"2 Fungi Beasts","floor":14,"turns":4},{"damage":15,"enemies":"Hexaghost","floor":16,"turns":11},{"damage":12,"enemies":"2 Thieves","floor":18,"turns":5},{"damage":2,"enemies":"Spheric Guardian","floor":20,"turns":6},{"damage":12,"enemies":"Snake Plant","floor":22,"turns":5},{"damage":66,"enemies":"Gremlin Leader","floor":23,"turns":8},{"damage":0,"enemies":"Shelled Parasite and Fungi","floor":24,"turns":8},{"damage":0,"enemies":"Slavers","floor":30,"turns":11},{"damage":65,"enemies":"Automaton","floor":33,"turns":12}],"seed_played":"-1205115809748360863","potions_obtained":[{"floor":7,"key":"Dexterity Potion"},{"floor":11,"key":"Block Potion"},{"floor":14,"key":"Block Potion"},{"floor":16,"key":"LiquidBronze"},{"floor":20,"key":"GamblersBrew"},{"floor":22,"key":"Weak Potion"}],"is_trial":false,"path_per_floor":["M","?","?","M","$","R","E","$","T","M","M","R","M","M","R","B",null,"M","?","M","$","M","E","M","R","T","R","?","R","E","?","R","B"],"character_chosen":"DEFECT","items_purchased":[],"campfire_rested":2,"item_purchase_floors":[],"current_hp_per_floor":[73,73,73,64,64,64,55,55,55,54,54,78,75,72,72,57,82,70,70,68,68,56,41,41,65,65,65,65,65,65,65,65,0],"gold":122,"neow_bonus":"HUNDRED_GOLD","is_prod":false,"is_daily":false,"chose_seed":false,"campfire_upgraded":5,"win_rate":0.0,"timestamp":1542073571,"path_taken":["M","?","?","M","$","R","E","$","T","M","M","R","?","M","R","BOSS","M","?","M","$","M","E","?","R","T","R","?","R","E","?","R","BOSS"],"build_version":"2018-11-08","purchased_purges":3,"victory":false,"max_hp_per_floor":[75,75,75,75,75,75,82,82,82,82,82,82,82,82,82,82,82,82,82,82,82,82,82,82,82,82,82,82,82,82,82,82,82],"card_choices":[{"not_picked":["Barrage","Scrape","Reprogram"],"picked":"SKIP","floor":1},{"not_picked":["Ball Lightning","Chaos","Auto Shields"],"picked":"SKIP","floor":4},{"not_picked":["Ball Lightning","Chaos","Auto Shields"],"picked":"SKIP","floor":4},{"not_picked":["Redo","Beam Cell","Leap"],"picked":"SKIP","floor":7},{"not_picked":["Redo","Beam Cell","Leap"],"picked":"SKIP","floor":7},{"not_picked":["Conserve Battery","Barrage"],"picked":"Defragment","floor":10},{"not_picked":["Stack","Multi-Cast","Ball Lightning"],"picked":"SKIP","floor":11},{"not_picked":["Gash","Conserve Battery","Hello World"],"picked":"SKIP","floor":13},{"not_picked":["Heatsinks","Leap","Compile Driver"],"picked":"SKIP","floor":14},{"not_picked":["Loop","Streamline+1"],"picked":"Chill","floor":18},{"not_picked":["Hologram","Steam","Go for the Eyes"],"picked":"SKIP","floor":20},{"not_picked":["Hologram","Steam","Go for the Eyes"],"picked":"SKIP","floor":20},{"not_picked":["Undo","Consume+1","Leap"],"picked":"SKIP","floor":22},{"not_picked":["Cold Snap","Beam Cell+1"],"picked":"Glacier+1","floor":23},{"not_picked":["Ball Lightning","Steam Power+1","Tempest"],"picked":"SKIP","floor":24},{"not_picked":["Streamline","Consume","Reinforced Body"],"picked":"Defragment","floor":30}],"player_experience":160188,"relics_obtained":[{"floor":7,"key":"Strawberry"},{"floor":9,"key":"Whetstone"},{"floor":23,"key":"Orichalcum"},{"floor":26,"key":"Question Card"},{"floor":30,"key":"Matryoshka"}],"event_choices":[{"cards_removed":["Dualcast"],"damage_healed":0,"gold_gain":0,"player_choice":"Forget","damage_taken":0,"max_hp_gain":0,"max_hp_loss":0,"event_name":"Living Wall","floor":2,"gold_loss":0},{"damage_healed":0,"gold_gain":0,"player_choice":"Upgraded","damage_taken":0,"max_hp_gain":0,"max_hp_loss":0,"event_name":"Upgrade Shrine","floor":3,"gold_loss":0,"cards_upgraded":["Zap"]},{"damage_healed":0,"gold_gain":0,"player_choice":"Copied","damage_taken":0,"max_hp_gain":0,"max_hp_loss":0,"event_name":"Duplicator","floor":19,"gold_loss":0,"cards_obtained":["Defragment"]},{"cards_removed":["Defend_B"],"damage_healed":0,"gold_gain":0,"player_choice":"Gave Gold","damage_taken":0,"max_hp_gain":0,"max_hp_loss":0,"event_name":"Beggar","floor":28,"gold_loss":75},{"damage_healed":0,"gold_gain":0,"player_choice":"Paid Gold","damage_taken":0,"relics_obtained":["Centennial Puzzle"],"max_hp_gain":0,"max_hp_loss":0,"event_name":"WeMeetAgain","floor":31,"gold_loss":115}],"is_beta":false,"boss_relics":[{"not_picked":["Black Star","Empty Cage"],"picked":"Lizard Tail"}],"items_purged_floors":[5,8,21],"is_endless":false,"potions_floor_spawned":[7,11,14,16,20,22],"killed_by":"Automaton","ascension_level":0}