{"gold_per_floor":[113,38,38,53,203,229,229,263,341,341,341,357,257,327,327,399,399,418,434,359,359,359,359],"floor_reached":23,"playtime":882,"items_purged":["Doubt"],"score":429,"play_id":"a9e61eaf-b4d7-483e-b691-ed9ff16ad640","local_time":"20181224140141","is_ascension_mode":true,"campfire_choices":[{"data":"Buffer","floor":7.0,"key":"SMITH"},{"data":"Zap","floor":10.0,"key":"SMITH"},{"data":"Conserve Battery","floor":15.0,"key":"SMITH"}],"neow_cost":"NONE","seed_source_timestamp":17051642535861,"circlet_count":0,"master_deck":["AscendersBane","Strike_B+1","Strike_B+1","Strike_B","Defend_B","Defend_B","Defend_B","Zap+1","Dualcast","Cold Snap","Glacier+1","Buffer+1","Conserve Battery+1","Conserve Battery","Biased Cognition","Defragment","Writhe"],"special_seed":0,"relics":["Cracked Core","NeowsBlessing","Whetstone","Dream Catcher","Gremlin Horn","Singing Bowl","Busted Crown","Pantograph"],"potions_floor_usage":[],"damage_taken":[{"damage":0.0,"enemies":"Jaw Worm","floor":1.0,"turns":1.0},{"damage":0.0,"enemies":"Small Slimes","floor":4.0,"turns":1.0},{"damage":0.0,"enemies":"Gremlin Nob","floor":6.0,"turns":1.0},{"damage":6.0,"enemies":"3 Sentries","floor":8.0,"turns":13.0},{"damage":0.0,"enemies":"Cultist","floor":12.0,"turns":3.0},{"damage":12.0,"enemies":"The Guardian","floor":16.0,"turns":21.0},{"damage":7.0,"enemies":"Shell Parasite","floor":18.0,"turns":9.0},{"damage":0.0,"enemies":"Spheric Guardian","floor":19.0,"turns":6.0},{"damage":3,"enemies":"Colosseum Slavers","floor":21,"turns":6},{"damage":49,"enemies":"Book of Stabbing","floor":23,"turns":6}],"seed_played":"-2335253536985731759","potions_obtained":[{"floor":1.0,"key":"Block Potion"},{"floor":3.0,"key":"SneckoOil"},{"floor":3.0,"key":"FocusPotion"},{"floor":8.0,"key":"PowerPotion"},{"floor":16.0,"key":"Regen Potion"},{"floor":18.0,"key":"Fire Potion"}],"is_trial":false,"path_per_floor":["M","?","?","M","?","E","R","E","T","R","?","M","$","T","R","B",null,"M","M","?","?","?","E"],"character_chosen":"DEFECT","items_purchased":["Conserve Battery"],"campfire_rested":0,"item_purchase_floors":[13],"current_hp_per_floor":[64,64,64,64,64,64,64,58,58,58,58,58,58,58,58,46,65,71,73,73,70,70,21],"gold":359,"neow_bonus":"THREE_ENEMY_KILL","is_prod":false,"is_daily":false,"chose_seed":false,"campfire_upgraded":3,"win_rate":0,"timestamp":1545656501,"path_taken":["M","?","?","?","?","E","R","E","T","R","?","M","$","?","R","BOSS","M","M","?","?","?","E"],"build_version":"2018-12-20","purchased_purges":1,"victory":false,"max_hp_per_floor":[71,71,71,71,71,71,71,71,71,71,71,71,71,71,71,71,71,71,73,73,73,73,73],"card_choices":[{"not_picked":["Sunder","Coolheaded"],"picked":"Cold Snap","floor":1.0},{"not_picked":["Conserve Battery","Darkness"],"picked":"Glacier","floor":4.0},{"not_picked":["Beam Cell","Scrape"],"picked":"Buffer","floor":6.0},{"not_picked":["Reprogram","Barrage","Streamline"],"picked":"SKIP","floor":8.0},{"not_picked":["Turbo","Stack"],"picked":"Conserve Battery","floor":12.0},{"not_picked":["Multi-Cast","Machine Learning"],"picked":"Biased Cognition","floor":16.0},{"not_picked":[],"picked":"Defragment","floor":18.0},{"not_picked":["Streamline"],"picked":"Singing Bowl","floor":19.0}],"player_experience":868278,"relics_obtained":[{"floor":6.0,"key":"Whetstone"},{"floor":8.0,"key":"Dream Catcher"},{"floor":9.0,"key":"Gremlin Horn"},{"floor":14.0,"key":"Singing Bowl"}],"event_choices":[{"cards_removed":["Strike_B"],"damage_healed":0.0,"max_hp_gain":0.0,"max_hp_loss":0.0,"gold_gain":0.0,"event_name":"The Cleric","player_choice":"Card Removal","floor":2.0,"gold_loss":75.0,"damage_taken":0.0},{"damage_healed":0.0,"max_hp_gain":0.0,"max_hp_loss":0.0,"gold_gain":0.0,"event_name":"Lab","player_choice":"Got Potions","floor":3.0,"gold_loss":0.0,"damage_taken":0.0},{"damage_healed":0.0,"max_hp_gain":0.0,"max_hp_loss":0.0,"gold_gain":150.0,"event_name":"Liars Game","player_choice":"AGREE","floor":5.0,"gold_loss":0.0,"damage_taken":0.0,"cards_obtained":["Doubt"]},{"damage_healed":0.0,"max_hp_gain":0.0,"max_hp_loss":0.0,"gold_gain":0.0,"event_name":"Living Wall","player_choice":"Grow","floor":11.0,"gold_loss":0.0,"damage_taken":0.0,"cards_upgraded":["Glacier"]},{"cards_removed":["Defend_B"],"damage_healed":0.0,"max_hp_gain":0.0,"max_hp_loss":0.0,"gold_gain":0.0,"event_name":"Beggar","player_choice":"Gave Gold","floor":20.0,"gold_loss":75.0,"damage_taken":0.0},{"damage_healed":0,"gold_gain":0,"player_choice":"Fight","damage_taken":0,"max_hp_gain":0,"max_hp_loss":0,"event_name":"Colosseum","floor":21,"gold_loss":0},{"damage_healed":0,"gold_gain":0,"player_choice":"Fled From Nobs","damage_taken":0,"max_hp_gain":0,"max_hp_loss":0,"event_name":"Colosseum","floor":21,"gold_loss":0},{"damage_healed":0,"gold_gain":0,"player_choice":"Opened","damage_taken":0,"relics_obtained":["Pantograph"],"max_hp_gain":0,"max_hp_loss":0,"event_name":"The Mausoleum","floor":22,"gold_loss":0,"cards_obtained":["Writhe"]}],"is_beta":true,"boss_relics":[{"not_picked":["Orrery","Calling Bell"],"picked":"Busted Crown"}],"items_purged_floors":[13],"is_endless":false,"potions_floor_spawned":[1,4,8,16,18],"killed_by":"Book of Stabbing","ascension_level":19}