{"gold_per_floor":[115,115,131,145,160,160,178,206,233,246,246,226,241,257,257,357,357,375,84,183,200,22,22,57,57,57,57,9,9,20,20,20,20],"floor_reached":33,"playtime":2265,"items_purged":["Strike_R","Strike_R"],"score":320,"play_id":"69f6f748-87db-4c4e-9515-aea4a3bacce3","local_time":"20181019225348","is_ascension_mode":true,"campfire_choices":[{"data":"Inflame","floor":6.0,"key":"SMITH"},{"data":"Shockwave","floor":11.0,"key":"SMITH"},{"data":"Shrug It Off","floor":15.0,"key":"SMITH"},{"data":"Twin Strike","floor":23,"key":"SMITH"},{"data":"Heavy Blade","floor":25,"key":"SMITH"},{"floor":32,"key":"REST"}],"neow_cost":"NONE","seed_source_timestamp":366879942257846,"circlet_count":0,"master_deck":["Strike_R","Defend_R+1","Defend_R+1","Defend_R","Defend_R","Bash","Twin Strike+1","Warcry","Inflame+1","Heavy Blade+1","Twin Strike","Shockwave+1","Headbutt","Shrug It Off+1","Double Tap","Iron Wave+1","Reaper","Pommel Strike","Offering","Flame Barrier","Bludgeon","True Grit"],"special_seed":0,"relics":["Burning Blood","Bronze Scales","Dream Catcher","Bag of Preparation","Velvet Choker","War Paint","Orichalcum"],"potions_floor_usage":[24,33,33],"damage_taken":[{"damage":9.0,"enemies":"Jaw Worm","floor":1.0,"turns":3.0},{"damage":0.0,"enemies":"Small Slimes","floor":3.0,"turns":3.0},{"damage":6.0,"enemies":"Cultist","floor":4.0,"turns":3.0},{"damage":10.0,"enemies":"3 Louse","floor":5.0,"turns":3.0},{"damage":7.0,"enemies":"Exordium Thugs","floor":7.0,"turns":3.0},{"damage":24.0,"enemies":"3 Sentries","floor":8.0,"turns":5.0},{"damage":6.0,"enemies":"Looter","floor":10.0,"turns":2.0},{"damage":4.0,"enemies":"Large Slime","floor":13.0,"turns":5.0},{"damage":8.0,"enemies":"3 Louse","floor":14.0,"turns":3.0},{"damage":18.0,"enemies":"Slime Boss","floor":16.0,"turns":8.0},{"damage":5.0,"enemies":"Chosen","floor":18.0,"turns":4.0},{"damage":15.0,"enemies":"2 Thieves","floor":21.0,"turns":4.0},{"damage":18,"enemies":"Book of Stabbing","floor":24,"turns":4},{"damage":16,"enemies":"Snake Plant","floor":30,"turns":3},{"damage":82,"enemies":"Champ","floor":33,"turns":7}],"seed_played":"5321354176073279587","potions_obtained":[{"floor":3.0,"key":"EssenceOfSteel"},{"floor":4.0,"key":"FearPotion"},{"floor":8.0,"key":"Block Potion"},{"floor":12.0,"key":"SkillPotion"},{"floor":14.0,"key":"Block Potion"},{"floor":30,"key":"Energy Potion"}],"is_trial":false,"path_per_floor":["M","?","M","M","M","R","M","E","T","M","R","?","M","M","R","B",null,"M","$","?","M","$","R","E","R","T","?","$","?","M","?","R"],"character_chosen":"IRONCLAD","items_purchased":["Dexterity Potion","Reaper","Offering","Dexterity Potion"],"campfire_rested":1,"item_purchase_floors":[19,19,22,28],"current_hp_per_floor":[77,70,76,76,72,72,71,53,53,53,53,53,55,53,53,41,80,80,80,80,76,76,76,64,64,64,64,64,64,54,54,78,0],"gold":20,"neow_bonus":"THREE_CARDS","is_prod":false,"is_daily":false,"chose_seed":false,"campfire_upgraded":5,"win_rate":0,"timestamp":1540014828,"path_taken":["M","?","M","M","M","R","M","E","T","M","R","?","M","M","R","BOSS","M","$","?","M","$","R","E","R","T","?","?","?","M","?","R","BOSS"],"build_version":"2018-10-18","purchased_purges":2,"victory":false,"max_hp_per_floor":[80,80,80,80,80,80,80,80,80,80,80,80,80,80,80,80,80,80,80,80,80,80,80,80,80,80,80,80,80,80,80,80,80],"card_choices":[{"not_picked":["Warcry","Heavy Blade"],"picked":"Twin Strike","floor":0.0},{"not_picked":["Armaments","Evolve"],"picked":"Warcry","floor":1.0},{"not_picked":["Battle Trance","Wild Strike"],"picked":"Inflame","floor":3.0},{"not_picked":["Sentinel","Flex"],"picked":"Heavy Blade","floor":4.0},{"not_picked":["Body Slam","Cleave"],"picked":"Twin Strike","floor":5.0},{"not_picked":["Sword Boomerang","Clash"],"picked":"Shockwave","floor":7.0},{"not_picked":["Wild Strike","Flex"],"picked":"Headbutt","floor":8.0},{"not_picked":["Blood for Blood","Perfected Strike","Bludgeon"],"picked":"SKIP","floor":10.0},{"not_picked":["Sword Boomerang","Anger"],"picked":"Shrug It Off","floor":13.0},{"not_picked":["Havoc","Headbutt","Wild Strike"],"picked":"SKIP","floor":14.0},{"not_picked":["Feed","Immolate"],"picked":"Double Tap","floor":16.0},{"not_picked":["Armaments","Cleave"],"picked":"Iron Wave+1","floor":18.0},{"not_picked":["Perfected Strike","Sentinel"],"picked":"Pommel Strike","floor":21.0},{"not_picked":["Bludgeon","Anger","Battle Trance"],"picked":"SKIP","floor":24},{"not_picked":["True Grit+1","Inflame"],"picked":"Flame Barrier","floor":30},{"not_picked":["Evolve","Burning Pact"],"picked":"True Grit","floor":32}],"player_experience":272191,"relics_obtained":[{"floor":8.0,"key":"Dream Catcher"},{"floor":9.0,"key":"Bag of Preparation"},{"floor":24,"key":"War Paint"},{"floor":26,"key":"Orichalcum"}],"event_choices":[{"damage_healed":0.0,"max_hp_gain":0.0,"max_hp_loss":0.0,"gold_gain":0.0,"event_name":"Scrap Ooze","player_choice":"Success","floor":2.0,"gold_loss":0.0,"damage_taken":7.0,"relics_obtained":["Bronze Scales"]},{"damage_healed":0.0,"max_hp_gain":0.0,"max_hp_loss":0.0,"gold_gain":0.0,"event_name":"The Woman in Blue","player_choice":"Bought 1 Potion","floor":12.0,"gold_loss":0.0,"damage_taken":0.0},{"damage_healed":0.0,"max_hp_gain":0.0,"max_hp_loss":0.0,"gold_gain":99.0,"event_name":"Nest","player_choice":"Stole From Cult","floor":20.0,"gold_loss":0.0,"damage_taken":0.0},{"damage_healed":0,"gold_gain":0,"player_choice":"Ignored","damage_taken":0,"max_hp_gain":0,"max_hp_loss":0,"event_name":"Vampires","floor":27,"gold_loss":0},{"cards_removed":["Strike_R"],"damage_healed":0,"gold_gain":0,"player_choice":"Elegance","damage_taken":0,"max_hp_gain":0,"max_hp_loss":0,"event_name":"Back to Basics","floor":29,"gold_loss":0},{"damage_healed":0,"gold_gain":0,"cards_transformed":["Strike_R"],"player_choice":"Transformed","damage_taken":0,"max_hp_gain":0,"max_hp_loss":0,"event_name":"Transmorgrifier","floor":31,"gold_loss":0,"cards_obtained":["Bludgeon"]}],"is_beta":false,"boss_relics":[{"not_picked":["Eternal Feather","Astrolabe"],"picked":"Velvet Choker"}],"items_purged_floors":[19,22],"is_endless":false,"potions_floor_spawned":[3,4,8,14,30],"killed_by":"Champ","ascension_level":4}