{"gold_per_floor":[119,119,68,85,98,98,118,143,143,143,143,68,88,100,100,174,174,194,194,205,205,221,221,253,253,253,253,265,265,265,265,265,342,342,356,200,217,217,232,262,67,67,67,92,92],"floor_reached":45,"playtime":2485,"items_purged":["Defend_G","Strike_G"],"score":859,"play_id":"f158140c-a251-4a9f-814e-44dcc3827b66","local_time":"20190129165120","is_ascension_mode":true,"campfire_choices":[{"data":"Neutralize","floor":6.0,"key":"SMITH"},{"floor":11.0,"key":"REST"},{"data":"Noxious Fumes","floor":15.0,"key":"SMITH"},{"data":"Cloak And Dagger","floor":23.0,"key":"SMITH"},{"floor":25.0,"key":"REST"},{"data":"Cloak And Dagger","floor":27.0,"key":"SMITH"},{"data":"Blade Dance","floor":29.0,"key":"SMITH"},{"floor":32.0,"key":"REST"},{"floor":42.0,"key":"REST"}],"neow_cost":"NONE","seed_source_timestamp":423305643785300,"circlet_count":0,"master_deck":["AscendersBane","Defend_G","Defend_G","Defend_G","Strike_G","Strike_G","Strike_G","Survivor","Neutralize+1","Noxious Fumes+1","Dagger Spray","Die Die Die","PiercingWail","A Thousand Cuts","Cloak And Dagger+1","After Image","Cloak And Dagger+1","Deflect","Leg Sweep+1","Blade Dance+1","Burst","Deflect","Bouncing Flask","Slice","Backstab","Footwork+1"],"special_seed":0,"relics":["Ring of the Snake","Bird Faced Urn","Kunai","Dodecahedron","Runic Pyramid","Ornamental Fan","Shuriken","Black Star","The Courier","Paper Crane","Art of War","Bag of Marbles","Potion Belt"],"potions_floor_usage":[45],"damage_taken":[{"damage":4.0,"enemies":"Small Slimes","floor":1.0,"turns":4.0},{"damage":8.0,"enemies":"Jaw Worm","floor":4.0,"turns":6.0},{"damage":4.0,"enemies":"2 Louse","floor":5.0,"turns":3.0},{"damage":0.0,"enemies":"2 Fungi Beasts","floor":7.0,"turns":3.0},{"damage":27.0,"enemies":"Gremlin Nob","floor":8.0,"turns":5.0},{"damage":0.0,"enemies":"3 Louse","floor":13.0,"turns":1.0},{"damage":11.0,"enemies":"Blue Slaver","floor":14.0,"turns":5.0},{"damage":34.0,"enemies":"Slime Boss","floor":16.0,"turns":11.0},{"damage":39.0,"enemies":"3 Byrds","floor":18.0,"turns":4.0},{"damage":0.0,"enemies":"Chosen","floor":20.0,"turns":7.0},{"damage":5.0,"enemies":"Centurion and Healer","floor":22.0,"turns":8.0},{"damage":33.0,"enemies":"Gremlin Leader","floor":24.0,"turns":9.0},{"damage":0.0,"enemies":"3 Cultists","floor":28.0,"turns":4.0},{"damage":27.0,"enemies":"Colosseum Slavers","floor":31.0,"turns":4.0},{"damage":30.0,"enemies":"Automaton","floor":33.0,"turns":11.0},{"damage":20.0,"enemies":"3 Shapes","floor":35.0,"turns":5.0},{"damage":18.0,"enemies":"3 Darklings","floor":37.0,"turns":6.0},{"damage":16.0,"enemies":"4 Shapes","floor":39.0,"turns":4.0},{"damage":17.0,"enemies":"Nemesis","floor":40.0,"turns":11.0},{"damage":18,"enemies":"Giant Head","floor":44,"turns":10},{"damage":53,"enemies":"Transient","floor":45,"turns":5}],"seed_played":"3322588669908547724","potions_obtained":[{"floor":1.0,"key":"SteroidPotion"},{"floor":4.0,"key":"Fruit Juice"},{"floor":7.0,"key":"GhostInAJar"},{"floor":16.0,"key":"Ancient Potion"},{"floor":22.0,"key":"AttackPotion"},{"floor":24.0,"key":"Dexterity Potion"},{"floor":44,"key":"Regen Potion"}],"is_trial":false,"path_per_floor":["M","?","$","M","M","R","M","E","T","T","R","?","M","M","R","B",null,"M","?","M","?","M","R","E","R","T","R","M","R","?","?","R","B",null,"M","$","M","?","M","E","$","R","T","E","M"],"character_chosen":"THE_SILENT","items_purchased":["Fire Potion","Bouncing Flask","Art of War"],"campfire_rested":4,"item_purchase_floors":[3,36,41],"current_hp_per_floor":[61,66,66,63,59,59,59,32,32,32,56,56,56,47,47,17,66,33,33,39,39,40,40,13,37,37,37,41,41,41,18,42,18,66,52,52,40,40,30,19,19,43,43,31,0],"gold":92,"neow_bonus":"TEN_PERCENT_HP_BONUS","is_prod":false,"is_daily":false,"chose_seed":false,"campfire_upgraded":5,"win_rate":0,"timestamp":1548751880,"path_taken":["M","?","$","M","M","R","M","E","T","?","R","?","M","M","R","BOSS","M","?","M","?","M","R","E","R","T","R","M","R","?","?","R","BOSS","M","$","M","?","M","E","?","R","T","E","?"],"build_version":"2019-01-23","purchased_purges":2,"victory":false,"max_hp_per_floor":[72,77,77,82,82,82,82,82,82,82,82,82,82,82,82,82,82,82,82,82,82,82,82,82,82,82,82,82,82,82,82,82,82,82,82,82,82,82,82,82,82,82,82,82,82],"card_choices":[{"not_picked":["Bane","Cloak And Dagger"],"picked":"Noxious Fumes","floor":1.0},{"not_picked":["Dodge and Roll","Deadly Poison"],"picked":"Dagger Spray","floor":4.0},{"not_picked":["Slice","Finisher"],"picked":"Die Die Die","floor":5.0},{"not_picked":["Backflip","Cloak And Dagger"],"picked":"PiercingWail","floor":7.0},{"not_picked":["Tactician","Deflect"],"picked":"A Thousand Cuts","floor":8.0},{"not_picked":["Dodge and Roll","Flechettes","Deadly Poison"],"picked":"SKIP","floor":13.0},{"not_picked":["Tactician","Dagger Throw"],"picked":"Cloak And Dagger","floor":14.0},{"not_picked":["Doppelganger","A Thousand Cuts"],"picked":"After Image","floor":16.0},{"not_picked":["Quick Slash","Bouncing Flask"],"picked":"Cloak And Dagger","floor":18.0},{"not_picked":["Terror","Flying Knee"],"picked":"Deflect","floor":20.0},{"not_picked":["Dagger Throw","Choke"],"picked":"Leg Sweep+1","floor":22.0},{"not_picked":["Dagger Throw","Quick Slash","Bane"],"picked":"SKIP","floor":24.0},{"not_picked":["Acrobatics","Predator"],"picked":"Blade Dance","floor":28.0},{"not_picked":["Tools of the Trade","Adrenaline"],"picked":"Burst","floor":33.0},{"not_picked":["Expertise+1","Riddle With Holes+1"],"picked":"Deflect","floor":35.0},{"not_picked":["Blade Dance","Eviscerate"],"picked":"Slice","floor":37.0},{"not_picked":["Escape Plan","Flechettes+1"],"picked":"Backstab","floor":39.0},{"not_picked":["Dagger Throw","Sucker Punch","Quick Slash"],"picked":"SKIP","floor":40.0},{"not_picked":["Blade Dance","Grand Finale"],"picked":"Footwork+1","floor":44}],"player_experience":672056,"relics_obtained":[{"floor":8.0,"key":"Bird Faced Urn"},{"floor":9.0,"key":"Kunai"},{"floor":10.0,"key":"Dodecahedron"},{"floor":24.0,"key":"Ornamental Fan"},{"floor":26.0,"key":"Shuriken"},{"floor":40.0,"key":"The Courier"},{"floor":40.0,"key":"Paper Crane"},{"floor":44,"key":"Bag of Marbles"},{"floor":44,"key":"Potion Belt"}],"event_choices":[{"damage_healed":0.0,"max_hp_gain":5.0,"max_hp_loss":0.0,"gold_gain":0.0,"event_name":"Big Fish","player_choice":"Donut","floor":2.0,"gold_loss":0.0,"damage_taken":0.0},{"cards_removed":["Strike_G"],"damage_healed":0.0,"max_hp_gain":0.0,"max_hp_loss":0.0,"gold_gain":0.0,"event_name":"The Cleric","player_choice":"Card Removal","floor":12.0,"gold_loss":75.0,"damage_taken":0.0},{"cards_removed":["Defend_G"],"damage_healed":0.0,"max_hp_gain":0.0,"max_hp_loss":0.0,"gold_gain":0.0,"event_name":"Back to Basics","player_choice":"Elegance","floor":19.0,"gold_loss":0.0,"damage_taken":0.0},{"damage_healed":0.0,"max_hp_gain":0.0,"max_hp_loss":0.0,"gold_gain":0.0,"event_name":"The Mausoleum","player_choice":"Ignored","floor":21.0,"gold_loss":0.0,"damage_taken":0.0},{"damage_healed":0.0,"max_hp_gain":0.0,"max_hp_loss":0.0,"gold_gain":0.0,"event_name":"Cursed Tome","player_choice":"Ignored","floor":30.0,"gold_loss":0.0,"damage_taken":0.0},{"damage_healed":0.0,"max_hp_gain":0.0,"max_hp_loss":0.0,"gold_gain":0.0,"event_name":"Colosseum","player_choice":"Fight","floor":31.0,"gold_loss":0.0,"damage_taken":0.0},{"damage_healed":0.0,"max_hp_gain":0.0,"max_hp_loss":0.0,"gold_gain":0.0,"event_name":"Colosseum","player_choice":"Fled From Nobs","floor":31.0,"gold_loss":0.0,"damage_taken":0.0},{"damage_healed":0.0,"max_hp_gain":0.0,"max_hp_loss":0.0,"gold_gain":0.0,"event_name":"SecretPortal","player_choice":"Ignored","floor":38.0,"gold_loss":0.0,"damage_taken":0.0}],"is_beta":false,"boss_relics":[{"not_picked":["Lizard Tail","Pandora\u0027s Box"],"picked":"Runic Pyramid"},{"not_picked":["Sozu","Tiny House"],"picked":"Black Star"}],"items_purged_floors":[36,41],"is_endless":false,"potions_floor_spawned":[1,4,7,16,22,24,31,33,37,44],"killed_by":"Transient","ascension_level":15}