{"gold_per_floor":[116,116,126,126,137,137,171,171,171,183,209,130,159,169,169,248,248,261,261,261,280,300,300],"floor_reached":23,"playtime":881,"items_purged":[],"score":509,"play_id":"13353abb-15bb-42ae-b682-7261ef2f7081","local_time":"20181216170940","is_ascension_mode":true,"campfire_choices":[{"data":"Buffer","floor":6.0,"key":"SMITH"},{"data":"Defragment","floor":15.0,"key":"SMITH"}],"neow_cost":"NONE","seed_source_timestamp":33507183244087,"circlet_count":0,"master_deck":["AscendersBane","Strike_B","Strike_B","Strike_B","Strike_B","Defend_B","Defend_B","Defend_B","Zap+1","Dualcast","Coolheaded","Buffer+1","Zap","Turbo","Core Surge","Consume","Sweeping Beam+1","Defragment+1","Lockon+1","Cold Snap+1","FTL+1","All For One+1","Go for the Eyes+1","Writhe","Scrape+1","Glacier"],"special_seed":0,"relics":["Cracked Core","Meat on the Bone","Molten Egg 2","Bronze Scales","Juzu Bracelet","Fusion Hammer","Letter Opener"],"potions_floor_usage":[23],"damage_taken":[{"damage":6.0,"enemies":"Small Slimes","floor":1.0,"turns":3.0},{"damage":0.0,"enemies":"Cultist","floor":3.0,"turns":3.0},{"damage":2.0,"enemies":"2 Louse","floor":5.0,"turns":3.0},{"damage":0.0,"enemies":"Lagavulin","floor":7.0,"turns":7.0},{"damage":1.0,"enemies":"Looter","floor":10.0,"turns":4.0},{"damage":30.0,"enemies":"3 Sentries","floor":11.0,"turns":7.0},{"damage":0.0,"enemies":"Gremlin Nob","floor":13.0,"turns":4.0},{"damage":7.0,"enemies":"Exordium Wildlife","floor":14.0,"turns":2.0},{"damage":27.0,"enemies":"Slime Boss","floor":16.0,"turns":9.0},{"damage":19.0,"enemies":"2 Thieves","floor":18.0,"turns":3.0},{"damage":16.0,"enemies":"Shell Parasite","floor":21.0,"turns":3.0},{"damage":14.0,"enemies":"Centurion and Healer","floor":22.0,"turns":6.0},{"damage":19,"enemies":"Book of Stabbing","floor":23,"turns":2}],"seed_played":"1424144641479351758","potions_obtained":[{"floor":1.0,"key":"SkillPotion"},{"floor":10.0,"key":"Block Potion"},{"floor":11.0,"key":"Strength Potion"},{"floor":16.0,"key":"Strength Potion"},{"floor":22.0,"key":"SpeedPotion"}],"is_trial":false,"path_per_floor":["M","?","M","?","M","R","E","$","T","M","E","$","E","M","R","B",null,"M","?","?","M","M","E"],"character_chosen":"DEFECT","items_purchased":["Lockon+1"],"campfire_rested":0,"item_purchase_floors":[12],"current_hp_per_floor":[58,58,58,58,56,56,56,56,56,55,37,37,37,42,42,27,60,41,41,21,17,15,0],"gold":300,"neow_bonus":"UPGRADE_CARD","is_prod":false,"is_daily":false,"chose_seed":false,"campfire_upgraded":2,"win_rate":0,"timestamp":1544976580,"path_taken":["M","?","?","?","?","R","E","$","T","M","E","$","E","M","R","BOSS","M","?","?","M","M","E"],"build_version":"2018-12-13","purchased_purges":0,"victory":false,"max_hp_per_floor":[71,71,71,71,71,71,71,71,71,71,71,71,71,71,71,71,71,71,71,76,76,76,76],"card_choices":[{"not_picked":["Lockon","Redo"],"picked":"Coolheaded","floor":1.0},{"not_picked":["Melter","Stack"],"picked":"Turbo","floor":3.0},{"not_picked":["Blizzard","Heatsinks","Rebound"],"picked":"SKIP","floor":5.0},{"not_picked":["Storm","Redo"],"picked":"Consume","floor":7.0},{"not_picked":["Compile Driver+1","Steam"],"picked":"Sweeping Beam+1","floor":10.0},{"not_picked":["Fusion","Beam Cell+1"],"picked":"Defragment","floor":11.0},{"not_picked":["Seek","Auto Shields"],"picked":"Cold Snap+1","floor":13.0},{"not_picked":["Compile Driver+1","Undo"],"picked":"FTL+1","floor":14.0},{"not_picked":["Seek","Rainbow"],"picked":"All For One+1","floor":16.0},{"not_picked":["Ball Lightning+1","Rebound+1"],"picked":"Go for the Eyes+1","floor":18.0},{"not_picked":["Stack","Rebound+1"],"picked":"Scrape+1","floor":21.0},{"not_picked":["Coolheaded+1","Redo+1"],"picked":"Glacier","floor":22.0}],"player_experience":842399,"relics_obtained":[{"floor":7.0,"key":"Meat on the Bone"},{"floor":9.0,"key":"Molten Egg 2"},{"floor":11.0,"key":"Bronze Scales"},{"floor":13.0,"key":"Juzu Bracelet"}],"event_choices":[{"damage_healed":0.0,"max_hp_gain":0.0,"max_hp_loss":0.0,"gold_gain":0.0,"event_name":"Match and Keep!","player_choice":"2 cards matched","floor":2.0,"gold_loss":0.0,"damage_taken":0.0,"cards_obtained":["Buffer","Zap"]},{"damage_healed":0.0,"max_hp_gain":0.0,"max_hp_loss":0.0,"gold_gain":0.0,"cards_transformed":["Defend_B"],"event_name":"Transmorgrifier","player_choice":"Transformed","floor":4.0,"gold_loss":0.0,"damage_taken":0.0,"cards_obtained":["Core Surge"]},{"damage_healed":0.0,"max_hp_gain":0.0,"max_hp_loss":0.0,"gold_gain":0.0,"event_name":"The Mausoleum","player_choice":"Opened","floor":19.0,"gold_loss":0.0,"damage_taken":0.0,"relics_obtained":["Letter Opener"],"cards_obtained":["Writhe"]},{"damage_healed":0.0,"max_hp_gain":5.0,"max_hp_loss":0.0,"gold_gain":0.0,"event_name":"Forgotten Altar","player_choice":"Shed Blood","floor":20.0,"gold_loss":0.0,"damage_taken":25.0}],"is_beta":true,"boss_relics":[{"not_picked":["Cursed Key","Eternal Feather"],"picked":"Fusion Hammer"}],"items_purged_floors":[],"is_endless":false,"potions_floor_spawned":[1,10,11,16,18,22],"killed_by":"Book of Stabbing","ascension_level":19}