{"gold_per_floor":[369,383,19,30,50,78,78,91,91,191,209,220,247,247,247,377,377,401,420,177,202,202,240,265,265,291,416,416,432,442,473,473,473],"floor_reached":33,"playtime":2304,"items_purged":["Defend_R","Strike_R"],"score":351,"play_id":"c30c2009-89c7-4714-a0ba-759e3b8246be","local_time":"20190227203625","is_ascension_mode":false,"campfire_choices":[{"floor":7,"key":"REST"},{"floor":15,"key":"REST"},{"data":"Feed","floor":25,"key":"SMITH"},{"data":"1","floor":32,"key":"LIFT"}],"neow_cost":"PERCENT_DAMAGE","seed_source_timestamp":10109123148289,"circlet_count":0,"master_deck":["Strike_R","Strike_R+1","Strike_R","Defend_R","Defend_R","Defend_R","Bash","Battle Trance","Armaments","Pommel Strike+1","Spot Weakness","Anger","Shrug It Off","Juggernaut","Clash","Anger","Demon Form","Corruption","Sword Boomerang+1","Anger","Feed+1","Havoc+1","Clash+1","Pommel Strike+1","Pommel Strike+1"],"relics":["Burning Blood","Ice Cream","Pantograph","Mummified Hand","Mercury Hourglass","Bloody Idol","Sozu","Whetstone","Singing Bowl","Strawberry","Girya","Bottled Tornado","Vajra"],"potions_floor_usage":[13,13,27],"damage_taken":[{"damage":5,"enemies":"Cultist","floor":1,"turns":4},{"damage":6,"enemies":"Jaw Worm","floor":2,"turns":3},{"damage":8,"enemies":"2 Louse","floor":4,"turns":3},{"damage":12,"enemies":"Red Slaver","floor":5,"turns":6},{"damage":36,"enemies":"3 Sentries","floor":6,"turns":8},{"damage":4,"enemies":"3 Louse","floor":8,"turns":4},{"damage":11,"enemies":"Large Slime","floor":11,"turns":5},{"damage":2,"enemies":"Looter","floor":12,"turns":4},{"damage":36,"enemies":"Gremlin Nob","floor":13,"turns":4},{"damage":31,"enemies":"Hexaghost","floor":16,"turns":6},{"damage":5,"enemies":"Chosen","floor":18,"turns":4},{"damage":0,"enemies":"Spheric Guardian","floor":19,"turns":3},{"damage":13,"enemies":"Shelled Parasite and Fungi","floor":21,"turns":3},{"damage":31,"enemies":"Gremlin Leader","floor":23,"turns":4},{"damage":0,"enemies":"Sentry and Sphere","floor":24,"turns":3},{"damage":20,"enemies":"Colosseum Slavers","floor":27,"turns":4},{"damage":10,"enemies":"Colosseum Nobs","floor":27,"turns":3},{"damage":15,"enemies":"Centurion and Healer","floor":29,"turns":7},{"damage":24,"enemies":"Snake Plant","floor":30,"turns":3},{"damage":20,"enemies":"Book of Stabbing","floor":31,"turns":3},{"damage":76,"enemies":"Automaton","floor":33,"turns":6}],"seed_played":"8780048287495100354","potions_obtained":[{"floor":2,"key":"Ancient Potion"},{"floor":6,"key":"SkillPotion"},{"floor":11,"key":"SpeedPotion"},{"floor":12,"key":"BloodPotion"}],"is_trial":false,"path_per_floor":["M","M","$","M","M","E","R","M","T","?","M","M","E","?","R","B",null,"M","M","$","M","?","E","M","R","T","?","?","M","M","E","R","B"],"character_chosen":"IRONCLAD","items_purchased":["Ice Cream","Whetstone"],"campfire_rested":2,"item_purchase_floors":[3,20],"current_hp_per_floor":[57,57,57,55,49,19,43,45,45,45,40,44,22,2,26,26,80,80,80,80,73,73,48,54,54,61,51,51,53,44,39,39,0],"gold":473,"neow_bonus":"TWO_FIFTY_GOLD","is_prod":false,"is_daily":false,"chose_seed":false,"campfire_upgraded":1,"win_rate":0,"timestamp":1551274585,"path_taken":["M","?","$","M","M","E","R","M","T","?","M","?","E","?","R","BOSS","M","M","$","M","?","E","?","R","T","?","?","M","M","E","R","BOSS"],"build_version":"2019-01-23","purchased_purges":2,"victory":false,"max_hp_per_floor":[80,80,80,80,80,80,80,80,80,80,80,80,80,80,80,80,80,80,80,80,80,80,80,80,80,87,95,95,101,105,109,109,109],"card_choices":[{"not_picked":["Body Slam","Perfected Strike"],"picked":"Battle Trance","floor":1},{"not_picked":["Shrug It Off","Carnage"],"picked":"Armaments","floor":2},{"not_picked":["Shockwave","Havoc"],"picked":"Pommel Strike","floor":4},{"not_picked":["Sword Boomerang","Disarm"],"picked":"Spot Weakness","floor":5},{"not_picked":["Dual Wield","Twin Strike"],"picked":"Anger","floor":6},{"not_picked":["Burning Pact","Twin Strike"],"picked":"Shrug It Off","floor":8},{"not_picked":["Heavy Blade","Dual Wield"],"picked":"Juggernaut","floor":11},{"not_picked":["Clothesline","Wild Strike"],"picked":"Clash","floor":12},{"not_picked":["Perfected Strike","Rupture"],"picked":"Anger","floor":13},{"not_picked":["Limit Break","Exhume"],"picked":"Demon Form","floor":16},{"not_picked":["Burning Pact","Clothesline"],"picked":"Corruption","floor":18},{"not_picked":["Headbutt","Flex+1"],"picked":"Sword Boomerang+1","floor":19},{"not_picked":["Wild Strike+1","Iron Wave"],"picked":"Anger","floor":21},{"not_picked":["Flame Barrier","Wild Strike"],"picked":"Feed","floor":23},{"not_picked":["Pommel Strike","Headbutt"],"picked":"Havoc+1","floor":24},{"not_picked":["Sword Boomerang+1","Dual Wield"],"picked":"Clash+1","floor":27},{"not_picked":["Power Through","Clothesline","Cleave"],"picked":"Singing Bowl","floor":29},{"not_picked":["Armaments","Flex"],"picked":"Pommel Strike+1","floor":30},{"not_picked":["Exhume","Intimidate"],"picked":"Pommel Strike+1","floor":31}],"player_experience":304237,"relics_obtained":[{"floor":6,"key":"Pantograph"},{"floor":9,"key":"Mummified Hand"},{"floor":13,"key":"Mercury Hourglass"},{"floor":23,"key":"Singing Bowl"},{"floor":26,"key":"Strawberry"},{"floor":27,"key":"Girya"},{"floor":27,"key":"Bottled Tornado"},{"floor":31,"key":"Vajra"}],"event_choices":[{"damage_healed":0,"gold_gain":100,"player_choice":"Pray","damage_taken":0,"max_hp_gain":0,"max_hp_loss":0,"event_name":"Golden Shrine","floor":10,"gold_loss":0},{"damage_healed":0,"gold_gain":0,"player_choice":"Take Damage","damage_taken":20,"relics_obtained":["Golden Idol"],"max_hp_gain":0,"max_hp_loss":0,"event_name":"Golden Idol","floor":14,"gold_loss":0},{"cards_removed":["Strike_R"],"damage_healed":0,"gold_gain":0,"player_choice":"Card Removal","damage_taken":0,"max_hp_gain":0,"max_hp_loss":0,"event_name":"Wheel of Change","floor":22,"gold_loss":0},{"damage_healed":0,"gold_gain":0,"player_choice":"Fight","damage_taken":0,"max_hp_gain":0,"max_hp_loss":0,"event_name":"Colosseum","floor":27,"gold_loss":0},{"damage_healed":0,"gold_gain":0,"player_choice":"Fought Nobs","damage_taken":0,"max_hp_gain":0,"max_hp_loss":0,"event_name":"Colosseum","floor":27,"gold_loss":0},{"damage_healed":0,"gold_gain":0,"player_choice":"Gave Idol","damage_taken":0,"relics_obtained":["Bloody Idol"],"max_hp_gain":0,"max_hp_loss":0,"event_name":"Forgotten Altar","floor":28,"relics_lost":["Golden Idol"],"gold_loss":0}],"is_beta":false,"boss_relics":[{"not_picked":["Calling Bell","Runic Dome"],"picked":"Sozu"}],"items_purged_floors":[3,20],"is_endless":false,"potions_floor_spawned":[2,6,11,12,19,24,27,27,30,31],"killed_by":"Automaton","ascension_level":0}