{"gold_per_floor":[119,69,69,79,4,4,34,34,80,98,115,115,135,169,169,264,264,264,264,264,264,264,264,264],"floor_reached":24,"playtime":2500,"items_purged":["Defend_G"],"score":317,"play_id":"9b0a920a-dcb4-4dcc-9be4-3f1058eb52a8","local_time":"20181113161633","is_ascension_mode":true,"campfire_choices":[{"data":"Dash","floor":6,"key":"SMITH"},{"data":"Neutralize","floor":8,"key":"SMITH"},{"floor":15,"key":"REST"},{"floor":23,"key":"REST"}],"neow_cost":"NONE","seed_source_timestamp":9349072835913,"circlet_count":0,"master_deck":["Defend_G","Defend_G","Defend_G","Strike_G","Strike_G","Strike_G","Strike_G","Survivor","Neutralize+1","Dash+1","Deflect","Corpse Explosion","PiercingWail","Blur","A Thousand Cuts","Bouncing Flask","Dodge and Roll","Noxious Fumes","Backflip+1","Calculated Gamble+1"],"relics":["Ring of the Snake","NeowsBlessing","Gremlin Horn","Blood Vial","Art of War","Ectoplasm"],"potions_floor_usage":[16,16,20,21,24],"damage_taken":[{"damage":0,"enemies":"Small Slimes","floor":1,"turns":1},{"damage":0,"enemies":"Jaw Worm","floor":4,"turns":1},{"damage":0,"enemies":"Lagavulin","floor":7,"turns":1},{"damage":0,"enemies":"Cultist","floor":10,"turns":3},{"damage":11,"enemies":"Looter","floor":11,"turns":4},{"damage":3,"enemies":"Gremlin Gang","floor":13,"turns":4},{"damage":10,"enemies":"3 Sentries","floor":14,"turns":3},{"damage":12,"enemies":"The Guardian","floor":16,"turns":15},{"damage":17,"enemies":"Chosen","floor":18,"turns":9},{"damage":22,"enemies":"3 Byrds","floor":19,"turns":4},{"damage":2,"enemies":"Cultist and Chosen","floor":20,"turns":4},{"damage":16,"enemies":"3 Cultists","floor":21,"turns":4},{"damage":11,"enemies":"Chosen and Byrds","floor":22,"turns":6},{"damage":38,"enemies":"Gremlin Leader","floor":24,"turns":6}],"seed_played":"1319504621850926399","potions_obtained":[{"floor":1,"key":"GamblersBrew"},{"floor":3,"key":"PowerPotion"},{"floor":3,"key":"FearPotion"},{"floor":3,"key":"SkillPotion"},{"floor":10,"key":"GhostInAJar"},{"floor":13,"key":"EssenceOfSteel"},{"floor":16,"key":"Ancient Potion"},{"floor":19,"key":"AttackPotion"},{"floor":20,"key":"GhostInAJar"},{"floor":21,"key":"Fruit Juice"}],"is_trial":false,"path_per_floor":["M","?","?","M","$","R","E","R","T","M","M","?","M","E","R","B",null,"M","M","M","M","M","R","E"],"character_chosen":"THE_SILENT","items_purchased":[],"campfire_rested":2,"item_purchase_floors":[],"current_hp_per_floor":[63,63,63,63,63,63,63,63,63,65,56,56,55,47,68,58,67,52,32,32,23,14,36,0],"gold":264,"neow_bonus":"THREE_ENEMY_KILL","is_prod":false,"is_daily":false,"chose_seed":false,"campfire_upgraded":2,"win_rate":0,"timestamp":1542154593,"path_taken":["M","?","?","M","$","R","E","R","T","M","?","?","M","E","R","BOSS","M","M","M","M","?","R","E"],"build_version":"2018-11-08","purchased_purges":1,"victory":false,"max_hp_per_floor":[70,70,70,70,70,70,70,70,70,70,70,70,70,70,70,70,70,70,70,70,75,75,75,75],"card_choices":[{"not_picked":["Dagger Spray","Finisher"],"picked":"Dash","floor":1},{"not_picked":["Expertise","Poisoned Stab"],"picked":"Deflect","floor":4},{"not_picked":["Finisher","Underhanded Strike","Outmaneuver"],"picked":"SKIP","floor":7},{"not_picked":["Cloak And Dagger","Acrobatics"],"picked":"Corpse Explosion","floor":10},{"not_picked":["Quick Slash","Bane","Slice"],"picked":"SKIP","floor":11},{"not_picked":["Masterful Stab","Quick Slash"],"picked":"PiercingWail","floor":13},{"not_picked":["Outmaneuver","Heel Hook"],"picked":"Blur","floor":14},{"not_picked":["Unload","Glass Knife"],"picked":"A Thousand Cuts","floor":16},{"not_picked":["Acrobatics","Poisoned Stab"],"picked":"Bouncing Flask","floor":18},{"not_picked":["Poisoned Stab","Slice+1"],"picked":"Dodge and Roll","floor":19},{"not_picked":["Dodge and Roll","Infinite Blades"],"picked":"Noxious Fumes","floor":20},{"not_picked":["Underhanded Strike+1","Cloak And Dagger"],"picked":"Backflip+1","floor":21},{"not_picked":["Setup","Distraction"],"picked":"Calculated Gamble+1","floor":22}],"player_experience":230564,"relics_obtained":[{"floor":7,"key":"Gremlin Horn"},{"floor":9,"key":"Blood Vial"},{"floor":14,"key":"Art of War"}],"event_choices":[{"cards_removed":["Strike_G"],"damage_healed":0,"gold_gain":0,"player_choice":"Card Removal","damage_taken":0,"max_hp_gain":0,"max_hp_loss":0,"event_name":"The Cleric","floor":2,"gold_loss":50},{"damage_healed":0,"gold_gain":0,"player_choice":"Got Potions","damage_taken":0,"max_hp_gain":0,"max_hp_loss":0,"event_name":"Lab","floor":3,"gold_loss":0},{"cards_removed":["Defend_G"],"damage_healed":0,"gold_gain":0,"player_choice":"Purged","damage_taken":0,"max_hp_gain":0,"max_hp_loss":0,"event_name":"Purifier","floor":12,"gold_loss":0}],"is_beta":false,"boss_relics":[{"not_picked":["Fusion Hammer","Orrery"],"picked":"Ectoplasm"}],"items_purged_floors":[5],"is_endless":false,"potions_floor_spawned":[1,10,11,13,16,19,20,21],"killed_by":"Gremlin Leader","ascension_level":7}