{"gold_per_floor":[119,119,119,119,131,164,164,175,198,198,109,143,143,49,49,49],"floor_reached":16,"playtime":319,"items_purged":[],"score":255,"play_id":"a9cc70e4-1a0a-4931-8392-0297f56f1a72","local_time":"20181223204218","is_ascension_mode":true,"campfire_choices":[{"data":"Zap","floor":7,"key":"SMITH"},{"data":"Go for the Eyes","floor":10,"key":"SMITH"},{"floor":15,"key":"REST"}],"neow_cost":"NONE","seed_source_timestamp":36927965041765,"circlet_count":0,"master_deck":["AscendersBane","Strike_B","Strike_B+1","Strike_B","Strike_B","Defend_B","Defend_B+1","Defend_B","Defend_B","Zap+1","Dualcast","Conserve Battery+1","Conserve Battery","Barrage","Go for the Eyes+1","White Noise","Chill"],"relics":["Cracked Core","NeowsBlessing","Bag of Preparation","Regal Pillow","Dream Catcher","Bottled Flame","Mummified Hand"],"potions_floor_usage":[12,12],"damage_taken":[{"damage":0,"enemies":"2 Louse","floor":1,"turns":1},{"damage":0,"enemies":"Small Slimes","floor":5,"turns":1},{"damage":0,"enemies":"Lagavulin","floor":6,"turns":1},{"damage":0,"enemies":"Cultist","floor":8,"turns":4},{"damage":39,"enemies":"Gremlin Nob","floor":12,"turns":5},{"damage":11,"enemies":"Slime Boss","floor":16,"turns":6}],"seed_played":"-8138655649817791999","potions_obtained":[{"floor":1,"key":"Weak Potion"},{"floor":4,"key":"Block Potion"}],"is_trial":false,"path_per_floor":["M","?","?","?","M","E","R","M","T","R","$","E","T","?","R","B"],"character_chosen":"DEFECT","items_purchased":["White Noise"],"campfire_rested":1,"item_purchase_floors":[11],"current_hp_per_floor":[64,43,43,43,43,43,43,43,43,43,43,4,4,4,40,29],"gold":49,"neow_bonus":"THREE_ENEMY_KILL","is_prod":false,"is_daily":false,"chose_seed":false,"campfire_upgraded":2,"win_rate":0,"timestamp":1545594138,"path_taken":["M","?","?","?","?","E","R","M","T","R","$","E","?","?","R","BOSS"],"build_version":"2018-12-20","purchased_purges":0,"victory":false,"max_hp_per_floor":[71,71,71,71,71,71,71,71,71,71,71,71,71,71,71,71],"card_choices":[{"not_picked":["Scrape","Storm"],"picked":"Conserve Battery","floor":1},{"not_picked":["Hologram","Barrage"],"picked":"Conserve Battery","floor":5},{"not_picked":["Turbo","Beam Cell"],"picked":"Barrage","floor":6},{"not_picked":["Conserve Battery","Steam"],"picked":"Go for the Eyes","floor":8},{"not_picked":["Conserve Battery","Turbo"],"picked":"Chill","floor":12}],"player_experience":864331,"relics_obtained":[{"floor":6,"key":"Bag of Preparation"},{"floor":9,"key":"Regal Pillow"},{"floor":12,"key":"Dream Catcher"},{"floor":13,"key":"Bottled Flame"}],"event_choices":[{"damage_healed":0,"gold_gain":0,"player_choice":"Entered Light","damage_taken":21,"max_hp_gain":0,"max_hp_loss":0,"event_name":"Shining Light","floor":2,"gold_loss":0,"cards_upgraded":["Strike_B","Defend_B"]},{"damage_healed":0,"gold_gain":0,"player_choice":"Grow","damage_taken":0,"max_hp_gain":0,"max_hp_loss":0,"event_name":"Living Wall","floor":3,"gold_loss":0,"cards_upgraded":["Conserve Battery"]},{"damage_healed":0,"gold_gain":0,"player_choice":"Got Potions","damage_taken":0,"max_hp_gain":0,"max_hp_loss":0,"event_name":"Lab","floor":4,"gold_loss":0},{"damage_healed":0,"gold_gain":0,"player_choice":"Paid Gold","damage_taken":0,"relics_obtained":["Mummified Hand"],"max_hp_gain":0,"max_hp_loss":0,"event_name":"WeMeetAgain","floor":14,"gold_loss":94}],"is_beta":true,"boss_relics":[],"items_purged_floors":[],"is_endless":false,"potions_floor_spawned":[1,6],"killed_by":"Slime Boss","ascension_level":19}