{"gold_per_floor":[110,110,122,136,136,136,166,166,191,191,201,75,110,126,126,126],"floor_reached":16,"playtime":642,"items_purged":["Strike_R"],"score":100,"play_id":"480f6165-0f79-471a-89d3-f4dcd12bf867","local_time":"20190224010053","is_ascension_mode":false,"campfire_choices":[{"data":"Bash","floor":6,"key":"SMITH"},{"data":"Metallicize","floor":8,"key":"SMITH"},{"floor":15,"key":"REST"}],"neow_cost":"NONE","seed_source_timestamp":42681876999750,"circlet_count":0,"master_deck":["Strike_R","Strike_R","Strike_R","Strike_R","Defend_R","Defend_R","Defend_R","Defend_R","Bash+1","Brutality","Shrug It Off","Metallicize+1","Shrug It Off+1","Battle Trance+1","Ghostly Armor+1"],"relics":["Burning Blood","Toxic Egg 2","Omamori","Bottled Flame","Bag of Preparation"],"potions_floor_usage":[16],"damage_taken":[{"damage":7,"enemies":"Cultist","floor":1,"turns":5},{"damage":1,"enemies":"2 Louse","floor":3,"turns":4},{"damage":0,"enemies":"Small Slimes","floor":4,"turns":5},{"damage":4,"enemies":"Looter","floor":11,"turns":5},{"damage":41,"enemies":"Gremlin Nob","floor":13,"turns":6},{"damage":17,"enemies":"2 Fungi Beasts","floor":14,"turns":6},{"damage":63,"enemies":"Slime Boss","floor":16,"turns":15}],"seed_played":"-990533617426228545","potions_obtained":[{"floor":4,"key":"FearPotion"},{"floor":14,"key":"SteroidPotion"}],"is_trial":false,"path_per_floor":["M","?","M","M","?","R","?","R","T","T","M","$","E","M","R","B"],"character_chosen":"IRONCLAD","items_purchased":["Shrug It Off+1"],"campfire_rested":1,"item_purchase_floors":[12],"current_hp_per_floor":[79,79,80,80,80,80,80,80,80,80,80,80,45,34,58,0],"gold":126,"neow_bonus":"ONE_RANDOM_RARE_CARD","is_prod":false,"is_daily":false,"chose_seed":false,"campfire_upgraded":2,"win_rate":0,"timestamp":1550988053,"path_taken":["M","?","?","?","?","R","?","R","T","?","M","$","E","M","R","BOSS"],"build_version":"2019-01-23","purchased_purges":1,"victory":false,"max_hp_per_floor":[80,80,80,80,80,80,80,80,80,80,80,80,80,80,80,80],"card_choices":[{"not_picked":["Spot Weakness","Fire Breathing"],"picked":"Shrug It Off","floor":1},{"not_picked":["Warcry","Power Through","Perfected Strike"],"picked":"SKIP","floor":3},{"not_picked":["True Grit","Perfected Strike"],"picked":"Metallicize","floor":4},{"not_picked":["Infernal Blade+1","Armaments+1","Clothesline"],"picked":"SKIP","floor":11},{"not_picked":["Sentinel+1","Clothesline"],"picked":"Battle Trance+1","floor":13},{"not_picked":["Dual Wield+1","Cleave"],"picked":"Ghostly Armor+1","floor":14}],"player_experience":450043,"relics_obtained":[{"floor":9,"key":"Omamori"},{"floor":10,"key":"Bottled Flame"},{"floor":13,"key":"Bag of Preparation"}],"event_choices":[{"damage_healed":0,"gold_gain":0,"player_choice":"Ignored","damage_taken":0,"max_hp_gain":0,"max_hp_loss":0,"event_name":"NoteForYourself","floor":2,"gold_loss":0},{"damage_healed":0,"gold_gain":0,"player_choice":"Ignored","damage_taken":0,"max_hp_gain":0,"max_hp_loss":0,"event_name":"Liars Game","floor":5,"gold_loss":0},{"damage_healed":0,"gold_gain":30,"player_choice":"Searched \u00273\u0027 times","damage_taken":0,"relics_obtained":["Toxic Egg 2"],"max_hp_gain":0,"max_hp_loss":0,"event_name":"Dead Adventurer","floor":7,"gold_loss":0}],"is_beta":false,"boss_relics":[],"items_purged_floors":[12],"is_endless":false,"potions_floor_spawned":[4,14],"killed_by":"Slime Boss","ascension_level":0}