{"path_per_floor":["M","?","?","M","$","E","M","M","T","M","$","R","M","M","R","B",null,"M","?","M","$","M","M","R","M","T","?","E","R","?","M","R"],"character_chosen":"DEFECT","items_purchased":["Capacitor","Static Discharge","Hologram"],"gold_per_floor":[109,284,234,254,130,157,170,187,187,201,133,133,143,159,159,258,258,274,274,292,267,285,305,305,319,364,564,590,590,590,604,604,604],"floor_reached":33,"campfire_rested":3,"playtime":2295,"current_hp_per_floor":[58,58,58,55,55,40,40,33,33,33,33,33,33,18,40,17,75,62,62,62,62,53,31,53,30,30,30,20,42,26,40,40,0],"items_purged":["Strike_B"],"gold":604,"score":271,"play_id":"377f3da0-d3a9-42f4-ba39-b41388e86ea5","local_time":"20180429195051","is_prod":false,"is_daily":false,"chose_seed":false,"is_ascension_mode":false,"campfire_upgraded":2,"timestamp":1525002651,"path_taken":["M","?","?","M","$","E","M","M","T","M","?","R","M","M","R","BOSS","M","?","M","$","M","M","R","M","T","?","E","R","?","?","R","BOSS"],"build_version":"2018-04-27v3","seed_source_timestamp":0,"purchased_purges":2,"victory":false,"master_deck":["Strike_B","Strike_B","Strike_B","Defend_B","Defend_B","Defend_B","Zap","Dualcast","Go for the Eyes","Cold Snap","Capacitor","Glacier+1","Melter","Axe Kick","Reinforced Body+1","Static Discharge+1","Defragment","Biased Cognition","Buffer","Rebound+1","Hologram+1","Darkness+1","Ball Lightning+1","Self Repair","Echo Form+1","Conserve Battery+1"],"max_hp_per_floor":[75,75,75,75,75,75,75,75,75,75,75,75,75,75,75,75,75,75,75,75,75,75,75,75,75,75,75,75,75,75,75,75,75],"relics":["Cracked Core","Toxic Egg 2","Mummified Hand","Lizard Tail","Oddly Smooth Stone","Ornamental Fan","Enchiridion"],"card_choices":[{"not_picked":["Turbo","Barrage"],"picked":"Go for the Eyes","floor":1.0},{"not_picked":["Gash","Hologram"],"picked":"Cold Snap","floor":4.0},{"not_picked":["Seek","Ball Lightning"],"picked":"Glacier","floor":6.0},{"not_picked":["Aggregate","Skim"],"picked":"Melter","floor":7.0},{"not_picked":["Beam Cell","Go for the Eyes"],"picked":"Axe Kick","floor":8.0},{"not_picked":["Sweeping Beam","Reprogram"],"picked":"Reinforced Body","floor":10.0},{"not_picked":["Reprogram","Glacier"],"picked":"Defragment","floor":13.0},{"not_picked":["All For One","Rainbow"],"picked":"Biased Cognition","floor":16.0},{"not_picked":["Beam Cell","Barrage"],"picked":"Buffer","floor":18.0},{"not_picked":["Auto Shields","Stack"],"picked":"Rebound","floor":20},{"not_picked":["Barrage","Turbo"],"picked":"Darkness","floor":22},{"not_picked":["Stack","Static Discharge"],"picked":"Ball Lightning","floor":23},{"not_picked":["Cold Snap","White Noise"],"picked":"Self Repair","floor":25},{"not_picked":["Coolheaded","Defragment"],"picked":"Echo Form","floor":28},{"not_picked":["Genetic Algorithm","Cold Snap"],"picked":"Conserve Battery","floor":31}],"player_experience":15079,"potions_floor_usage":[28],"damage_taken":[{"damage":17.0,"enemies":"Small Slimes","floor":1.0,"turns":3.0},{"damage":3.0,"enemies":"Jaw Worm","floor":4.0,"turns":4.0},{"damage":15.0,"enemies":"3 Sentries","floor":6.0,"turns":7.0},{"damage":0.0,"enemies":"2 Louse","floor":7.0,"turns":3.0},{"damage":7.0,"enemies":"Blue Slaver","floor":8.0,"turns":3.0},{"damage":0.0,"enemies":"Large Slime","floor":10.0,"turns":6.0},{"damage":0.0,"enemies":"2 Fungi Beasts","floor":13.0,"turns":4.0},{"damage":15.0,"enemies":"Lots of Slimes","floor":14.0,"turns":4.0},{"damage":23.0,"enemies":"Slime Boss","floor":16.0,"turns":14.0},{"damage":13.0,"enemies":"3 Byrds","floor":18.0,"turns":6.0},{"damage":0,"enemies":"Spheric Guardian","floor":20,"turns":2},{"damage":9,"enemies":"Centurion and Healer","floor":22,"turns":9},{"damage":22,"enemies":"3 Cultists","floor":23,"turns":5},{"damage":23,"enemies":"Slaver and Parasite","floor":25,"turns":5},{"damage":58,"enemies":"Gremlin Leader","floor":28,"turns":7},{"damage":0,"enemies":"Sentry and Sphere","floor":31,"turns":6},{"damage":42,"enemies":"Collector","floor":33,"turns":3}],"event_choices":[{"event_name":"Liars Game","player_choice":"agreed","floor":2.0,"damage_taken":0.0},{"event_name":"The Cleric","player_choice":"Card Removal","floor":3.0,"damage_taken":0.0},{"event_name":"Vampires","player_choice":"Ignored","floor":19,"damage_taken":0},{"event_name":"Wheel of Change","player_choice":"Gold","floor":27,"damage_taken":0},{"event_name":"Cursed Tome","player_choice":"Obtained Book","floor":30,"damage_taken":0}],"boss_relics":[],"potions_floor_spawned":[1,7,8,14,22,23,31],"seed_played":"-3838948870121683999","killed_by":"Collector","ascension_level":0,"is_trial":false}