{"gold_per_floor":[111,111,131,147,166,166,198,210,222,234,258,121,121,137,137,137],"floor_reached":16,"playtime":374,"items_purged":["Strike_B"],"score":128,"play_id":"f7ccb4da-170f-4c2e-9d6f-368d988233d1","local_time":"20190123193041","is_ascension_mode":true,"campfire_choices":[{"data":"Redo","floor":6,"key":"SMITH"},{"data":"Zap","floor":8,"key":"SMITH"},{"data":"Go for the Eyes","floor":10,"key":"SMITH"},{"data":"Storm","floor":15,"key":"SMITH"}],"neow_cost":"NONE","seed_source_timestamp":93409472274400,"circlet_count":0,"master_deck":["Strike_B","Strike_B","Strike_B","Defend_B","Defend_B","Defend_B","Defend_B","Zap+1","Dualcast","Steam","Redo+1","Cold Snap","Go for the Eyes+1","Storm+1","Capacitor","Defragment","Compile Driver"],"relics":["Cracked Core","NeowsBlessing","NlothsMask","MawBank","Golden Idol"],"potions_floor_usage":[16],"damage_taken":[{"damage":0,"enemies":"Cultist","floor":1,"turns":1},{"damage":0,"enemies":"2 Louse","floor":3,"turns":1},{"damage":0,"enemies":"Jaw Worm","floor":4,"turns":1},{"damage":1,"enemies":"2 Fungi Beasts","floor":5,"turns":3},{"damage":32,"enemies":"Gremlin Nob","floor":7,"turns":5},{"damage":6,"enemies":"Lots of Slimes","floor":11,"turns":3},{"damage":1,"enemies":"Looter","floor":14,"turns":3},{"damage":51,"enemies":"Slime Boss","floor":16,"turns":5}],"seed_played":"596705602548301300","potions_obtained":[{"floor":7,"key":"Dexterity Potion"},{"floor":11,"key":"Strength Potion"},{"floor":14,"key":"SmokeBomb"}],"is_trial":false,"path_per_floor":["M","?","M","M","M","R","E","R","T","R","M","$","?","M","R","B"],"character_chosen":"DEFECT","items_purchased":["Defragment"],"campfire_rested":0,"item_purchase_floors":[12],"current_hp_per_floor":[75,75,75,75,74,74,42,42,42,42,36,36,36,35,35,0],"gold":137,"neow_bonus":"THREE_ENEMY_KILL","is_prod":false,"is_daily":false,"chose_seed":false,"campfire_upgraded":4,"win_rate":0,"timestamp":1548243041,"path_taken":["M","?","?","?","M","R","E","R","T","R","M","$","?","M","R","BOSS"],"build_version":"2019-01-17v2","purchased_purges":1,"victory":false,"max_hp_per_floor":[75,75,75,75,75,75,75,75,75,75,75,75,69,69,69,69],"card_choices":[{"not_picked":["Stack","Turbo"],"picked":"Steam","floor":1},{"not_picked":["White Noise","Darkness"],"picked":"Redo","floor":3},{"not_picked":["Multi-Cast","Blizzard"],"picked":"Cold Snap","floor":4},{"not_picked":["Leap","Scrape"],"picked":"Go for the Eyes","floor":5},{"not_picked":["Turbo","Undo"],"picked":"Storm","floor":7},{"not_picked":["Leap","Stack"],"picked":"Capacitor","floor":11},{"not_picked":["Aggregate","Turbo"],"picked":"Compile Driver","floor":14}],"player_experience":670380,"relics_obtained":[{"floor":7,"key":"MawBank"}],"event_choices":[{"damage_healed":0,"gold_gain":0,"player_choice":"Trade","damage_taken":0,"relics_obtained":["NlothsMask"],"max_hp_gain":0,"max_hp_loss":0,"event_name":"FaceTrader","floor":2,"gold_loss":0},{"damage_healed":0,"gold_gain":0,"player_choice":"Lose Max HP","damage_taken":0,"relics_obtained":["Golden Idol"],"max_hp_gain":0,"max_hp_loss":6,"event_name":"Golden Idol","floor":13,"gold_loss":0}],"is_beta":false,"boss_relics":[],"items_purged_floors":[12],"is_endless":false,"potions_floor_spawned":[7,11,14],"killed_by":"Slime Boss","ascension_level":5}