{"gold_per_floor":[109,109,109,127,127,157,176,176,221,245,258,104,63,63,63,63],"floor_reached":16,"playtime":540,"items_purged":[],"score":195,"play_id":"6671c2ad-e0c7-4bdd-8c3a-ad18a69b79c5","local_time":"20181231165959","is_ascension_mode":true,"campfire_choices":[{"data":"Self Repair","floor":8.0,"key":"SMITH"},{"data":"Dualcast","floor":15.0,"key":"SMITH"}],"neow_cost":"NONE","seed_source_timestamp":20926643881545,"circlet_count":0,"master_deck":["AscendersBane","Strike_B","Strike_B+1","Strike_B","Strike_B","Defend_B","Defend_B","Defend_B","Defend_B","Zap+1","Dualcast+1","Barrage+1","Self Repair+1","Coolheaded","Cold Snap","Echo Form"],"special_seed":0,"relics":["Cracked Core","Happy Flower","Bag of Marbles","Omamori","Whetstone","Incense Burner"],"potions_floor_usage":[],"damage_taken":[{"damage":0.0,"enemies":"Small Slimes","floor":1.0,"turns":3.0},{"damage":2.0,"enemies":"Jaw Worm","floor":4.0,"turns":3.0},{"damage":50.0,"enemies":"Lagavulin","floor":6.0,"turns":8.0},{"damage":0.0,"enemies":"2 Louse","floor":7.0,"turns":1.0},{"damage":7.0,"enemies":"Red Slaver","floor":11.0,"turns":3.0},{"damage":5.0,"enemies":"Exordium Thugs","floor":13.0,"turns":5.0},{"damage":36,"enemies":"Slime Boss","floor":16,"turns":9}],"seed_played":"4222597683038690072","potions_obtained":[{"floor":7.0,"key":"FocusPotion"},{"floor":11.0,"key":"Dexterity Potion"},{"floor":13.0,"key":"Ancient Potion"}],"is_trial":false,"path_per_floor":["M","?","?","M","?","M","R","T","T","M","$","?","R"],"character_chosen":"DEFECT","items_purchased":["Echo Form"],"campfire_rested":0,"item_purchase_floors":[12],"current_hp_per_floor":[64,64,64,62,67,24,24,24,24,24,27,27,32,32,32,0],"gold":63,"neow_bonus":"RANDOM_COMMON_RELIC","is_prod":false,"is_daily":false,"chose_seed":false,"campfire_upgraded":2,"win_rate":0,"timestamp":1546271999,"path_taken":["M","?","?","M","?","E","M","R","T","?","?","?","?","?","R","BOSS"],"build_version":"2018-12-25","purchased_purges":0,"victory":false,"max_hp_per_floor":[71,71,71,71,76,76,76,76,76,76,76,76,76,76,76,76],"card_choices":[{"not_picked":["Sweeping Beam","Stack"],"picked":"Barrage","floor":1.0},{"not_picked":["Darkness","Redo"],"picked":"Self Repair","floor":4.0},{"not_picked":["Beam Cell","Static Discharge"],"picked":"Coolheaded","floor":6.0},{"not_picked":["Streamline","Double Energy","Beam Cell"],"picked":"SKIP","floor":7.0},{"not_picked":["Stack","Compile Driver"],"picked":"Cold Snap","floor":11.0},{"not_picked":["Turbo","Stack","Heatsinks"],"picked":"SKIP","floor":13.0}],"player_experience":885762,"relics_obtained":[{"floor":6.0,"key":"Bag of Marbles"},{"floor":9.0,"key":"Omamori"},{"floor":10.0,"key":"Whetstone"}],"event_choices":[{"damage_healed":0.0,"max_hp_gain":0.0,"max_hp_loss":0.0,"gold_gain":0.0,"event_name":"The Cleric","player_choice":"Leave","floor":2.0,"gold_loss":0.0,"damage_taken":0.0},{"damage_healed":0.0,"max_hp_gain":0.0,"max_hp_loss":0.0,"gold_gain":0.0,"event_name":"Living Wall","player_choice":"Grow","floor":3.0,"gold_loss":0.0,"damage_taken":0.0,"cards_upgraded":["Zap"]},{"damage_healed":0.0,"max_hp_gain":5.0,"max_hp_loss":0.0,"gold_gain":0.0,"event_name":"Big Fish","player_choice":"Donut","floor":5.0,"gold_loss":0.0,"damage_taken":0.0},{"damage_healed":0.0,"max_hp_gain":0.0,"max_hp_loss":0.0,"gold_gain":0.0,"event_name":"WeMeetAgain","player_choice":"Gave Potion","floor":14.0,"gold_loss":0.0,"damage_taken":0.0,"relics_obtained":["Incense Burner"]}],"is_beta":true,"boss_relics":[],"items_purged_floors":[],"is_endless":false,"potions_floor_spawned":[7,11,13],"killed_by":"Slime Boss","ascension_level":19}