{"path_per_floor":["M","?","M","?","$","R","M","E","T","M","M","R","?","?","R","B",null,"M","M","$"],"character_chosen":"DEFECT","items_purchased":["Conserve Battery","Coolheaded","Regen Potion","Fruit Juice"],"gold_per_floor":[114,114,134,134,61,61,71,105,132,144,160,160,160,160,160,258,258,275,292,116,116],"floor_reached":21,"campfire_rested":0,"playtime":1147,"item_purchase_floors":[5,5,20,20],"current_hp_per_floor":[69,54,52,52,52,52,44,31,31,26,17,17,22,22,22,13,80,67,30,30,0],"items_purged":[],"gold":116,"score":197,"play_id":"3db17176-8d12-4717-af37-be69ea83f3c3","local_time":"20180607200218","is_prod":false,"is_daily":false,"chose_seed":false,"is_ascension_mode":true,"campfire_upgraded":3,"win_rate":0,"timestamp":1528372938,"campfire_choices":[{"data":"Zap","floor":6,"key":"SMITH"},{"data":"Redo","floor":12,"key":"SMITH"},{"data":"Coolheaded","floor":15,"key":"SMITH"}],"path_taken":["M","?","?","?","$","R","M","E","T","M","M","R","?","?","R","BOSS","M","M","$","M"],"build_version":"2018-05-31","seed_source_timestamp":95127884862505,"purchased_purges":0,"victory":false,"master_deck":["Strike_B","Strike_B","Strike_B+1","Strike_B+1","Defend_B","Defend_B","Defend_B","Defend_B","Zap+1","Dualcast","Cold Snap","Leap","Conserve Battery","Coolheaded+1","Hologram+1","Cold Snap","Redo+1","All For One"],"max_hp_per_floor":[75,75,75,75,75,75,75,75,75,75,75,75,80,80,80,80,80,80,80,80,85],"relics":["Cracked Core","Gambling Chip","Vajra","Boot","Inserter"],"card_choices":[{"not_picked":["Hologram","Leap"],"picked":"Cold Snap","floor":1},{"not_picked":["Ball Lightning","Chaos"],"picked":"Leap","floor":3},{"not_picked":["Coolheaded","Beam Cell"],"picked":"Hologram","floor":7},{"not_picked":["Reprogram","Go for the Eyes","Lockon"],"picked":"SKIP","floor":8},{"not_picked":["Reinforced Body","Ball Lightning"],"picked":"Cold Snap","floor":10},{"not_picked":["Hologram","Skim"],"picked":"Redo","floor":11},{"not_picked":["Machine Learning","Fission"],"picked":"All For One","floor":16},{"not_picked":["Tempest","Cold Snap+1","Force Field"],"picked":"SKIP","floor":18},{"not_picked":["Cold Snap","Gash","Conserve Battery"],"picked":"SKIP","floor":19}],"player_experience":438045,"potions_floor_usage":[16,21],"damage_taken":[{"damage":6,"enemies":"Small Slimes","floor":1,"turns":3},{"damage":2,"enemies":"Cultist","floor":3,"turns":2},{"damage":8,"enemies":"Jaw Worm","floor":7,"turns":3},{"damage":13,"enemies":"Lagavulin","floor":8,"turns":8},{"damage":5,"enemies":"3 Louse","floor":10,"turns":3},{"damage":9,"enemies":"Large Slime","floor":11,"turns":5},{"damage":9,"enemies":"Hexaghost","floor":16,"turns":16},{"damage":13,"enemies":"Shell Parasite","floor":18,"turns":5},{"damage":37,"enemies":"3 Byrds","floor":19,"turns":6},{"damage":45,"enemies":"Cultist and Chosen","floor":21,"turns":8}],"relics_obtained":[{"floor":8,"key":"Vajra"},{"floor":9,"key":"Boot"}],"event_choices":[{"event_name":"Shining Light","player_choice":"Entered Light","floor":2,"damage_taken":0},{"event_name":"Fountain of Cleansing","player_choice":"Removed Curse","floor":4,"damage_taken":0},{"event_name":"Big Fish","player_choice":"Donut","floor":13,"damage_taken":0},{"event_name":"Living Wall","player_choice":"Grow","floor":14,"damage_taken":0}],"boss_relics":[{"not_picked":["Snecko Eye","Lizard Tail"],"picked":"Inserter"}],"items_purged_floors":[],"potions_floor_spawned":[3,11,16],"seed_played":"1381359891282010548","killed_by":"Cultist and Chosen","ascension_level":2,"potions_obtained":[{"floor":3,"key":"AttackPotion"},{"floor":11,"key":"SpeedPotion"},{"floor":16,"key":"SmokeBomb"}],"is_trial":false}