{"gold_per_floor":[116,130,144,144,157,157,157,157,157,171,181,213,213,138,138,239,239,259,259,271,271,131,131,131],"floor_reached":24,"playtime":1125,"items_purged":["Pain","Strike_R"],"score":216,"play_id":"2e18deb0-e7cf-418c-bb1f-534210809a8f","local_time":"20181116225957","is_ascension_mode":true,"campfire_choices":[{"floor":6,"key":"REST"},{"data":"Shockwave","floor":8,"key":"SMITH"},{"floor":13,"key":"REST"},{"data":"Metallicize","floor":15,"key":"SMITH"},{"floor":23,"key":"REST"}],"neow_cost":"NONE","seed_source_timestamp":193968475505114,"circlet_count":0,"master_deck":["Strike_R","Strike_R","Strike_R","Strike_R","Defend_R","Defend_R","Defend_R","Defend_R","Shockwave+1","Metallicize+1","Impervious+1","Flame Barrier+1","RitualDagger","Inflame"],"relics":["Burning Blood","NeowsBlessing","WarpedTongs","Toxic Egg 2","Pantograph","Orrery"],"potions_floor_usage":[16,20,24],"damage_taken":[{"damage":0,"enemies":"Cultist","floor":1,"turns":1},{"damage":0,"enemies":"Jaw Worm","floor":2,"turns":1},{"damage":0,"enemies":"2 Louse","floor":3,"turns":1},{"damage":34,"enemies":"Exordium Wildlife","floor":5,"turns":8},{"damage":16,"enemies":"Blue Slaver","floor":10,"turns":5},{"damage":4,"enemies":"Looter","floor":11,"turns":4},{"damage":29,"enemies":"Lagavulin","floor":12,"turns":8},{"damage":65,"enemies":"The Guardian","floor":16,"turns":15},{"damage":60,"enemies":"3 Byrds","floor":18,"turns":14},{"damage":19,"enemies":"Chosen","floor":20,"turns":9},{"damage":42,"enemies":"Book of Stabbing","floor":24,"turns":8}],"seed_played":"-6471098601229920789","potions_obtained":[{"floor":3,"key":"Strength Potion"},{"floor":10,"key":"FairyPotion"},{"floor":12,"key":"GamblersBrew"},{"floor":16,"key":"PowerPotion"}],"is_trial":false,"path_per_floor":["M","M","M","?","M","R","$","R","T","M","M","E","R","$","R","B",null,"M","?","M","?","$","R","E"],"character_chosen":"IRONCLAD","items_purchased":["Inflame"],"campfire_rested":3,"item_purchase_floors":[22],"current_hp_per_floor":[80,80,80,80,52,76,76,76,76,66,68,45,69,69,69,21,80,26,26,13,7,7,31,0],"gold":131,"neow_bonus":"THREE_ENEMY_KILL","is_prod":false,"is_daily":false,"chose_seed":false,"campfire_upgraded":2,"win_rate":0,"timestamp":1542430797,"path_taken":["M","M","?","?","?","R","$","R","T","M","?","E","R","?","R","BOSS","M","?","M","?","?","R","E"],"build_version":"2018-11-15","purchased_purges":2,"victory":false,"max_hp_per_floor":[80,80,80,80,80,80,80,80,80,80,80,80,80,80,80,80,80,80,80,80,80,80,80,80],"card_choices":[{"not_picked":["Wild Strike","Hemokinesis","True Grit"],"picked":"SKIP","floor":1},{"not_picked":["Armaments","Wild Strike","Perfected Strike"],"picked":"SKIP","floor":2},{"not_picked":["Spot Weakness","Entrench","Perfected Strike"],"picked":"SKIP","floor":3},{"not_picked":["Barricade","Perfected Strike"],"picked":"Shockwave","floor":5},{"not_picked":["Corruption","Fire Breathing","Pommel Strike"],"picked":"SKIP","floor":10},{"not_picked":["Heavy Blade","Thunderclap","Wild Strike"],"picked":"SKIP","floor":11},{"not_picked":["Intimidate+1","True Grit+1"],"picked":"Metallicize","floor":12},{"not_picked":["Fiend Fire","Berserk"],"picked":"Impervious+1","floor":16},{"not_picked":["Entrench+1","Havoc+1","Headbutt+1"],"picked":"SKIP","floor":18},{"not_picked":["Pommel Strike+1","Clothesline+1"],"picked":"Flame Barrier+1","floor":20}],"player_experience":259974,"relics_obtained":[{"floor":9,"key":"Toxic Egg 2"},{"floor":12,"key":"Pantograph"}],"event_choices":[{"damage_healed":0,"gold_gain":0,"player_choice":"Rummage","damage_taken":0,"relics_obtained":["WarpedTongs"],"max_hp_gain":0,"max_hp_loss":0,"event_name":"Accursed Blacksmith","floor":4,"gold_loss":0,"cards_obtained":["Pain"]},{"cards_removed":["Bash"],"damage_healed":0,"gold_gain":0,"player_choice":"Elegance","damage_taken":0,"max_hp_gain":0,"max_hp_loss":0,"event_name":"Back to Basics","floor":19,"gold_loss":0},{"damage_healed":0,"gold_gain":0,"player_choice":"Joined the Cult","damage_taken":6,"max_hp_gain":0,"max_hp_loss":0,"event_name":"Nest","floor":21,"gold_loss":0,"cards_obtained":["RitualDagger"]}],"is_beta":false,"boss_relics":[{"not_picked":["Empty Cage","Pandora\u0027s Box"],"picked":"Orrery"}],"items_purged_floors":[14,22],"is_endless":false,"potions_floor_spawned":[3,10,12,16],"killed_by":"Book of Stabbing","ascension_level":2}