{"gold_per_floor":[114,133,83,98,98,125,125,155,181,106,120,177,215,238,250,262],"floor_reached":16,"playtime":1038,"items_purged":["Bash"],"score":116,"play_id":"a0116ad0-6ac3-43d8-8691-e6b07572e501","local_time":"20181108203116","is_ascension_mode":true,"campfire_choices":[{"data":"Anger","floor":7,"key":"SMITH"},{"floor":15,"key":"REST"}],"neow_cost":"NONE","seed_source_timestamp":2581186860884740,"circlet_count":0,"master_deck":["Strike_R","Strike_R","Strike_R","Strike_R","Strike_R","Defend_R","Defend_R","Defend_R","Iron Wave","Iron Wave","Anger+1","Clash","Seeing Red","Anger","Cleave","Battle Trance","Inflame"],"relics":["Runic Dome","Regal Pillow","Omamori","Dream Catcher","Centennial Puzzle","MawBank","Odd Mushroom"],"potions_floor_usage":[16,16,16],"damage_taken":[{"damage":1,"enemies":"Cultist","floor":1,"turns":4},{"damage":0,"enemies":"2 Louse","floor":2,"turns":2},{"damage":1,"enemies":"Jaw Worm","floor":4,"turns":3},{"damage":17,"enemies":"3 Sentries","floor":6,"turns":8},{"damage":12,"enemies":"Gremlin Nob","floor":8,"turns":4},{"damage":4,"enemies":"Blue Slaver","floor":11,"turns":3},{"damage":10,"enemies":"Gremlin Nob","floor":12,"turns":4},{"damage":8,"enemies":"The Mushroom Lair","floor":13,"turns":2},{"damage":8,"enemies":"Gremlin Gang","floor":14,"turns":2},{"damage":51,"enemies":"The Guardian","floor":16,"turns":6}],"seed_played":"4153092651692338544","potions_obtained":[{"floor":4,"key":"SteroidPotion"},{"floor":6,"key":"SkillPotion"},{"floor":11,"key":"SkillPotion"}],"is_trial":false,"path_per_floor":["M","M","?","M","?","E","R","E","T","$","M","?","?","M","R","B"],"character_chosen":"IRONCLAD","items_purchased":[],"campfire_rested":1,"item_purchase_floors":[],"current_hp_per_floor":[79,79,79,78,66,49,49,37,37,37,33,23,15,7,46,0],"gold":262,"neow_bonus":"BOSS_RELIC","is_prod":false,"is_daily":false,"chose_seed":false,"campfire_upgraded":1,"win_rate":0,"timestamp":1541730676,"path_taken":["M","?","?","M","?","E","R","E","T","?","?","?","?","M","R","BOSS"],"build_version":"2018-11-08","purchased_purges":1,"victory":false,"max_hp_per_floor":[80,80,80,80,80,80,80,80,80,80,80,80,80,80,80,80],"card_choices":[{"not_picked":["Disarm","Shrug It Off"],"picked":"Iron Wave","floor":1},{"not_picked":["Reckless Charge","Pummel"],"picked":"Iron Wave","floor":2},{"not_picked":["Limit Break","Battle Trance"],"picked":"Anger","floor":4},{"not_picked":["Headbutt","Pommel Strike"],"picked":"Clash","floor":6},{"not_picked":["Second Wind","Power Through"],"picked":"Seeing Red","floor":8},{"not_picked":["Headbutt","Ghostly Armor"],"picked":"Anger","floor":11},{"not_picked":["Clash","Havoc"],"picked":"Cleave","floor":12},{"not_picked":["Bloodletting","True Grit"],"picked":"Battle Trance","floor":13},{"not_picked":["Berserk","Spot Weakness","Disarm"],"picked":"SKIP","floor":14},{"not_picked":["Sword Boomerang","Clothesline"],"picked":"Inflame","floor":15}],"player_experience":41261,"relics_obtained":[{"floor":6,"key":"Omamori"},{"floor":8,"key":"Dream Catcher"},{"floor":9,"key":"Centennial Puzzle"},{"floor":12,"key":"MawBank"},{"floor":13,"key":"Odd Mushroom"}],"event_choices":[{"cards_removed":["Defend_R"],"damage_healed":0,"gold_gain":0,"player_choice":"Card Removal","damage_taken":0,"max_hp_gain":0,"max_hp_loss":0,"event_name":"The Cleric","floor":3,"gold_loss":50},{"damage_healed":0,"gold_gain":0,"player_choice":"Success","damage_taken":12,"relics_obtained":["Regal Pillow"],"max_hp_gain":0,"max_hp_loss":0,"event_name":"Scrap Ooze","floor":5,"gold_loss":0},{"damage_healed":0,"gold_gain":30,"player_choice":"Searched \u00273\u0027 times","damage_taken":0,"max_hp_gain":0,"max_hp_loss":0,"event_name":"Dead Adventurer","floor":12,"gold_loss":0},{"damage_healed":0,"gold_gain":0,"player_choice":"Fought Mushrooms","damage_taken":0,"max_hp_gain":0,"max_hp_loss":0,"event_name":"Mushrooms","floor":13,"gold_loss":0}],"is_beta":false,"boss_relics":[],"items_purged_floors":[10],"is_endless":false,"potions_floor_spawned":[4,6,11,12],"killed_by":"The Guardian","ascension_level":1}