{"gold_per_floor":[410,410,19,19,37,37,51,66,91,91,121,139,168,180,180,285,285,304,304,324,119,145,145,176,176,223,254,254,254,265,265,265,363,363,374,374,389,389,413,442,21,41,41,61,61,86,86,114,114,114],"floor_reached":50,"playtime":3306,"items_purged":["Defend_R","Shame","Regret"],"score":824,"play_id":"6696997a-c3e2-4db9-a2e9-406ce4125f94","local_time":"20180928020925","is_ascension_mode":true,"campfire_choices":[{"data":"Whirlwind","floor":10,"key":"SMITH"},{"data":"Entrench","floor":15,"key":"SMITH"},{"data":"Demon Form","floor":23,"key":"SMITH"},{"data":"Seeing Red","floor":25,"key":"SMITH"},{"data":"Havoc","floor":28,"key":"SMITH"},{"data":"RitualDagger","floor":32,"key":"SMITH"},{"data":"Exhume","floor":47,"key":"SMITH"},{"data":"Heavy Blade","floor":49,"key":"SMITH"}],"neow_cost":"CURSE","seed_source_timestamp":841748903774997,"circlet_count":0,"master_deck":["Strike_R","Strike_R","Strike_R","Strike_R","Strike_R","Defend_R","Defend_R+1","Flame Barrier","Intimidate","Shrug It Off","Whirlwind+1","Headbutt","Ghostly Armor","Impervious","Shrug It Off+1","Entrench+1","Shrug It Off","Demon Form+1","Flame Barrier+1","Heavy Blade+1","Havoc+1","Seeing Red+1","Metallicize","Fire Breathing+1","RitualDagger+1","Burning Pact","Ghostly","Ghostly","Ghostly","Ghostly","Ghostly","Exhume+1","Clothesline+1","Clothesline+1","Dropkick+1","Pommel Strike+1","Decay","Cleave+1","Perfected Strike+1","Thunderclap+1"],"relics":["Burning Blood","Old Coin","Strange Spoon","Mercury Hourglass","Ancient Tea Set","Centennial Puzzle","Strawberry","Mark of Pain","Anchor","Happy Flower","Bottled Flame","Orichalcum","Potion Belt","Cursed Key","Dream Catcher","War Paint","Dead Branch","Champion Belt","Mummified Hand","Unceasing Top"],"potions_floor_usage":[11,16,24,27,27,37,40,44,46,46,46,50,50],"damage_taken":[{"damage":0,"enemies":"2 Louse","floor":1,"turns":3},{"damage":0,"enemies":"Cultist","floor":5,"turns":4},{"damage":0,"enemies":"Small Slimes","floor":7,"turns":3},{"damage":7,"enemies":"Blue Slaver","floor":8,"turns":4},{"damage":29,"enemies":"Gremlin Nob","floor":11,"turns":4},{"damage":0,"enemies":"3 Louse","floor":12,"turns":2},{"damage":10,"enemies":"3 Sentries","floor":13,"turns":4},{"damage":6,"enemies":"Red Slaver","floor":14,"turns":3},{"damage":12,"enemies":"Slime Boss","floor":16,"turns":10},{"damage":0,"enemies":"Chosen","floor":18,"turns":5},{"damage":0,"enemies":"3 Byrds","floor":20,"turns":2},{"damage":1,"enemies":"Slavers","floor":24,"turns":5},{"damage":2,"enemies":"Book of Stabbing","floor":27,"turns":5},{"damage":7,"enemies":"Centurion and Healer","floor":30,"turns":5},{"damage":0,"enemies":"Automaton","floor":33,"turns":8},{"damage":0,"enemies":"3 Shapes","floor":35,"turns":3},{"damage":0,"enemies":"Orb Walker","floor":37,"turns":4},{"damage":40,"enemies":"Nemesis","floor":40,"turns":11},{"damage":0,"enemies":"Sphere and 2 Shapes","floor":42,"turns":5},{"damage":17,"enemies":"Transient","floor":44,"turns":5},{"damage":12,"enemies":"2 Orb Walkers","floor":46,"turns":6},{"damage":0,"enemies":"Nemesis","floor":48,"turns":4},{"damage":22,"enemies":"Awakened One","floor":50,"turns":3}],"seed_played":"-4707396873915869661","potions_obtained":[{"floor":5,"key":"Strength Potion"},{"floor":12,"key":"Block Potion"},{"floor":13,"key":"Weak Potion"},{"floor":20,"key":"SneckoOil"},{"floor":24,"key":"Weak Potion"},{"floor":30,"key":"EssenceOfSteel"},{"floor":36,"key":"PowerPotion"},{"floor":36,"key":"Regen Potion"},{"floor":36,"key":"Energy Potion"},{"floor":42,"key":"Weak Potion"},{"floor":44,"key":"Dexterity Potion"},{"floor":46,"key":"Explosive Potion"},{"floor":48,"key":"Swift Potion"}],"is_trial":false,"path_per_floor":["M","?","$","T","M","?","M","M","T","R","E","M","E","M","R","B",null,"M","?","M","$","T","R","E","R","T","E","R","?","M","?","R","B",null,"M","?","M","?","T","E","$","M","T","M","?","E","R","E","R"],"character_chosen":"IRONCLAD","items_purchased":["Strange Spoon","Intimidate","Shrug It Off","Havoc","Seeing Red","Dead Branch"],"campfire_rested":0,"item_purchase_floors":[3,3,3,21,21,41],"current_hp_per_floor":[80,80,80,80,80,73,79,78,78,78,55,61,64,64,64,58,87,87,87,87,87,87,87,87,87,87,87,87,81,80,43,43,43,43,43,43,43,43,43,21,21,27,27,16,16,10,10,16,16,0],"gold":114,"neow_bonus":"ONE_RARE_RELIC","is_prod":false,"is_daily":false,"chose_seed":false,"campfire_upgraded":8,"win_rate":0,"timestamp":1538075365,"path_taken":["M","?","$","?","M","?","M","?","T","R","E","M","E","M","R","BOSS","M","?","M","$","?","R","E","R","T","E","R","?","M","?","R","BOSS","M","?","M","?","?","E","$","M","T","M","?","E","R","E","R","BOSS"],"build_version":"2018-09-20","purchased_purges":3,"victory":false,"max_hp_per_floor":[80,80,80,80,80,80,80,80,80,80,80,80,87,87,87,87,87,87,87,87,87,87,87,87,87,87,87,87,87,87,43,43,43,43,43,43,43,43,43,43,43,43,43,43,43,43,43,43,43,43],"card_choices":[{"not_picked":["Body Slam","Sword Boomerang"],"picked":"Flame Barrier","floor":1},{"not_picked":["Clothesline","Shrug It Off"],"picked":"Whirlwind","floor":5},{"not_picked":["Rupture","Anger"],"picked":"Headbutt","floor":7},{"not_picked":["Perfected Strike","Twin Strike"],"picked":"Ghostly Armor","floor":8},{"not_picked":["Flex","Armaments"],"picked":"Impervious","floor":11},{"not_picked":["Entrench","Body Slam"],"picked":"Shrug It Off","floor":12},{"not_picked":["Power Through","Clash"],"picked":"Entrench","floor":13},{"not_picked":["Body Slam","Pommel Strike"],"picked":"Shrug It Off","floor":14},{"not_picked":["Exhume","Bludgeon"],"picked":"Demon Form","floor":16},{"not_picked":["Heavy Blade","Flex"],"picked":"Flame Barrier+1","floor":18},{"not_picked":["Intimidate","Wild Strike"],"picked":"Heavy Blade","floor":20},{"not_picked":["Sword Boomerang","Anger+1"],"picked":"Metallicize","floor":24},{"not_picked":["Havoc","Dropkick"],"picked":"Fire Breathing+1","floor":27},{"not_picked":["Twin Strike","Clothesline"],"picked":"Burning Pact","floor":30},{"not_picked":["Reaper","Juggernaut"],"picked":"Exhume","floor":33},{"not_picked":["Armaments","Twin Strike+1"],"picked":"Clothesline+1","floor":35},{"not_picked":["True Grit","Warcry"],"picked":"Clothesline+1","floor":37},{"not_picked":["Flame Barrier","Body Slam"],"picked":"Dropkick+1","floor":40},{"not_picked":["Shockwave","Iron Wave+1"],"picked":"Pommel Strike+1","floor":42},{"not_picked":["Demon Form","Clothesline"],"picked":"Cleave+1","floor":44},{"not_picked":["Cleave","Immolate"],"picked":"Perfected Strike+1","floor":46},{"not_picked":["Flex","Metallicize"],"picked":"Thunderclap+1","floor":48}],"player_experience":216376,"relics_obtained":[{"floor":4,"key":"Mercury Hourglass"},{"floor":9,"key":"Ancient Tea Set"},{"floor":11,"key":"Centennial Puzzle"},{"floor":13,"key":"Strawberry"},{"floor":22,"key":"Happy Flower"},{"floor":24,"key":"Bottled Flame"},{"floor":26,"key":"Orichalcum"},{"floor":27,"key":"Potion Belt"},{"floor":39,"key":"Dream Catcher"},{"floor":40,"key":"War Paint"},{"floor":45,"key":"Champion Belt"},{"floor":46,"key":"Mummified Hand"},{"floor":48,"key":"Unceasing Top"}],"event_choices":[{"event_name":"Wheel of Change","player_choice":"Card Removal","floor":2,"damage_taken":0},{"event_name":"Golden Wing","player_choice":"Card Removal","floor":6,"damage_taken":0},{"event_name":"Addict","player_choice":"Stole Relic","floor":19,"damage_taken":0},{"event_name":"Nest","player_choice":"Joined the Cult","floor":29,"damage_taken":0},{"event_name":"Ghosts","player_choice":"Became a Ghost","floor":31,"damage_taken":0},{"event_name":"The Lab","player_choice":"Got Potions","floor":36,"damage_taken":0},{"event_name":"Falling","player_choice":"Removed Attack","floor":38,"damage_taken":0},{"event_name":"Wheel of Change","player_choice":"Relic","floor":45,"damage_taken":0}],"is_beta":false,"boss_relics":[{"not_picked":["Runic Cube","Runic Dome"],"picked":"Mark of Pain"},{"not_picked":["Lizard Tail","Black Blood"],"picked":"Cursed Key"}],"items_purged_floors":[3,21,41],"is_endless":false,"potions_floor_spawned":[5,12,13,20,24,30,42,44,46,48],"killed_by":"Awakened One","ascension_level":3}