{"gold_per_floor":[110,122,140,156,175,205,205,205,228,228,262,17,30,65,65,168,168,187,147,165,181,81,115,115,115,142,170,170,45,56,68,68,167,167,186,206,217,229,229,229,257,257,257,291,309,65,0,0,0,0],"floor_reached":51,"playtime":13021,"items_purged":["Defend_R","Strike_R","Strike_R"],"score":965,"play_id":"e08fc085-0b89-4721-bb69-e007a3f43b37","local_time":"20181113213409","is_ascension_mode":true,"campfire_choices":[{"floor":8,"key":"REST"},{"data":"Spot Weakness","floor":10,"key":"SMITH"},{"data":"Demon Form","floor":15,"key":"SMITH"},{"data":"Shrug It Off","floor":24,"key":"SMITH"},{"floor":28,"key":"REST"},{"data":"Shrug It Off","floor":32,"key":"SMITH"},{"data":"Heavy Blade","floor":40,"key":"SMITH"},{"data":"Demon Form","floor":42,"key":"SMITH"},{"data":"Carnage","floor":49,"key":"SMITH"}],"neow_cost":"NONE","seed_source_timestamp":17657825784209,"circlet_count":0,"master_deck":["Strike_R+1","Strike_R+1","Bash+1","Shrug It Off+1","Spot Weakness+1","Disarm+1","Reaper","Headbutt","Demon Form+1","Shrug It Off+1","Clothesline+1","Impervious","Spot Weakness+1","Clothesline+1","Demon Form+1","Inflame+1","Spot Weakness+1","Heavy Blade+1","True Grit+1","Shrug It Off+1","Carnage+1"],"relics":["Burning Blood","Art of War","Bag of Marbles","Dream Catcher","Potion Belt","Snecko Eye","Mercury Hourglass","Red Skull","Whetstone","Astrolabe","Paper Frog","Sundial","Ornamental Fan","Anchor","Red Mask"],"potions_floor_usage":[14,16,31,35,37,38,44,50],"damage_taken":[{"damage":3,"enemies":"Small Slimes","floor":1,"turns":3},{"damage":5,"enemies":"Cultist","floor":2,"turns":4},{"damage":4,"enemies":"Jaw Worm","floor":3,"turns":3},{"damage":0,"enemies":"Large Slime","floor":4,"turns":6},{"damage":13,"enemies":"Blue Slaver","floor":5,"turns":3},{"damage":36,"enemies":"Lagavulin","floor":6,"turns":6},{"damage":38,"enemies":"3 Sentries","floor":11,"turns":7},{"damage":4,"enemies":"2 Fungi Beasts","floor":13,"turns":4},{"damage":23,"enemies":"Gremlin Nob","floor":14,"turns":4},{"damage":24,"enemies":"Hexaghost","floor":16,"turns":7},{"damage":22,"enemies":"Spheric Guardian","floor":18,"turns":5},{"damage":14,"enemies":"3 Byrds","floor":20,"turns":5},{"damage":10,"enemies":"Snake Plant","floor":21,"turns":3},{"damage":25,"enemies":"Gremlin Leader","floor":23,"turns":6},{"damage":32,"enemies":"Slavers","floor":27,"turns":5},{"damage":0,"enemies":"Snecko","floor":30,"turns":3},{"damage":10,"enemies":"Centurion and Healer","floor":31,"turns":4},{"damage":55,"enemies":"Collector","floor":33,"turns":7},{"damage":4,"enemies":"Orb Walker","floor":35,"turns":3},{"damage":13,"enemies":"3 Shapes","floor":36,"turns":3},{"damage":32,"enemies":"Maw","floor":37,"turns":5},{"damage":7,"enemies":"Transient","floor":38,"turns":5},{"damage":48,"enemies":"Reptomancer","floor":41,"turns":4},{"damage":10,"enemies":"Nemesis","floor":44,"turns":4},{"damage":27,"enemies":"Writhing Mass","floor":45,"turns":3},{"damage":25,"enemies":"Awakened One","floor":50,"turns":5}],"seed_played":"4481492709066108119","potions_obtained":[{"floor":4,"key":"SteroidPotion"},{"floor":5,"key":"LiquidBronze"},{"floor":13,"key":"EssenceOfSteel"},{"floor":16,"key":"FearPotion"},{"floor":18,"key":"Energy Potion"},{"floor":21,"key":"Regen Potion"},{"floor":27,"key":"SkillPotion"},{"floor":33,"key":"Block Potion"},{"floor":35,"key":"Energy Potion"},{"floor":44,"key":"BloodPotion"},{"floor":45,"key":"SpeedPotion"}],"is_trial":false,"path_per_floor":["M","M","M","M","M","E","?","R","T","R","E","$","M","E","R","B",null,"M","?","M","M","$","E","R","?","T","E","R","$","M","M","R","B",null,"M","M","M","M","?","R","E","R","T","E","M","$","?","?","R","B",null],"character_chosen":"IRONCLAD","items_purchased":["Demon Form","Shrug It Off","Block Potion","Carnage","Anchor"],"campfire_rested":2,"item_purchase_floors":[12,12,46,46,46],"current_hp_per_floor":[75,76,78,80,73,43,43,67,67,67,51,51,61,56,56,38,70,54,54,64,60,60,80,80,65,65,47,72,72,85,85,85,43,75,77,81,65,85,85,85,61,61,61,72,75,75,75,75,75,85],"gold":0,"neow_bonus":"UPGRADE_CARD","is_prod":false,"is_daily":false,"chose_seed":false,"campfire_upgraded":7,"win_rate":0,"timestamp":1542173649,"path_taken":["M","M","M","M","M","E","?","R","T","R","E","$","M","E","R","BOSS","M","?","?","M","$","E","R","?","T","E","R","?","M","M","R","BOSS","M","M","M","M","?","R","E","R","T","E","M","$","?","?","R","BOSS"],"build_version":"2018-11-08","purchased_purges":3,"victory":true,"max_hp_per_floor":[80,80,80,80,80,80,80,80,80,80,80,80,80,80,80,80,80,80,80,80,80,80,80,80,85,85,85,85,85,85,85,85,85,85,85,85,85,85,85,85,85,85,85,85,85,85,85,85,85,85],"card_choices":[{"not_picked":["Headbutt","Heavy Blade"],"picked":"Shrug It Off","floor":1},{"not_picked":["Reckless Charge","Iron Wave","Cleave"],"picked":"SKIP","floor":2},{"not_picked":["Combust","Dual Wield","Sentinel"],"picked":"SKIP","floor":3},{"not_picked":["Twin Strike","Flex","Bloodletting"],"picked":"SKIP","floor":4},{"not_picked":["Clash","Clothesline"],"picked":"Spot Weakness","floor":5},{"not_picked":["Impervious","Havoc"],"picked":"Disarm","floor":6},{"not_picked":["Thunderclap","Cleave"],"picked":"Headbutt","floor":11},{"not_picked":["Flex","Intimidate","Body Slam"],"picked":"SKIP","floor":13},{"not_picked":["Dual Wield","Perfected Strike"],"picked":"Clothesline","floor":14},{"not_picked":["Bludgeon","Juggernaut"],"picked":"Impervious","floor":16},{"not_picked":["True Grit","Infernal Blade"],"picked":"Spot Weakness+1","floor":18},{"not_picked":["Thunderclap+1","Entrench+1","Sword Boomerang+1"],"picked":"SKIP","floor":20},{"not_picked":["Havoc","Thunderclap","Cleave"],"picked":"SKIP","floor":21},{"not_picked":["Cleave","Armaments","True Grit"],"picked":"SKIP","floor":23},{"not_picked":["Exhume","Armaments","Clash"],"picked":"SKIP","floor":27},{"not_picked":["Anger","Flex"],"picked":"Clothesline+1","floor":28},{"not_picked":["True Grit","Sword Boomerang","Iron Wave+1"],"picked":"SKIP","floor":30},{"not_picked":["Sever Soul","Flex","Wild Strike"],"picked":"SKIP","floor":31},{"not_picked":["Barricade","Offering"],"picked":"Demon Form","floor":33},{"not_picked":["Sword Boomerang+1","Dropkick+1"],"picked":"Heavy Blade","floor":35},{"not_picked":["Corruption","Inflame+1"],"picked":"True Grit+1","floor":36},{"not_picked":["Havoc","Combust","Pummel"],"picked":"SKIP","floor":37},{"not_picked":["Havoc","Combust","Pummel"],"picked":"SKIP","floor":37},{"not_picked":["Anger","Whirlwind+1"],"picked":"Shrug It Off+1","floor":38},{"not_picked":["Disarm+1","True Grit","Havoc"],"picked":"SKIP","floor":41},{"not_picked":["Sentinel+1","Entrench","Dual Wield"],"picked":"SKIP","floor":44},{"not_picked":["Sword Boomerang","Twin Strike+1","Disarm"],"picked":"SKIP","floor":45}],"player_experience":234260,"relics_obtained":[{"floor":6,"key":"Art of War"},{"floor":9,"key":"Bag of Marbles"},{"floor":11,"key":"Dream Catcher"},{"floor":14,"key":"Potion Belt"},{"floor":23,"key":"Mercury Hourglass"},{"floor":26,"key":"Red Skull"},{"floor":27,"key":"Whetstone"},{"floor":41,"key":"Paper Frog"},{"floor":43,"key":"Sundial"},{"floor":44,"key":"Ornamental Fan"}],"event_choices":[{"damage_healed":0,"gold_gain":0,"cards_transformed":["Defend_R"],"player_choice":"Transformed","damage_taken":0,"max_hp_gain":0,"max_hp_loss":0,"event_name":"Transmorgrifier","floor":7,"gold_loss":0,"cards_obtained":["Reaper"]},{"damage_healed":0,"gold_gain":0,"player_choice":"Upgrade","damage_taken":0,"max_hp_gain":0,"max_hp_loss":0,"event_name":"Designer","floor":19,"gold_loss":40,"cards_upgraded":["Clothesline"]},{"damage_healed":0,"gold_gain":0,"player_choice":"Shed Blood","damage_taken":20,"max_hp_gain":5,"max_hp_loss":0,"event_name":"Forgotten Altar","floor":25,"gold_loss":0},{"cards_removed":["Berserk"],"damage_healed":0,"gold_gain":0,"player_choice":"Removed Power","damage_taken":0,"max_hp_gain":0,"max_hp_loss":0,"event_name":"Falling","floor":39,"gold_loss":0},{"damage_healed":0,"gold_gain":0,"player_choice":"Paid","damage_taken":0,"relics_obtained":["Red Mask"],"max_hp_gain":0,"max_hp_loss":0,"event_name":"Tomb of Lord Red Mask","floor":47,"gold_loss":65},{"damage_healed":0,"gold_gain":0,"player_choice":"Upgraded","damage_taken":0,"max_hp_gain":0,"max_hp_loss":0,"event_name":"Upgrade Shrine","floor":48,"gold_loss":0,"cards_upgraded":["Disarm"]}],"is_beta":false,"boss_relics":[{"not_picked":["Tiny House","Coffee Dripper"],"picked":"Snecko Eye"},{"not_picked":["Runic Cube","Orrery"],"picked":"Astrolabe"}],"items_purged_floors":[12,22,29],"is_endless":false,"potions_floor_spawned":[4,5,13,16,18,21,27,33,35,44,45],"ascension_level":6}