{"gold_per_floor":[117,5,16,16,34,69,69,69,92,92,92,92,92,42,42,42],"floor_reached":16,"playtime":631,"items_purged":["Defend_G","Strike_G"],"score":110,"play_id":"c339184b-2ccb-4a47-8713-c9130b07203b","local_time":"20181205214204","is_ascension_mode":true,"campfire_choices":[{"floor":8,"key":"REST"},{"floor":10,"key":"REST"},{"floor":12,"key":"REST"},{"floor":15,"key":"RECALL"}],"neow_cost":"NONE","seed_source_timestamp":967914542934649,"circlet_count":0,"master_deck":["Defend_G","Defend_G","Defend_G","Defend_G","Strike_G","Strike_G","Strike_G","Strike_G","Survivor","Neutralize","Backstab","Well Laid Plans"],"relics":["Ring of the Snake","NeowsBlessing","Smiling Mask","Ornamental Fan","Golden Idol","Mercury Hourglass"],"potions_floor_usage":[6,16,16,16],"damage_taken":[{"damage":0,"enemies":"2 Louse","floor":1,"turns":1},{"damage":0,"enemies":"Jaw Worm","floor":3,"turns":1},{"damage":0,"enemies":"Cultist","floor":5,"turns":1},{"damage":59,"enemies":"Lagavulin","floor":6,"turns":11},{"damage":72,"enemies":"Slime Boss","floor":16,"turns":16}],"seed_played":"-4152118054278594221","potions_obtained":[{"floor":1,"key":"Weak Potion"},{"floor":3,"key":"Regen Potion"},{"floor":5,"key":"PowerPotion"},{"floor":6,"key":"SpeedPotion"}],"is_trial":false,"path_per_floor":["M","$","M","?","M","E","?","R","T","R","?","R","T","$","R","B"],"character_chosen":"THE_SILENT","items_purchased":["Well Laid Plans"],"campfire_rested":3,"item_purchase_floors":[2],"current_hp_per_floor":[70,70,70,63,63,4,4,25,25,46,29,50,50,50,50,0],"gold":42,"neow_bonus":"THREE_ENEMY_KILL","is_prod":false,"is_daily":false,"chose_seed":false,"campfire_upgraded":0,"win_rate":0,"timestamp":1544067724,"path_taken":["M","$","M","?","M","E","?","R","T","R","?","R","?","?","R","BOSS"],"build_version":"2018-11-15","purchased_purges":2,"victory":false,"max_hp_per_floor":[70,70,70,70,70,70,70,70,70,70,70,70,70,70,70,70],"card_choices":[{"not_picked":["Deflect","Well Laid Plans"],"picked":"Backstab","floor":1},{"not_picked":["Choke","Calculated Gamble","Deflect"],"picked":"SKIP","floor":3},{"not_picked":["Slice","Bane","Dagger Throw"],"picked":"SKIP","floor":5},{"not_picked":["Skewer","Choke","PiercingWail"],"picked":"SKIP","floor":6}],"player_experience":655197,"relics_obtained":[{"floor":6,"key":"Ornamental Fan"},{"floor":13,"key":"Mercury Hourglass"}],"event_choices":[{"damage_healed":0,"gold_gain":0,"player_choice":"Success","damage_taken":7,"relics_obtained":["Smiling Mask"],"max_hp_gain":0,"max_hp_loss":0,"event_name":"Scrap Ooze","floor":4,"gold_loss":0},{"damage_healed":0,"gold_gain":0,"player_choice":"Ignored","damage_taken":0,"max_hp_gain":0,"max_hp_loss":0,"event_name":"Shining Light","floor":7,"gold_loss":0},{"damage_healed":0,"gold_gain":0,"player_choice":"Take Damage","damage_taken":17,"relics_obtained":["Golden Idol"],"max_hp_gain":0,"max_hp_loss":0,"event_name":"Golden Idol","floor":11,"gold_loss":0}],"is_beta":false,"boss_relics":[],"items_purged_floors":[2,14],"is_endless":false,"potions_floor_spawned":[1,3,5,6],"killed_by":"Slime Boss","ascension_level":3}