{"path_per_floor":["M","M","$","?","T","M","E","M","T","?","?","R","M","E","R","B",null,"M","?","T","M"],"character_chosen":"DEFECT","items_purchased":["Ball Lightning"],"gold_per_floor":[117,129,0,0,0,18,51,66,66,31,31,31,51,83,83,181,181,201,201,201,213,213],"floor_reached":22,"campfire_rested":2,"playtime":924,"current_hp_per_floor":[68,58,58,63,63,52,24,8,8,28,28,67,53,35,74,25,80,55,39,39,19,0],"items_purged":["Defend_B"],"gold":213,"score":194,"play_id":"854c6cef-bc60-4940-b1cf-b04349d9a5bc","local_time":"20180429142919","is_prod":false,"is_daily":false,"chose_seed":false,"is_ascension_mode":false,"campfire_upgraded":0,"timestamp":1524983359,"path_taken":["M","M","$","?","?","M","E","?","T","?","?","R","M","E","R","BOSS","M","?","?","M","M"],"build_version":"2018-04-27v3","seed_source_timestamp":14605364835680,"purchased_purges":2,"victory":false,"master_deck":["Strike_B","Defend_B","Defend_B","Zap","Dualcast","Axe Kick","White Noise","Ball Lightning","Chaos","Barrage","Coolheaded","Force Field","White Noise","Melter","Fusion","Hologram+1","Blizzard+1","Rip and Tear+1","Stack+1","Necronomicurse","Double Energy+1"],"max_hp_per_floor":[75,75,75,80,80,80,80,80,80,80,80,80,80,80,80,80,80,80,80,80,80,80],"relics":["Cracked Core","Bag of Marbles","Question Card","Regal Pillow","Mummified Hand","Frozen Egg 2","Astrolabe","Necronomicon","Centennial Puzzle"],"card_choices":[{"not_picked":["Go for the Eyes","Heatsinks"],"picked":"Axe Kick","floor":1},{"not_picked":["Leap","Impulse"],"picked":"White Noise","floor":2},{"not_picked":["Impulse","Sweeping Beam","Defragment"],"picked":"Chaos","floor":6},{"not_picked":["Redo","Melter","Axe Kick"],"picked":"Barrage","floor":7},{"not_picked":["Heatsinks","Turbo","Impulse"],"picked":"Coolheaded","floor":8},{"not_picked":["Cold Snap","Coolheaded","Go for the Eyes"],"picked":"White Noise","floor":13},{"not_picked":["Chaos","Skim","Auto Shields"],"picked":"Melter","floor":14},{"not_picked":["Amplify","Reboot","All For One"],"picked":"Fusion","floor":16},{"not_picked":["Coolheaded","Hologram","Rebound"],"picked":"Stack","floor":18},{"not_picked":["Loop","Doom and Gloom","Leap"],"picked":"Double Energy","floor":21}],"player_experience":14155,"potions_floor_usage":[8],"damage_taken":[{"damage":7,"enemies":"2 Louse","floor":1,"turns":3},{"damage":10,"enemies":"Small Slimes","floor":2,"turns":3},{"damage":11,"enemies":"Jaw Worm","floor":6,"turns":2},{"damage":28,"enemies":"3 Sentries","floor":7,"turns":5},{"damage":16,"enemies":"Exordium Wildlife","floor":8,"turns":2},{"damage":14,"enemies":"3 Louse","floor":13,"turns":2},{"damage":18,"enemies":"Lagavulin","floor":14,"turns":6},{"damage":63,"enemies":"Slime Boss","floor":16,"turns":14},{"damage":25,"enemies":"Shell Parasite","floor":18,"turns":4},{"damage":27,"enemies":"2 Thieves","floor":21,"turns":3},{"damage":20,"enemies":"3 Cultists","floor":22,"turns":3}],"event_choices":[{"event_name":"Big Fish","player_choice":"Donut","floor":4,"damage_taken":0},{"event_name":"The Cleric","player_choice":"Healed","floor":10,"damage_taken":0},{"event_name":"Living Wall","player_choice":"Change","floor":11,"damage_taken":0},{"event_name":"Cursed Tome","player_choice":"Obtained Book","floor":19,"damage_taken":0}],"boss_relics":[{"not_picked":["Sozu","Tiny House"],"picked":"Astrolabe"}],"potions_floor_spawned":[1,2,6,21],"seed_played":"5627888165842871875","killed_by":"3 Cultists","ascension_level":0,"is_trial":false}