{"gold_per_floor":[118,118,193,209,224,567,567,607,607,607],"floor_reached":10,"playtime":270,"items_purged":[],"score":148,"play_id":"a0e49cad-6394-44f7-acd6-85e363e6483e","local_time":"20181216135210","is_ascension_mode":true,"campfire_choices":[{"data":"Loop","floor":7.0,"key":"SMITH"}],"neow_cost":"TEN_PERCENT_HP_LOSS","seed_source_timestamp":22416503118686,"circlet_count":0,"master_deck":["AscendersBane","Strike_B","Strike_B","Strike_B","Strike_B","Defend_B","Defend_B","Zap","Dualcast","Chill","Undo","FTL","Ball Lightning","Loop+1","Conserve Battery","FTL"],"special_seed":0,"relics":["Cracked Core","Golden Idol","Old Coin","Turnip","Girya"],"potions_floor_usage":[],"damage_taken":[{"damage":0.0,"enemies":"2 Louse","floor":1.0,"turns":3.0},{"damage":3.0,"enemies":"Small Slimes","floor":4.0,"turns":3.0},{"damage":5.0,"enemies":"Jaw Worm","floor":5.0,"turns":3.0},{"damage":11.0,"enemies":"Gremlin Nob","floor":6.0,"turns":3.0},{"damage":23.0,"enemies":"Lagavulin","floor":8.0,"turns":7.0},{"damage":0,"enemies":"Looter","floor":10,"turns":1}],"seed_played":"-8239136998775677418","potions_obtained":[{"floor":1.0,"key":"SteroidPotion"}],"is_trial":false,"path_per_floor":["M","?","?","M","M","E","R","E","T","M"],"character_chosen":"DEFECT","items_purchased":[],"campfire_rested":0,"item_purchase_floors":[],"current_hp_per_floor":[64,58,47,44,39,28,28,5,5,5],"gold":607,"neow_bonus":"TRANSFORM_TWO_CARDS","is_prod":false,"is_daily":false,"chose_seed":false,"campfire_upgraded":1,"win_rate":0,"timestamp":1544964730,"path_taken":["M","?","?","M","M","E","R","E","T","M"],"build_version":"2018-12-13","purchased_purges":0,"victory":false,"max_hp_per_floor":[64,58,58,58,58,58,58,58,58,58],"card_choices":[{"not_picked":["Melter","Barrage"],"picked":"FTL","floor":1.0},{"not_picked":["Stack","Turbo"],"picked":"Ball Lightning","floor":4.0},{"not_picked":["Hologram","Go for the Eyes"],"picked":"Loop","floor":5.0},{"not_picked":["Genetic Algorithm","Steam Power"],"picked":"Conserve Battery","floor":6.0},{"not_picked":["Recycle","Reinforced Body"],"picked":"FTL","floor":8.0}],"player_experience":841130,"relics_obtained":[{"floor":6.0,"key":"Old Coin"},{"floor":8.0,"key":"Turnip"},{"floor":9.0,"key":"Girya"}],"event_choices":[{"damage_healed":0.0,"max_hp_gain":0.0,"max_hp_loss":6.0,"gold_gain":0.0,"event_name":"Golden Idol","player_choice":"Lose Max HP","floor":2.0,"gold_loss":0.0,"damage_taken":0.0,"relics_obtained":["Golden Idol"]},{"damage_healed":0.0,"max_hp_gain":0.0,"max_hp_loss":0.0,"gold_gain":75.0,"event_name":"World of Goop","player_choice":"Gather Gold","floor":3.0,"gold_loss":0.0,"damage_taken":11.0}],"is_beta":true,"boss_relics":[],"items_purged_floors":[],"is_endless":false,"potions_floor_spawned":[1],"killed_by":"Looter","ascension_level":19}