{"gold_per_floor":[119,119,44,44,64,98,110,110,157,157,177,177,177,233,233,233],"floor_reached":16,"playtime":381,"items_purged":["Bash"],"score":153,"play_id":"73bc7d8b-ec15-48e5-9d71-963e832679d9","local_time":"20181121105557","is_ascension_mode":true,"campfire_choices":[{"floor":8,"key":"RECALL"},{"data":"Strike_R","floor":10,"key":"SMITH"},{"data":"Strike_R","floor":12,"key":"SMITH"},{"floor":15,"key":"REST"}],"neow_cost":"NONE","seed_source_timestamp":583277052655146,"circlet_count":0,"master_deck":["Strike_R+1","Strike_R+1","Strike_R+1","Strike_R","Strike_R","Defend_R","Defend_R"],"relics":["Burning Blood","NeowsBlessing","Oddly Smooth Stone","Tiny Chest"],"potions_floor_usage":[14],"damage_taken":[{"damage":0,"enemies":"Cultist","floor":1,"turns":1},{"damage":0,"enemies":"2 Louse","floor":5,"turns":1},{"damage":0,"enemies":"3 Sentries","floor":6,"turns":2},{"damage":0,"enemies":"Jaw Worm","floor":7,"turns":5},{"damage":0,"enemies":"2 Fungi Beasts","floor":11,"turns":5},{"damage":32,"enemies":"Gremlin Nob","floor":14,"turns":4},{"damage":80,"enemies":"The Guardian","floor":16,"turns":15}],"seed_played":"6111141887072940752","potions_obtained":[{"floor":5,"key":"BloodPotion"}],"is_trial":false,"path_per_floor":["M","?","$","?","M","E","M","R","T","R","M","R","?","E","R","B"],"character_chosen":"IRONCLAD","items_purchased":[],"campfire_rested":1,"item_purchase_floors":[],"current_hp_per_floor":[80,80,80,80,80,80,80,80,80,80,80,80,73,55,79,0],"gold":233,"neow_bonus":"THREE_ENEMY_KILL","is_prod":false,"is_daily":false,"chose_seed":false,"campfire_upgraded":2,"win_rate":0,"timestamp":1542819357,"path_taken":["M","?","?","?","M","E","M","R","T","R","?","R","?","E","R","BOSS"],"build_version":"2018-11-15","purchased_purges":1,"victory":false,"max_hp_per_floor":[80,80,80,80,80,80,80,80,80,80,80,80,80,80,80,80],"card_choices":[{"not_picked":["Body Slam","Rampage","Pommel Strike"],"picked":"SKIP","floor":1},{"not_picked":["Infernal Blade","Wild Strike","Searing Blow"],"picked":"SKIP","floor":5},{"not_picked":["Anger","True Grit","Iron Wave"],"picked":"SKIP","floor":6},{"not_picked":["Clothesline","Twin Strike","True Grit"],"picked":"SKIP","floor":7},{"not_picked":["True Grit","Anger","Thunderclap"],"picked":"SKIP","floor":11},{"not_picked":["Sever Soul","Rampage","Clothesline"],"picked":"SKIP","floor":14}],"player_experience":469176,"relics_obtained":[{"floor":6,"key":"Oddly Smooth Stone"},{"floor":14,"key":"Tiny Chest"}],"event_choices":[{"damage_healed":0,"gold_gain":0,"player_choice":"Forge","damage_taken":0,"max_hp_gain":0,"max_hp_loss":0,"event_name":"Accursed Blacksmith","floor":2,"gold_loss":0,"cards_upgraded":["Strike_R"]},{"cards_removed":["Defend_R"],"damage_healed":0,"gold_gain":0,"player_choice":"Forget","damage_taken":0,"max_hp_gain":0,"max_hp_loss":0,"event_name":"Living Wall","floor":4,"gold_loss":0},{"cards_removed":["Defend_R"],"damage_healed":0,"gold_gain":0,"player_choice":"Card Removal","damage_taken":7,"max_hp_gain":0,"max_hp_loss":0,"event_name":"Golden Wing","floor":13,"gold_loss":0}],"is_beta":false,"boss_relics":[],"items_purged_floors":[3],"is_endless":false,"potions_floor_spawned":[5],"killed_by":"The Guardian","ascension_level":3}