{"gold_per_floor":[110,31,31,44,57,57,68,87,87,97,97,115,115,130,130,235,235,255,272,272,272,76,76,103,103,103,119,119],"floor_reached":28,"playtime":1019,"items_purged":[],"score":232,"play_id":"93eec064-5256-4fc6-a270-c47efeaa9ee3","local_time":"20190228132227","is_ascension_mode":false,"campfire_choices":[{"data":"Reckless Charge","floor":6,"key":"SMITH"},{"data":"Thunderclap","floor":11,"key":"SMITH"},{"data":"Intimidate","floor":15,"key":"SMITH"},{"floor":23,"key":"REST"},{"floor":25,"key":"REST"}],"neow_cost":"NONE","seed_source_timestamp":1100757908074530,"circlet_count":0,"master_deck":["Strike_R","Strike_R","Strike_R","Strike_R","Strike_R","Defend_R","Defend_R","Defend_R","Defend_R","Bash","Reckless Charge+1","Evolve+1","Intimidate+1","Disarm","Wild Strike","Headbutt","Thunderclap+1","Shrug It Off","Wild Strike","Offering","Wild Strike","Dropkick","Backflip+1"],"relics":["Cursed Key","Singing Bowl","MutagenicStrength","PrismaticShard","Ancient Tea Set"],"potions_floor_usage":[7,10,24,28],"damage_taken":[{"damage":5,"enemies":"Small Slimes","floor":1,"turns":3},{"damage":1,"enemies":"Cultist","floor":4,"turns":3},{"damage":3,"enemies":"Jaw Worm","floor":5,"turns":3},{"damage":5,"enemies":"Exordium Thugs","floor":7,"turns":5},{"damage":6,"enemies":"Looter","floor":8,"turns":3},{"damage":7,"enemies":"Exordium Wildlife","floor":10,"turns":4},{"damage":0,"enemies":"Large Slime","floor":12,"turns":2},{"damage":21,"enemies":"Exordium Thugs","floor":14,"turns":4},{"damage":31,"enemies":"The Guardian","floor":16,"turns":15},{"damage":29,"enemies":"2 Thieves","floor":18,"turns":4},{"damage":7,"enemies":"Chosen","floor":19,"turns":3},{"damage":42,"enemies":"Book of Stabbing","floor":24,"turns":4},{"damage":6,"enemies":"Centurion and Healer","floor":27,"turns":4},{"damage":47,"enemies":"Slavers","floor":28,"turns":5}],"seed_played":"1028659629873433963","potions_obtained":[{"floor":4,"key":"Block Potion"},{"floor":8,"key":"Poison Potion"},{"floor":10,"key":"Dexterity Potion"},{"floor":12,"key":"Poison Potion"},{"floor":16,"key":"PowerPotion"},{"floor":18,"key":"SteroidPotion"}],"is_trial":false,"path_per_floor":["M","$","?","M","M","R","M","M","T","M","R","M","?","M","R","B",null,"M","M","?","?","$","R","E","R","T","M","E"],"character_chosen":"IRONCLAD","items_purchased":["Evolve","PrismaticShard"],"campfire_rested":2,"item_purchase_floors":[2,22],"current_hp_per_floor":[75,75,75,74,71,71,66,60,60,53,53,53,53,32,32,1,80,51,44,44,44,44,68,28,52,52,46,0],"gold":119,"neow_bonus":"BOSS_RELIC","is_prod":false,"is_daily":false,"chose_seed":false,"campfire_upgraded":3,"win_rate":0,"timestamp":1551338547,"path_taken":["M","$","?","M","M","R","M","M","T","M","R","M","?","M","R","BOSS","M","?","?","?","?","R","E","R","T","?","E"],"build_version":"2019-01-23","purchased_purges":0,"victory":false,"max_hp_per_floor":[80,80,80,80,80,80,80,80,80,80,80,80,80,80,80,80,80,80,80,80,80,80,80,82,82,82,82,82],"card_choices":[{"not_picked":["Warcry","Twin Strike"],"picked":"Reckless Charge","floor":1},{"not_picked":["Cleave","Sword Boomerang"],"picked":"Intimidate","floor":4},{"not_picked":["Cleave","Warcry"],"picked":"Disarm","floor":5},{"not_picked":["Armaments","Body Slam"],"picked":"Wild Strike","floor":7},{"not_picked":["Pommel Strike","Iron Wave"],"picked":"Headbutt","floor":8},{"not_picked":["Clash","Heavy Blade"],"picked":"Thunderclap","floor":10},{"not_picked":["Cleave","Clash"],"picked":"Shrug It Off","floor":12},{"not_picked":["Perfected Strike","Thunderclap"],"picked":"Wild Strike","floor":14},{"not_picked":["Limit Break","Feed"],"picked":"Offering","floor":16},{"not_picked":["Inflame+1","Hemokinesis+1"],"picked":"Wild Strike","floor":18},{"not_picked":["True Grit","Spot Weakness"],"picked":"Dropkick","floor":19},{"not_picked":["Redo","Iron Wave","Armaments"],"picked":"Singing Bowl","floor":24},{"not_picked":["Genetic Algorithm","Anger+1"],"picked":"Backflip+1","floor":27}],"player_experience":910189,"relics_obtained":[{"floor":24,"key":"Ancient Tea Set"}],"event_choices":[{"damage_healed":0,"gold_gain":0,"player_choice":"Grow","damage_taken":0,"max_hp_gain":0,"max_hp_loss":0,"event_name":"Living Wall","floor":3,"gold_loss":0,"cards_upgraded":["Evolve"]},{"damage_healed":0,"gold_gain":0,"player_choice":"Gave Potion","damage_taken":0,"relics_obtained":["Singing Bowl"],"max_hp_gain":0,"max_hp_loss":0,"event_name":"WeMeetAgain","floor":13,"gold_loss":0},{"damage_healed":0,"gold_gain":0,"player_choice":"Inject Mutagens","damage_taken":0,"relics_obtained":["MutagenicStrength"],"max_hp_gain":0,"max_hp_loss":0,"event_name":"Drug Dealer","floor":20,"gold_loss":0},{"damage_healed":0,"gold_gain":0,"player_choice":"Ignored","damage_taken":0,"max_hp_gain":0,"max_hp_loss":0,"event_name":"Ghosts","floor":21,"gold_loss":0}],"is_beta":false,"boss_relics":[{"not_picked":["Snecko Eye","Ectoplasm","Philosopher\u0027s Stone"]}],"items_purged_floors":[],"is_endless":false,"potions_floor_spawned":[4,8,10,12,16,18],"killed_by":"Slavers","ascension_level":0}