{"gold_per_floor":[114,134,148,38,38,113,113,132,132,150,150,169,183,198,198,324,324,340,340,340,356,205,205,230,105,155,166,176,176,195,207,207,302,302,320,330,344,17,28,28,46,46,95,95,0,19,19,30,30,30],"floor_reached":51,"playtime":3258,"items_purged":["Defend_B","Defend_B","Strike_B"],"score":642,"play_id":"ee21f013-ce75-4a19-ac34-5da2c141a0d3","local_time":"20190228224822","is_ascension_mode":false,"campfire_choices":[{"data":"Zap","floor":7,"key":"SMITH"},{"data":"Loop","floor":11,"key":"SMITH"},{"data":"Coolheaded","floor":15,"key":"SMITH"},{"data":"Coolheaded","floor":29,"key":"SMITH"},{"data":"Coolheaded","floor":32,"key":"SMITH"},{"floor":40,"key":"REST"},{"floor":49,"key":"DIG"}],"neow_cost":"NONE","seed_source_timestamp":1533782203424,"circlet_count":0,"master_deck":["Strike_B","Strike_B","Defend_B","Defend_B","Zap+1","Dualcast","Coolheaded+1","Coolheaded+1","Chill","Loop+1","Gash","Glacier","Gash","Coolheaded+1","Cold Snap","Core Surge","Stack+1","Gash+1","Cold Snap","Melter+1","Cold Snap+1"],"relics":["Cracked Core","Bloody Idol","Pantograph","Busted Crown","Shovel","Darkstone Periapt","Potion Belt","White Beast Statue","Calipers","Centennial Puzzle","Red Mask","Strawberry"],"potions_floor_usage":[16,16,21,31,33,35,36,48,50,50,50,50,50],"damage_taken":[{"damage":4,"enemies":"2 Louse","floor":1,"turns":4},{"damage":0,"enemies":"Small Slimes","floor":2,"turns":3},{"damage":2,"enemies":"Cultist","floor":3,"turns":4},{"damage":4,"enemies":"2 Fungi Beasts","floor":8,"turns":3},{"damage":0,"enemies":"Exordium Wildlife","floor":10,"turns":4},{"damage":0,"enemies":"3 Louse","floor":12,"turns":5},{"damage":0,"enemies":"Blue Slaver","floor":13,"turns":4},{"damage":5,"enemies":"Looter","floor":14,"turns":4},{"damage":23,"enemies":"Slime Boss","floor":16,"turns":11},{"damage":0,"enemies":"Spheric Guardian","floor":18,"turns":6},{"damage":1,"enemies":"Chosen","floor":21,"turns":6},{"damage":45,"enemies":"Book of Stabbing","floor":24,"turns":9},{"damage":0,"enemies":"Centurion and Healer","floor":27,"turns":10},{"damage":2,"enemies":"Snecko","floor":28,"turns":7},{"damage":2,"enemies":"Shelled Parasite and Fungi","floor":30,"turns":8},{"damage":2,"enemies":"3 Cultists","floor":31,"turns":7},{"damage":15,"enemies":"Collector","floor":33,"turns":13},{"damage":26,"enemies":"3 Darklings","floor":35,"turns":10},{"damage":15,"enemies":"Orb Walker","floor":36,"turns":6},{"damage":23,"enemies":"Sphere and 2 Shapes","floor":37,"turns":6},{"damage":4,"enemies":"Jaw Worm Horde","floor":39,"turns":7},{"damage":3,"enemies":"Maw","floor":41,"turns":9},{"damage":0,"enemies":"Sphere and 2 Shapes","floor":46,"turns":7},{"damage":16,"enemies":"Transient","floor":48,"turns":5},{"damage":4,"enemies":"Awakened One","floor":50,"turns":22}],"seed_played":"1519861775313352482","potions_obtained":[{"floor":3,"key":"Weak Potion"},{"floor":12,"key":"EssenceOfSteel"},{"floor":13,"key":"SteroidPotion"},{"floor":16,"key":"AttackPotion"},{"floor":24,"key":"GamblersBrew"},{"floor":27,"key":"EssenceOfSteel"},{"floor":33,"key":"Block Potion"},{"floor":35,"key":"Explosive Potion"},{"floor":36,"key":"GamblersBrew"},{"floor":37,"key":"Dexterity Potion"},{"floor":39,"key":"PowerPotion"},{"floor":41,"key":"Dexterity Potion"},{"floor":48,"key":"FearPotion"}],"is_trial":false,"path_per_floor":["M","M","M","$","?","?","R","M","T","M","R","M","M","M","R","B",null,"M","?","T","M","$","?","E","$","T","M","M","R","M","M","R","B",null,"M","M","M","$","M","R","M","?","T","?","?","M","?","M","R","B",null],"character_chosen":"DEFECT","items_purchased":["Loop","Cold Snap","Calipers","Cold Snap"],"campfire_rested":1,"item_purchase_floors":[4,22,38,38],"current_hp_per_floor":[71,71,69,69,69,63,63,59,59,59,59,59,59,54,54,46,69,69,69,69,69,69,69,29,29,34,39,42,42,45,48,48,59,69,48,38,20,20,21,41,43,43,48,48,48,53,53,42,49,69],"gold":30,"neow_bonus":"REMOVE_CARD","is_prod":false,"is_daily":false,"chose_seed":false,"campfire_upgraded":5,"win_rate":0,"timestamp":1551361702,"path_taken":["M","M","M","$","?","?","R","?","T","M","R","M","M","M","R","BOSS","M","?","?","M","$","?","E","$","T","?","M","R","M","M","R","BOSS","M","M","M","$","M","R","M","?","T","?","?","M","?","?","R","BOSS"],"build_version":"2019-01-23","purchased_purges":3,"victory":true,"max_hp_per_floor":[75,75,75,75,69,69,69,69,69,69,69,69,69,69,69,69,69,69,69,69,69,69,69,69,69,69,69,69,69,69,69,69,69,69,69,69,69,69,69,69,69,66,66,66,66,66,66,66,73,73],"card_choices":[{"not_picked":["Streamline","Redo"],"picked":"Coolheaded","floor":1},{"not_picked":["Gash","Double Energy"],"picked":"Coolheaded","floor":2},{"not_picked":["Coolheaded","FTL"],"picked":"Chill","floor":3},{"not_picked":["Rebound","Sunder"],"picked":"Gash","floor":8},{"not_picked":["Lockon","Electrodynamics"],"picked":"Glacier","floor":10},{"not_picked":["Compile Driver","Double Energy"],"picked":"Gash","floor":12},{"not_picked":["Go for the Eyes","Redo","Electrodynamics"],"picked":"SKIP","floor":13},{"not_picked":["Rebound","Steam"],"picked":"Coolheaded","floor":14},{"not_picked":["Leap"],"picked":"SKIP","floor":18},{"not_picked":["Heatsinks+1"],"picked":"SKIP","floor":21},{"not_picked":["Heatsinks"],"picked":"SKIP","floor":24},{"not_picked":["Recycle+1"],"picked":"SKIP","floor":27},{"not_picked":["Conserve Battery"],"picked":"SKIP","floor":28},{"not_picked":["Steam Power+1"],"picked":"SKIP","floor":30},{"not_picked":["Recycle"],"picked":"SKIP","floor":31},{"not_picked":[],"picked":"Core Surge","floor":33},{"not_picked":[],"picked":"Stack+1","floor":35},{"not_picked":["Rebound"],"picked":"SKIP","floor":36},{"not_picked":[],"picked":"Gash+1","floor":37},{"not_picked":["Scrape"],"picked":"SKIP","floor":39},{"not_picked":[],"picked":"Melter+1","floor":41},{"not_picked":["Compile Driver"],"picked":"SKIP","floor":46},{"not_picked":[],"picked":"Cold Snap+1","floor":48}],"player_experience":530335,"relics_obtained":[{"floor":9,"key":"Pantograph"},{"floor":20,"key":"Shovel"},{"floor":24,"key":"Darkstone Periapt"},{"floor":26,"key":"Potion Belt"},{"floor":43,"key":"Centennial Puzzle"},{"floor":49,"key":"Strawberry"}],"event_choices":[{"damage_healed":0,"gold_gain":0,"player_choice":"Lose Max HP","damage_taken":0,"relics_obtained":["Golden Idol"],"max_hp_gain":0,"max_hp_loss":6,"event_name":"Golden Idol","floor":5,"gold_loss":0},{"damage_healed":0,"gold_gain":75,"player_choice":"Touch","damage_taken":6,"max_hp_gain":0,"max_hp_loss":0,"event_name":"FaceTrader","floor":6,"gold_loss":0},{"damage_healed":0,"gold_gain":0,"player_choice":"Gave Idol","damage_taken":0,"relics_obtained":["Bloody Idol"],"max_hp_gain":0,"max_hp_loss":0,"event_name":"Forgotten Altar","floor":19,"relics_lost":["Golden Idol"],"gold_loss":0},{"damage_healed":0,"gold_gain":0,"player_choice":"Ignored","damage_taken":0,"max_hp_gain":0,"max_hp_loss":0,"event_name":"Ghosts","floor":23,"gold_loss":0},{"damage_healed":0,"gold_gain":0,"player_choice":"Max HP","damage_taken":0,"max_hp_gain":0,"max_hp_loss":3,"event_name":"Winding Halls","floor":42,"gold_loss":0},{"damage_healed":0,"gold_gain":0,"player_choice":"Ignored","damage_taken":0,"max_hp_gain":0,"max_hp_loss":0,"event_name":"Mysterious Sphere","floor":44,"gold_loss":0},{"damage_healed":0,"gold_gain":0,"player_choice":"Paid","damage_taken":0,"relics_obtained":["Red Mask"],"max_hp_gain":0,"max_hp_loss":0,"event_name":"Tomb of Lord Red Mask","floor":45,"gold_loss":95},{"damage_healed":0,"gold_gain":0,"player_choice":"Ignored","damage_taken":0,"max_hp_gain":0,"max_hp_loss":0,"event_name":"NoteForYourself","floor":47,"gold_loss":0}],"is_beta":false,"boss_relics":[{"not_picked":["Black Star","Calling Bell"],"picked":"Busted Crown"},{"not_picked":["Runic Pyramid","Velvet Choker"],"picked":"White Beast Statue"}],"items_purged_floors":[4,22,25],"is_endless":false,"potions_floor_spawned":[3,12,13,14,16,24,27,33,35,36,37,39,41,46,48],"ascension_level":0}