{"gold_per_floor":[115,132,132,132,152,178,178,190,216,259,288,300,141,141,141,141],"floor_reached":16,"playtime":555,"items_purged":[],"score":110,"play_id":"2fe2117d-4f76-40e7-8ee1-a297fc7a5b21","local_time":"20190228143957","is_ascension_mode":false,"campfire_choices":[{"floor":7,"key":"REST"},{"floor":12,"key":"REST"},{"data":"Enlightenment","floor":15,"key":"SMITH"}],"neow_cost":"NONE","seed_source_timestamp":1105871151611637,"circlet_count":0,"master_deck":["Strike_R","Strike_R","Strike_R","Defend_R","Defend_R","Defend_R","Defend_R","Bash","Shrug It Off","Berserk","Spot Weakness","Iron Wave","Flame Barrier","Enlightenment+1"],"relics":["Busted Crown","Regal Pillow","MawBank","Bag of Marbles","Golden Idol"],"potions_floor_usage":[10,16],"damage_taken":[{"damage":6,"enemies":"Jaw Worm","floor":1,"turns":2},{"damage":0,"enemies":"Cultist","floor":2,"turns":4},{"damage":2,"enemies":"2 Louse","floor":5,"turns":3},{"damage":25,"enemies":"3 Sentries","floor":6,"turns":14},{"damage":9,"enemies":"2 Fungi Beasts","floor":8,"turns":3},{"damage":25,"enemies":"Gremlin Nob","floor":10,"turns":5},{"damage":5,"enemies":"Looter","floor":11,"turns":2},{"damage":63,"enemies":"Hexaghost","floor":16,"turns":14}],"seed_played":"-2278186062888029028","potions_obtained":[{"floor":2,"key":"Dexterity Potion"},{"floor":5,"key":"SpeedPotion"},{"floor":8,"key":"Explosive Potion"}],"is_trial":false,"path_per_floor":["M","M","?","?","M","E","R","M","T","E","M","R","$","?","R","B"],"character_chosen":"IRONCLAD","items_purchased":["Flame Barrier","Enlightenment"],"campfire_rested":2,"item_purchase_floors":[13,13],"current_hp_per_floor":[74,74,74,74,72,47,80,71,71,46,41,80,80,60,60,0],"gold":141,"neow_bonus":"BOSS_RELIC","is_prod":false,"is_daily":false,"chose_seed":false,"campfire_upgraded":1,"win_rate":0,"timestamp":1551343197,"path_taken":["M","M","?","?","?","E","R","M","T","E","M","R","$","?","R","BOSS"],"build_version":"2019-01-23","purchased_purges":0,"victory":false,"max_hp_per_floor":[80,80,80,80,80,80,80,80,80,80,80,80,80,80,80,80],"card_choices":[{"not_picked":[],"picked":"Shrug It Off","floor":1},{"not_picked":["Wild Strike"],"picked":"SKIP","floor":2},{"not_picked":["Combust"],"picked":"SKIP","floor":5},{"not_picked":[],"picked":"Spot Weakness","floor":6},{"not_picked":[],"picked":"Iron Wave","floor":8},{"not_picked":["Perfected Strike"],"picked":"SKIP","floor":10},{"not_picked":["Corruption"],"picked":"SKIP","floor":11}],"player_experience":914506,"relics_obtained":[{"floor":6,"key":"Regal Pillow"},{"floor":9,"key":"MawBank"},{"floor":10,"key":"Bag of Marbles"}],"event_choices":[{"cards_removed":["Strike_R"],"damage_healed":0,"gold_gain":0,"player_choice":"Forget","damage_taken":0,"max_hp_gain":0,"max_hp_loss":0,"event_name":"Living Wall","floor":3,"gold_loss":0},{"damage_healed":0,"gold_gain":0,"cards_transformed":["Strike_R"],"player_choice":"Transformed","damage_taken":0,"max_hp_gain":0,"max_hp_loss":0,"event_name":"Transmorgrifier","floor":4,"gold_loss":0,"cards_obtained":["Berserk"]},{"damage_healed":0,"gold_gain":0,"player_choice":"Take Damage","damage_taken":20,"relics_obtained":["Golden Idol"],"max_hp_gain":0,"max_hp_loss":0,"event_name":"Golden Idol","floor":14,"gold_loss":0}],"is_beta":false,"boss_relics":[],"items_purged_floors":[],"is_endless":false,"potions_floor_spawned":[2,5,8],"killed_by":"Hexaghost","ascension_level":0}