{"gold_per_floor":[117,117,117,138,138,169,182,5,5,5,33,33,49,68,68,199,199,168,168,187,187,201,201],"floor_reached":23,"playtime":1007,"items_purged":[],"score":191,"play_id":"9a32affd-6ce8-4351-b51e-c80af6d72071","local_time":"20190228154443","is_ascension_mode":false,"campfire_choices":[{"floor":10,"key":"REST"},{"data":"Metallicize","floor":15,"key":"SMITH"}],"neow_cost":"NONE","seed_source_timestamp":1109303209888833,"circlet_count":0,"master_deck":["Strike_R","Strike_R","Strike_R","Strike_R","Defend_R","Defend_R","Bash","Warcry","Disarm","Clothesline","Metallicize+1","Flash of Steel","Whirlwind","Shrug It Off","Battle Trance","Demon Form","Flex","Sword Boomerang+1","Metallicize"],"relics":["Burning Blood","Golden Idol","Dead Branch","Pocketwatch","Odd Mushroom","Runic Cube","Nilry\u0027s Codex"],"potions_floor_usage":[18,18],"damage_taken":[{"damage":9,"enemies":"Jaw Worm","floor":1,"turns":5},{"damage":8,"enemies":"Small Slimes","floor":4,"turns":3},{"damage":40,"enemies":"Gremlin Nob","floor":6,"turns":5},{"damage":5,"enemies":"2 Louse","floor":7,"turns":3},{"damage":17,"enemies":"The Mushroom Lair","floor":11,"turns":4},{"damage":8,"enemies":"Red Slaver","floor":13,"turns":5},{"damage":4,"enemies":"3 Louse","floor":14,"turns":2},{"damage":20,"enemies":"Hexaghost","floor":16,"turns":11},{"damage":18,"enemies":"2 Thieves","floor":18,"turns":5},{"damage":20,"enemies":"Chosen","floor":20,"turns":5},{"damage":10,"enemies":"Centurion and Healer","floor":22,"turns":7},{"damage":36,"enemies":"Slavers","floor":23,"turns":2}],"seed_played":"8163180534467969327","potions_obtained":[{"floor":4,"key":"SpeedPotion"},{"floor":11,"key":"Block Potion"},{"floor":13,"key":"Fire Potion"},{"floor":20,"key":"Dexterity Potion"}],"is_trial":false,"path_per_floor":["M","?","?","M","?","E","M","$","T","R","?","$","M","M","R","B",null,"M","?","M","?","M","E"],"character_chosen":"IRONCLAD","items_purchased":["Flash of Steel","Whirlwind","Shrug It Off"],"campfire_rested":1,"item_purchase_floors":[8,8,8],"current_hp_per_floor":[77,82,79,77,70,36,37,37,37,60,49,49,47,49,49,35,79,67,67,53,37,33,0],"gold":201,"neow_bonus":"REMOVE_CARD","is_prod":false,"is_daily":false,"chose_seed":false,"campfire_upgraded":1,"win_rate":0,"timestamp":1551347083,"path_taken":["M","?","?","M","?","E","M","$","T","R","?","$","M","M","R","BOSS","M","?","?","?","M","E"],"build_version":"2019-01-23","purchased_purges":0,"victory":false,"max_hp_per_floor":[80,85,79,79,79,79,79,79,79,79,79,79,79,79,79,79,79,79,79,79,79,79,79],"card_choices":[{"not_picked":["Shockwave","Thunderclap"],"picked":"Warcry","floor":1},{"not_picked":["Dual Wield","Metallicize"],"picked":"Disarm","floor":4},{"not_picked":["Brutality","Sword Boomerang"],"picked":"Clothesline","floor":6},{"not_picked":["Sword Boomerang","Cleave"],"picked":"Metallicize","floor":7},{"not_picked":["Pummel","Second Wind","Twin Strike"],"picked":"SKIP","floor":13},{"not_picked":["Sword Boomerang","Iron Wave"],"picked":"Battle Trance","floor":14},{"not_picked":["Berserk","Immolate"],"picked":"Demon Form","floor":16},{"not_picked":["Searing Blow+1","Sword Boomerang"],"picked":"Flex","floor":18},{"not_picked":["Thunderclap","Perfected Strike"],"picked":"Sword Boomerang+1","floor":20},{"not_picked":["Clash","Wild Strike"],"picked":"Metallicize","floor":22}],"player_experience":915061,"relics_obtained":[{"floor":6,"key":"Dead Branch"},{"floor":9,"key":"Pocketwatch"},{"floor":11,"key":"Odd Mushroom"},{"floor":21,"key":"Nilry\u0027s Codex"}],"event_choices":[{"damage_healed":0,"gold_gain":0,"player_choice":"Donut","damage_taken":0,"max_hp_gain":5,"max_hp_loss":0,"event_name":"Big Fish","floor":2,"gold_loss":0},{"damage_healed":0,"gold_gain":0,"player_choice":"Lose Max HP","damage_taken":0,"relics_obtained":["Golden Idol"],"max_hp_gain":0,"max_hp_loss":6,"event_name":"Golden Idol","floor":3,"gold_loss":0},{"cards_removed":["Defend_R"],"damage_healed":0,"gold_gain":0,"player_choice":"Card Removal","damage_taken":7,"max_hp_gain":0,"max_hp_loss":0,"event_name":"Golden Wing","floor":5,"gold_loss":0},{"damage_healed":0,"gold_gain":0,"player_choice":"Fought Mushrooms","damage_taken":0,"max_hp_gain":0,"max_hp_loss":0,"event_name":"Mushrooms","floor":11,"gold_loss":0},{"cards_removed":["Strike_R"],"damage_healed":0,"gold_gain":0,"player_choice":"Offered Basic","damage_taken":0,"max_hp_gain":0,"max_hp_loss":0,"event_name":"Bonfire Elementals","floor":19,"gold_loss":0},{"damage_healed":0,"gold_gain":0,"player_choice":"Obtained Book","damage_taken":16,"max_hp_gain":0,"max_hp_loss":0,"event_name":"Cursed Tome","floor":21,"gold_loss":0}],"is_beta":false,"boss_relics":[{"not_picked":["Coffee Dripper","White Beast Statue"],"picked":"Runic Cube"}],"items_purged_floors":[],"is_endless":false,"potions_floor_spawned":[4,11,13,16,20],"killed_by":"Slavers","ascension_level":0}