{"gold_per_floor":[115,115,115,40,40,69,81,113,161,161,186,186,200,217,217,321,321,334,334,150,160,177,177,177,177,231,231,245,160,189,205,205,309,309,324,324,337,354,20,20,20,20,20,20,0,0,13,13,13,13,13,13,13,38,38],"floor_reached":55,"playtime":2896,"items_purged":["Regret","Strike_R","Strike_R"],"score":856,"play_id":"aca0f899-ae7e-472d-b7d8-0460996c8096","local_time":"20190214203339","is_ascension_mode":true,"campfire_choices":[{"floor":10.0,"key":"RECALL"},{"data":"Demon Form","floor":12.0,"key":"SMITH"},{"floor":15.0,"key":"REST"},{"data":"Feed","floor":23.0,"key":"SMITH"},{"data":"Heavy Blade","floor":25.0,"key":"SMITH"},{"floor":27.0,"key":"REST"},{"data":"Battle Trance","floor":32.0,"key":"SMITH"},{"data":"Finesse","floor":40,"key":"SMITH"},{"floor":44,"key":"DIG"},{"floor":49,"key":"DIG"},{"floor":52,"key":"DIG"}],"neow_cost":"NONE","seed_source_timestamp":0,"circlet_count":0,"master_deck":["Strike_R","Strike_R","Defend_R","Defend_R+1","Defend_R","Defend_R+1","Demon Form+1","Battle Trance+1","Feed+1","Finesse+1","Heavy Blade+1","Entrench+1"],"special_seed":0,"relics":["Burning Blood","NeowsBlessing","War Paint","Art of War","Meat on the Bone","Busted Crown","Ancient Tea Set","Oddly Smooth Stone","Boot","Coffee Dripper","ClockworkSouvenir","Shovel","Letter Opener","Red Mask","Self Forming Clay","Mercury Hourglass","Kunai","Centennial Puzzle"],"potions_floor_usage":[37,54],"damage_taken":[{"damage":0.0,"enemies":"Cultist","floor":1.0,"turns":1.0},{"damage":0.0,"enemies":"Gremlin Nob","floor":6.0,"turns":1.0},{"damage":0.0,"enemies":"Jaw Worm","floor":7.0,"turns":1.0},{"damage":33.0,"enemies":"3 Sentries","floor":8.0,"turns":15.0},{"damage":47.0,"enemies":"Gremlin Nob","floor":11.0,"turns":6.0},{"damage":0.0,"enemies":"Small Slimes","floor":13.0,"turns":5.0},{"damage":14.0,"enemies":"Red Slaver","floor":14.0,"turns":5.0},{"damage":31.0,"enemies":"The Guardian","floor":16.0,"turns":10.0},{"damage":7.0,"enemies":"Spheric Guardian","floor":18.0,"turns":4.0},{"damage":4.0,"enemies":"Chosen","floor":21.0,"turns":4.0},{"damage":65.0,"enemies":"3 Cultists","floor":22.0,"turns":8.0},{"damage":8.0,"enemies":"Snecko","floor":28.0,"turns":5.0},{"damage":30.0,"enemies":"Gremlin Leader","floor":30.0,"turns":6.0},{"damage":0.0,"enemies":"Cultist and Chosen","floor":31.0,"turns":4.0},{"damage":8.0,"enemies":"Champ","floor":33.0,"turns":8.0},{"damage":10.0,"enemies":"3 Darklings","floor":35.0,"turns":4.0},{"damage":1,"enemies":"3 Shapes","floor":37,"turns":7},{"damage":43,"enemies":"Transient","floor":38,"turns":5},{"damage":0,"enemies":"Spire Growth","floor":47,"turns":4},{"damage":57,"enemies":"Donu and Deca","floor":50,"turns":8},{"damage":106,"enemies":"Shield and Spear","floor":54,"turns":6},{"damage":61,"enemies":"The Heart","floor":55,"turns":2}],"seed_played":"8511857489821746786","potions_obtained":[{"floor":6.0,"key":"AttackPotion"},{"floor":7.0,"key":"Energy Potion"},{"floor":11.0,"key":"Swift Potion"},{"floor":21.0,"key":"Ancient Potion"},{"floor":31.0,"key":"SteroidPotion"},{"floor":35.0,"key":"Block Potion"},{"floor":47,"key":"GamblersBrew"},{"floor":54,"key":"Fire Potion"}],"is_trial":false,"path_per_floor":["?","?","?","?","?","?","?","?","?","$","T"],"character_chosen":"IRONCLAD","items_purchased":["Finesse","ClockworkSouvenir"],"campfire_rested":2,"item_purchase_floors":[20,39],"current_hp_per_floor":[80,73,73,73,73,79,80,53,53,53,12,12,30,34,58,45,80,82,66,66,71,24,24,24,24,24,51,65,65,53,63,63,65,103,103,103,111,74,74,74,74,74,74,74,74,74,84,84,84,49,119,119,119,35,0],"gold":38,"neow_bonus":"THREE_ENEMY_KILL","is_prod":false,"is_daily":false,"chose_seed":false,"campfire_upgraded":5,"win_rate":0,"timestamp":1550172819,"path_taken":["M","?","?","$","?","E","M","E","T","R","E","R","M","M","R","BOSS","M","?","$","M","M","R","?","R","T","R","M","?","E","M","R","BOSS","M","?","M","M","$","R","$","?","T","R","?","?","M","?","R","BOSS","R","$","E","BOSS"],"build_version":"2019-01-23","purchased_purges":3,"victory":false,"max_hp_per_floor":[80,80,80,80,80,80,80,80,80,80,80,80,80,80,80,80,80,83,88,88,91,91,91,91,91,91,91,95,95,95,99,99,103,103,107,107,111,111,111,111,111,111,111,111,111,111,115,115,115,119,119,119,119,123,123],"card_choices":[{"not_picked":["Havoc","Blood for Blood","Perfected Strike"],"picked":"SKIP","floor":1.0},{"not_picked":["Bloodletting","Flex","Cleave"],"picked":"SKIP","floor":6.0},{"not_picked":["Clothesline","Pummel","Sword Boomerang"],"picked":"SKIP","floor":7.0},{"not_picked":["Clothesline","Corruption","Feel No Pain"],"picked":"SKIP","floor":8.0},{"not_picked":["Anger","Flex"],"picked":"Demon Form","floor":11.0},{"not_picked":["Armaments","Clothesline"],"picked":"Battle Trance","floor":13.0},{"not_picked":["Pommel Strike","Armaments","Dual Wield"],"picked":"SKIP","floor":14.0},{"not_picked":["Double Tap","Berserk"],"picked":"Feed","floor":16.0},{"not_picked":["Power Through"],"picked":"SKIP","floor":18.0},{"not_picked":["Armaments"],"picked":"SKIP","floor":21.0},{"not_picked":[],"picked":"Heavy Blade","floor":22.0},{"not_picked":["Flex+1"],"picked":"SKIP","floor":28.0},{"not_picked":["Armaments+1"],"picked":"SKIP","floor":30.0},{"not_picked":["Bloodletting"],"picked":"SKIP","floor":31.0},{"not_picked":["Anger+1"],"picked":"SKIP","floor":35.0},{"not_picked":["Cleave"],"picked":"SKIP","floor":37},{"not_picked":["Dual Wield"],"picked":"SKIP","floor":38},{"not_picked":["Searing Blow+1"],"picked":"SKIP","floor":47},{"not_picked":[],"picked":"Entrench+1","floor":54}],"player_experience":187032,"relics_obtained":[{"floor":6.0,"key":"Art of War"},{"floor":11.0,"key":"Meat on the Bone"},{"floor":26.0,"key":"Ancient Tea Set"},{"floor":30.0,"key":"Boot"},{"floor":43,"key":"Shovel"},{"floor":44,"key":"Letter Opener"},{"floor":48,"key":"Self Forming Clay"},{"floor":49,"key":"Mercury Hourglass"},{"floor":52,"key":"Kunai"},{"floor":54,"key":"Centennial Puzzle"}],"event_choices":[{"cards_removed":["Strike_R"],"damage_healed":0.0,"max_hp_gain":0.0,"max_hp_loss":0.0,"gold_gain":0.0,"event_name":"Golden Wing","player_choice":"Card Removal","floor":2.0,"gold_loss":0.0,"damage_taken":7.0},{"damage_healed":0.0,"max_hp_gain":0.0,"max_hp_loss":0.0,"gold_gain":0.0,"event_name":"Big Fish","player_choice":"Box","floor":3.0,"gold_loss":0.0,"damage_taken":0.0,"relics_obtained":["War Paint"],"cards_obtained":["Regret"]},{"cards_removed":["Bash"],"damage_healed":0.0,"max_hp_gain":0.0,"max_hp_loss":0.0,"gold_gain":0.0,"event_name":"Bonfire Elementals","player_choice":"Offered Basic","floor":5.0,"gold_loss":0.0,"damage_taken":0.0},{"damage_healed":0.0,"max_hp_gain":5.0,"max_hp_loss":0.0,"gold_gain":0.0,"event_name":"Forgotten Altar","player_choice":"Shed Blood","floor":19.0,"gold_loss":0.0,"damage_taken":21.0},{"damage_healed":0.0,"max_hp_gain":0.0,"max_hp_loss":0.0,"gold_gain":0.0,"event_name":"Ghosts","player_choice":"Ignored","floor":24.0,"gold_loss":0.0,"damage_taken":0.0},{"damage_healed":0.0,"max_hp_gain":0.0,"max_hp_loss":0.0,"gold_gain":0.0,"event_name":"Addict","player_choice":"Obtained Relic","floor":29.0,"gold_loss":85.0,"damage_taken":0.0,"relics_obtained":["Oddly Smooth Stone"]},{"damage_healed":0.0,"max_hp_gain":0.0,"max_hp_loss":0.0,"gold_gain":0.0,"event_name":"Mysterious Sphere","player_choice":"Ignored","floor":36.0,"gold_loss":0.0,"damage_taken":0.0},{"damage_healed":0,"gold_gain":0,"player_choice":"Memory 1","damage_taken":0,"max_hp_gain":0,"max_hp_loss":0,"event_name":"SensoryStone","floor":42,"gold_loss":0},{"damage_healed":0,"gold_gain":0,"player_choice":"Paid","damage_taken":0,"relics_obtained":["Red Mask"],"max_hp_gain":0,"max_hp_loss":0,"event_name":"Tomb of Lord Red Mask","floor":45,"gold_loss":20}],"is_beta":false,"boss_relics":[{"not_picked":["Tiny House","Runic Dome"],"picked":"Busted Crown"},{"not_picked":["Pandora\u0027s Box","Lizard Tail"],"picked":"Coffee Dripper"}],"items_purged_floors":[4,20,39],"is_endless":false,"potions_floor_spawned":[6,7,11,21,31,35,47,54],"killed_by":"The Heart","ascension_level":3}