{"gold_per_floor":[113,133,51,226,301,301,331,347,347,347],"floor_reached":10,"playtime":626,"items_purged":[],"score":79,"play_id":"c40a766c-fb8f-4805-a2b6-32cc87b7cf20","local_time":"20181107134044","is_ascension_mode":true,"campfire_choices":[{"data":"White Noise","floor":6,"key":"SMITH"}],"neow_cost":"NONE","seed_source_timestamp":145708231448866,"circlet_count":0,"master_deck":["Strike_B","Strike_B","Strike_B","Strike_B","Defend_B","Defend_B","Defend_B","Defend_B","Zap","Dualcast","White Noise+1","Ball Lightning","Consume","Doubt","Electrodynamics"],"relics":["Inserter","Ornamental Fan","Symbiotic Virus"],"potions_floor_usage":[10],"damage_taken":[{"damage":3,"enemies":"Jaw Worm","floor":1,"turns":4},{"damage":10,"enemies":"2 Louse","floor":2,"turns":4},{"damage":36,"enemies":"Lagavulin","floor":7,"turns":6},{"damage":1,"enemies":"Small Slimes","floor":8,"turns":2},{"damage":15,"enemies":"3 Sentries","floor":10,"turns":2}],"seed_played":"-878014594454853058","potions_obtained":[{"floor":7,"key":"PowerPotion"}],"is_trial":false,"path_per_floor":["M","M","$","?","?","R","E","M","T","E"],"character_chosen":"DEFECT","items_purchased":["Consume"],"campfire_rested":0,"item_purchase_floors":[3],"current_hp_per_floor":[72,62,62,62,51,51,15,14,14,0],"gold":347,"neow_bonus":"BOSS_RELIC","is_prod":false,"is_daily":false,"chose_seed":false,"campfire_upgraded":1,"win_rate":0,"timestamp":1541626844,"path_taken":["M","M","$","?","?","R","E","M","T","E"],"build_version":"2018-11-01","purchased_purges":0,"victory":false,"max_hp_per_floor":[75,75,75,75,75,75,75,75,75,75],"card_choices":[{"not_picked":["Turbo","Steam"],"picked":"White Noise","floor":1},{"not_picked":["Rebound","Force Field"],"picked":"Ball Lightning","floor":2},{"not_picked":["Lockon","Steam"],"picked":"Electrodynamics","floor":7},{"not_picked":["Gash","Beam Cell","Hello World"],"picked":"SKIP","floor":8}],"player_experience":181831,"relics_obtained":[{"floor":7,"key":"Ornamental Fan"},{"floor":9,"key":"Symbiotic Virus"}],"event_choices":[{"damage_healed":0,"gold_gain":175,"player_choice":"AGREE","damage_taken":0,"max_hp_gain":0,"max_hp_loss":0,"event_name":"Liars Game","floor":4,"gold_loss":0,"cards_obtained":["Doubt"]},{"damage_healed":0,"gold_gain":75,"player_choice":"Gather Gold","damage_taken":11,"max_hp_gain":0,"max_hp_loss":0,"event_name":"World of Goop","floor":5,"gold_loss":0}],"is_beta":false,"boss_relics":[],"items_purged_floors":[],"is_endless":false,"potions_floor_spawned":[7],"killed_by":"3 Sentries","ascension_level":4}