{"gold_per_floor":[109,34,34,45,45,45,129,129,129,143,157,167,167,191,191,191],"floor_reached":16,"playtime":645,"items_purged":["Strike_R"],"score":110,"play_id":"05007bf2-b39d-47b6-94c2-7a6836551265","local_time":"20190106120449","is_ascension_mode":true,"campfire_choices":[{"data":"Bash","floor":6,"key":"SMITH"},{"data":"Defend_R","floor":8,"key":"SMITH"},{"floor":15,"key":"REST"}],"neow_cost":"NONE","seed_source_timestamp":1489424102289133,"circlet_count":0,"master_deck":["Strike_R","Strike_R","Strike_R","Strike_R","Defend_R+1","Defend_R","Defend_R","Defend_R","Bash+1","Inflame"],"relics":["Lizard Tail","Tiny Chest","Paper Frog","Golden Idol"],"potions_floor_usage":[14],"damage_taken":[{"damage":4,"enemies":"Cultist","floor":1,"turns":5},{"damage":0,"enemies":"2 Louse","floor":4,"turns":4},{"damage":2,"enemies":"Jaw Worm","floor":10,"turns":4},{"damage":19,"enemies":"Large Slime","floor":11,"turns":7},{"damage":19,"enemies":"3 Louse","floor":12,"turns":4},{"damage":8,"enemies":"Blue Slaver","floor":14,"turns":4},{"damage":82,"enemies":"Slime Boss","floor":16,"turns":14}],"seed_played":"-544573413007658519","potions_obtained":[{"floor":11,"key":"AttackPotion"}],"is_trial":false,"path_per_floor":["M","$","?","M","?","R","T","R","T","M","M","M","?","M","R","B"],"character_chosen":"IRONCLAD","items_purchased":[],"campfire_rested":1,"item_purchase_floors":[],"current_hp_per_floor":[76,76,76,76,76,76,76,76,76,74,55,36,16,8,32,0],"gold":191,"neow_bonus":"BOSS_RELIC","is_prod":false,"is_daily":false,"chose_seed":false,"campfire_upgraded":2,"win_rate":0,"timestamp":1546797889,"path_taken":["M","$","?","M","?","R","?","R","T","M","M","M","?","M","R","BOSS"],"build_version":"2019-01-03v4","purchased_purges":1,"victory":false,"max_hp_per_floor":[80,80,80,80,80,80,80,80,80,80,80,80,80,80,80,80],"card_choices":[{"not_picked":["Flex","Thunderclap","Feel No Pain"],"picked":"SKIP","floor":1},{"not_picked":["Spot Weakness","Armaments","Wild Strike"],"picked":"SKIP","floor":4},{"not_picked":["Combust","Iron Wave","Flex"],"picked":"SKIP","floor":10},{"not_picked":["Sword Boomerang","Pummel"],"picked":"Inflame","floor":11},{"not_picked":["Heavy Blade","Spot Weakness","Thunderclap"],"picked":"SKIP","floor":12},{"not_picked":["Perfected Strike","Offering","Iron Wave"],"picked":"SKIP","floor":14}],"player_experience":1002817,"relics_obtained":[{"floor":7,"key":"Tiny Chest"},{"floor":9,"key":"Paper Frog"}],"event_choices":[{"damage_healed":0,"gold_gain":0,"player_choice":"Ignored","damage_taken":0,"max_hp_gain":0,"max_hp_loss":0,"event_name":"Liars Game","floor":3,"gold_loss":0},{"damage_healed":0,"gold_gain":0,"player_choice":"Leave","damage_taken":0,"max_hp_gain":0,"max_hp_loss":0,"event_name":"The Cleric","floor":5,"gold_loss":0},{"damage_healed":0,"gold_gain":0,"player_choice":"Take Damage","damage_taken":20,"relics_obtained":["Golden Idol"],"max_hp_gain":0,"max_hp_loss":0,"event_name":"Golden Idol","floor":13,"gold_loss":0}],"is_beta":false,"boss_relics":[],"items_purged_floors":[2],"is_endless":false,"potions_floor_spawned":[11],"killed_by":"Slime Boss","ascension_level":4}