{"gold_per_floor":[116,116,116,116,129,129,155,155,155,155,175,211,211,244,244,373,373,366,366,291,316,395,395],"floor_reached":23,"playtime":2136,"items_purged":[],"score":215,"play_id":"98318262-e9a7-4a9a-8fa2-ae38add3157a","local_time":"20181109230600","is_ascension_mode":true,"campfire_choices":[{"data":"Pommel Strike","floor":6,"key":"SMITH"},{"floor":8,"key":"REST"},{"floor":13,"key":"REST"},{"floor":15,"key":"REST"}],"neow_cost":"NONE","seed_source_timestamp":2675773165223406,"circlet_count":0,"master_deck":["Strike_R","Strike_R","Defend_R","Defend_R","Defend_R","Defend_R","Pommel Strike+1","Immolate","Metallicize","Reaper","Shrug It Off"],"relics":["Burning Blood","Letter Opener","Anchor","Golden Idol","Vajra","Dream Catcher","Empty Cage","MutagenicStrength","Bottled Tornado"],"potions_floor_usage":[12,12,16],"damage_taken":[{"damage":2,"enemies":"Small Slimes","floor":1,"turns":3},{"damage":7,"enemies":"2 Louse","floor":5,"turns":3},{"damage":48,"enemies":"3 Sentries","floor":7,"turns":9},{"damage":10,"enemies":"Jaw Worm","floor":11,"turns":6},{"damage":42,"enemies":"Lagavulin","floor":12,"turns":10},{"damage":33,"enemies":"3 Sentries","floor":14,"turns":12},{"damage":12,"enemies":"Slime Boss","floor":16,"turns":7},{"damage":16,"enemies":"2 Thieves","floor":18,"turns":4},{"damage":30,"enemies":"Shell Parasite","floor":21,"turns":7},{"damage":73,"enemies":"Gremlin Leader","floor":23,"turns":7}],"seed_played":"51746814401394977","potions_obtained":[{"floor":5,"key":"SpeedPotion"},{"floor":11,"key":"Energy Potion"},{"floor":14,"key":"FearPotion"},{"floor":16,"key":"Ancient Potion"},{"floor":18,"key":"Fire Potion"}],"is_trial":false,"path_per_floor":["M","?","?","$","M","R","E","R","T","?","M","E","R","E","R","B",null,"M","?","?","M","T","E"],"character_chosen":"IRONCLAD","items_purchased":[],"campfire_rested":3,"item_purchase_floors":[],"current_hp_per_floor":[88,81,86,86,85,85,43,70,70,47,43,7,34,7,34,28,93,83,83,83,59,59,0],"gold":395,"neow_bonus":"TEN_PERCENT_HP_BONUS","is_prod":false,"is_daily":false,"chose_seed":false,"campfire_upgraded":1,"win_rate":0,"timestamp":1541826360,"path_taken":["M","?","?","?","?","R","E","R","T","?","M","E","R","E","R","BOSS","M","?","?","M","?","E"],"build_version":"2018-11-08","purchased_purges":0,"victory":false,"max_hp_per_floor":[88,88,93,93,93,93,93,93,93,93,93,93,93,93,93,93,93,93,93,93,93,93,93],"card_choices":[{"not_picked":["Wild Strike","Rupture","Twin Strike"],"picked":"SKIP","floor":1},{"not_picked":["Thunderclap","Searing Blow"],"picked":"Pommel Strike","floor":5},{"not_picked":["Evolve","Thunderclap","Dark Embrace"],"picked":"SKIP","floor":7},{"not_picked":["Sentinel","Perfected Strike","Havoc"],"picked":"SKIP","floor":11},{"not_picked":["Wild Strike","Twin Strike","Evolve"],"picked":"SKIP","floor":12},{"not_picked":["Flex","Anger"],"picked":"Immolate","floor":14},{"not_picked":["Sword Boomerang","Flex"],"picked":"Metallicize","floor":15},{"not_picked":["Berserk","Feed"],"picked":"Reaper","floor":16},{"not_picked":["Searing Blow","Sentinel"],"picked":"Shrug It Off","floor":18},{"not_picked":["Bloodletting","Havoc","Armaments"],"picked":"SKIP","floor":21}],"player_experience":49311,"relics_obtained":[{"floor":7,"key":"Letter Opener"},{"floor":9,"key":"Anchor"},{"floor":12,"key":"Vajra"},{"floor":14,"key":"Dream Catcher"},{"floor":22,"key":"Bottled Tornado"}],"event_choices":[{"cards_removed":["Bash"],"damage_healed":0,"gold_gain":0,"player_choice":"Card Removal","damage_taken":7,"max_hp_gain":0,"max_hp_loss":0,"event_name":"Golden Wing","floor":2,"gold_loss":0},{"damage_healed":0,"gold_gain":0,"player_choice":"Donut","damage_taken":0,"max_hp_gain":5,"max_hp_loss":0,"event_name":"Big Fish","floor":3,"gold_loss":0},{"damage_healed":0,"gold_gain":0,"player_choice":"Take Damage","damage_taken":23,"relics_obtained":["Golden Idol"],"max_hp_gain":0,"max_hp_loss":0,"event_name":"Golden Idol","floor":10,"gold_loss":0},{"damage_healed":0,"gold_gain":0,"player_choice":"Inject Mutagens","damage_taken":0,"relics_obtained":["MutagenicStrength"],"max_hp_gain":0,"max_hp_loss":0,"event_name":"Drug Dealer","floor":19,"gold_loss":0},{"cards_removed":["Strike_R"],"damage_healed":0,"gold_gain":0,"player_choice":"Gave Gold","damage_taken":0,"max_hp_gain":0,"max_hp_loss":0,"event_name":"Beggar","floor":20,"gold_loss":75}],"is_beta":false,"boss_relics":[{"not_picked":["Lizard Tail","Cursed Key"],"picked":"Empty Cage"}],"items_purged_floors":[],"is_endless":false,"potions_floor_spawned":[5,11,14,16,18],"killed_by":"Gremlin Leader","ascension_level":1}