{"gold_per_floor":[115,115,40,115,128,128,154,167,194,194,211,211,221,5,5,106,106],"floor_reached":17,"playtime":1727,"items_purged":["Strike_R","Strike_R"],"score":155,"play_id":"b7b3a52c-7309-4ded-bf02-77f220a03421","local_time":"20180803213627","is_ascension_mode":false,"campfire_choices":[{"data":"Whirlwind","floor":6.0,"key":"SMITH"},{"floor":10,"key":"REST"},{"data":"Dark Embrace","floor":15,"key":"SMITH"}],"neow_cost":"NONE","seed_source_timestamp":650756743802570,"circlet_count":0,"master_deck":["Strike_R","Strike_R","Defend_R","Defend_R","Defend_R","Defend_R","Bash","Dark Embrace+1","Intimidate","Whirlwind+1","Cleave","Bloodletting","Warcry","Thunderclap","Pummel","True Grit","Bandage Up","Berserk"],"special_seed":0,"relics":["Burning Blood","Orichalcum","Vajra"],"potions_floor_usage":[7,7,16,16,16],"damage_taken":[{"damage":5.0,"enemies":"Cultist","floor":1.0,"turns":4.0},{"damage":3.0,"enemies":"2 Louse","floor":5.0,"turns":2.0},{"damage":40,"enemies":"Lagavulin","floor":7,"turns":8},{"damage":0,"enemies":"Small Slimes","floor":8,"turns":3},{"damage":12,"enemies":"2 Fungi Beasts","floor":11,"turns":4},{"damage":3,"enemies":"Exordium Thugs","floor":13,"turns":4},{"damage":63,"enemies":"The Guardian","floor":16,"turns":10}],"seed_played":"8182539993286844938","potions_obtained":[{"floor":1.0,"key":"EssenceOfSteel"},{"floor":5.0,"key":"FearPotion"},{"floor":7,"key":"SpeedPotion"},{"floor":12,"key":"Explosive Potion"},{"floor":12,"key":"Energy Potion"},{"floor":12,"key":"SteroidPotion"}],"is_trial":false,"path_per_floor":["M","?","$","?","M","R","E","M","T","R","M","?","M","$","R","B"],"character_chosen":"IRONCLAD","items_purchased":["True Grit","Bandage Up"],"campfire_rested":1,"item_purchase_floors":[14,14],"current_hp_per_floor":[80,80,80,69,72,72,38,44,44,68,62,62,65,65,65,12,12],"gold":106,"neow_bonus":"ONE_RANDOM_RARE_CARD","is_prod":false,"is_daily":false,"chose_seed":false,"campfire_upgraded":2,"win_rate":0,"timestamp":1533357387,"path_taken":["M","?","$","?","M","R","E","M","T","R","M","?","M","$","R","BOSS"],"build_version":"2018-08-02","purchased_purges":2,"victory":false,"max_hp_per_floor":[80,80,80,80,80,80,80,80,80,80,80,80,80,80,80,80,80],"card_choices":[{"not_picked":["Ghostly Armor","Reckless Charge"],"picked":"Intimidate","floor":1.0},{"not_picked":["Headbutt","Wild Strike"],"picked":"Cleave","floor":5.0},{"not_picked":["Clothesline","Headbutt"],"picked":"Bloodletting","floor":7},{"not_picked":["Whirlwind","Shrug It Off"],"picked":"Warcry","floor":8},{"not_picked":["Juggernaut","Armaments"],"picked":"Thunderclap","floor":11},{"not_picked":["Shrug It Off","Dropkick"],"picked":"Pummel","floor":13},{"not_picked":["Juggernaut","Dark Embrace"],"picked":"Berserk","floor":16}],"player_experience":32594,"relics_obtained":[{"floor":7,"key":"Orichalcum"},{"floor":9,"key":"Vajra"}],"event_choices":[{"event_name":"Transmorgrifier","player_choice":"Transform","floor":2.0,"damage_taken":0.0},{"event_name":"World of Goop","player_choice":"Gather Gold","floor":4.0,"damage_taken":0.0},{"event_name":"The Lab","player_choice":"Got Potions","floor":12,"damage_taken":0}],"is_beta":false,"boss_relics":[],"items_purged_floors":[3,14],"is_endless":false,"potions_floor_spawned":[1,5,7],"ascension_level":0}