{"gold_per_floor":[119,194,194,205,221,255,255,255,255,255,284,298,298,327,327,423,423,434,323,340,352,51,51,82,99,168,188,188,204,204,204],"floor_reached":31,"playtime":3349,"items_purged":["Defend_B","Strike_B"],"score":289,"play_id":"47c5768e-cdee-490f-b1f5-decbc808aab1","local_time":"20181026015012","is_ascension_mode":true,"campfire_choices":[{"floor":7,"key":"REST"},{"floor":8,"key":"REST"},{"data":"Double Energy","floor":13,"key":"SMITH"},{"floor":15,"key":"REST"},{"floor":23,"key":"REST"},{"floor":28,"key":"REST"}],"neow_cost":"NONE","seed_source_timestamp":1373053549029530,"circlet_count":0,"master_deck":["Strike_B","Defend_B","Defend_B","Defend_B","Zap","Dualcast","Double Energy+1","Sweeping Beam","Multi-Cast","Fission","Reinforced Body","Reprogram","Ball Lightning","Lockon","Ball Lightning","Doom and Gloom","Tempest","Go for the Eyes","Chaos+1","Double Energy+1","Cold Snap","Hologram+1","Defragment+1","Darkness+1","Undo+1","Creative AI"],"relics":["Cracked Core","Dream Catcher","WingedGreaves","Sundial","Anchor","Oddly Smooth Stone","Black Star","Toy Ornithopter","Ornamental Fan","Toxic Egg 2","Mercury Hourglass"],"potions_floor_usage":[6,14,14,24,25,27,29],"damage_taken":[{"damage":1,"enemies":"Cultist","floor":1,"turns":3},{"damage":10,"enemies":"Jaw Worm","floor":4,"turns":4},{"damage":2,"enemies":"Small Slimes","floor":5,"turns":2},{"damage":31,"enemies":"3 Sentries","floor":6,"turns":5},{"damage":30,"enemies":"Gremlin Nob","floor":11,"turns":5},{"damage":1,"enemies":"Exordium Wildlife","floor":12,"turns":4},{"damage":22,"enemies":"3 Sentries","floor":14,"turns":7},{"damage":38,"enemies":"The Guardian","floor":16,"turns":12},{"damage":20,"enemies":"Spheric Guardian","floor":18,"turns":4},{"damage":0,"enemies":"Chosen","floor":20,"turns":3},{"damage":26,"enemies":"Centurion and Healer","floor":21,"turns":6},{"damage":15,"enemies":"Book of Stabbing","floor":24,"turns":4},{"damage":16,"enemies":"Snecko","floor":25,"turns":4},{"damage":16,"enemies":"Shelled Parasite and Fungi","floor":27,"turns":6},{"damage":17,"enemies":"Snake Plant","floor":29,"turns":3},{"damage":38,"enemies":"Gremlin Leader","floor":31,"turns":5}],"seed_played":"-3338062219141884493","potions_obtained":[{"floor":4,"key":"Strength Potion"},{"floor":6,"key":"Swift Potion"},{"floor":12,"key":"Regen Potion"},{"floor":16,"key":"Fire Potion"},{"floor":18,"key":"Ancient Potion"},{"floor":21,"key":"Energy Potion"},{"floor":25,"key":"GamblersBrew"}],"is_trial":false,"path_per_floor":["M","?","?","M","M","E","R","R","T","?","E","M","R","E","R","B",null,"M","$","M","M","$","R","E","M","T","M","R","M","?"],"character_chosen":"DEFECT","items_purchased":["Tempest","Toy Ornithopter"],"campfire_rested":5,"item_purchase_floors":[19,22],"current_hp_per_floor":[74,63,63,53,51,20,42,64,64,69,39,38,38,31,55,17,80,60,60,60,34,34,58,48,37,37,26,50,38,38,0],"gold":204,"neow_bonus":"RANDOM_COMMON_RELIC","is_prod":false,"is_daily":false,"chose_seed":false,"campfire_upgraded":1,"win_rate":0,"timestamp":1540543812,"path_taken":["M","?","?","M","M","E","R","R","T","?","E","M","R","E","R","BOSS","M","$","M","M","$","R","E","M","T","M","R","M","?","E"],"build_version":"2018-10-25v2","purchased_purges":2,"victory":false,"max_hp_per_floor":[75,75,75,75,75,75,75,75,75,80,80,80,80,80,80,80,80,80,80,80,80,80,80,80,80,80,80,80,80,80,80],"card_choices":[{"not_picked":["Redo","Barrage"],"picked":"Double Energy","floor":1},{"not_picked":["Conserve Battery","Redo"],"picked":"Sweeping Beam","floor":4},{"not_picked":["Conserve Battery","Coolheaded"],"picked":"Multi-Cast","floor":5},{"not_picked":["Melter","White Noise"],"picked":"Fission","floor":6},{"not_picked":["Melter","Redo"],"picked":"Reinforced Body","floor":7},{"not_picked":["Leap","Rebound"],"picked":"Reprogram","floor":8},{"not_picked":["Conserve Battery","Beam Cell"],"picked":"Ball Lightning","floor":11},{"not_picked":["Redo","Go for the Eyes"],"picked":"Lockon","floor":12},{"not_picked":["Rebound","Barrage"],"picked":"Ball Lightning","floor":14},{"not_picked":["Rebound","Double Energy"],"picked":"Doom and Gloom","floor":18},{"not_picked":["Coolheaded+1","Leap+1"],"picked":"Go for the Eyes","floor":20},{"not_picked":["White Noise","Reprogram+1"],"picked":"Chaos+1","floor":21},{"not_picked":["Stack+1","Fusion"],"picked":"Double Energy","floor":24},{"not_picked":["Streamline+1","Sweeping Beam"],"picked":"Cold Snap","floor":25},{"not_picked":["Aggregate+1","Coolheaded+1"],"picked":"Hologram+1","floor":27},{"not_picked":["Genetic Algorithm+1","Buffer"],"picked":"Defragment+1","floor":28},{"not_picked":["Doom and Gloom","Stack+1"],"picked":"Darkness+1","floor":29}],"player_experience":112316,"relics_obtained":[{"floor":6,"key":"WingedGreaves"},{"floor":9,"key":"Sundial"},{"floor":11,"key":"Anchor"},{"floor":14,"key":"Oddly Smooth Stone"},{"floor":24,"key":"Ornamental Fan"},{"floor":24,"key":"Toxic Egg 2"},{"floor":26,"key":"Mercury Hourglass"}],"event_choices":[{"damage_healed":0,"gold_gain":75,"player_choice":"Gather Gold","damage_taken":11,"max_hp_gain":0,"max_hp_loss":0,"event_name":"World of Goop","floor":2,"gold_loss":0},{"damage_healed":0,"gold_gain":0,"player_choice":"Ignored","damage_taken":0,"max_hp_gain":0,"max_hp_loss":0,"event_name":"Liars Game","floor":3,"gold_loss":0},{"damage_healed":0,"gold_gain":0,"player_choice":"Donut","damage_taken":0,"max_hp_gain":5,"max_hp_loss":0,"event_name":"Big Fish","floor":10,"gold_loss":0},{"damage_healed":0,"gold_gain":0,"cards_transformed":["Strike_B","Strike_B"],"player_choice":"Became Test Subject","damage_taken":0,"max_hp_gain":0,"max_hp_loss":0,"event_name":"Drug Dealer","floor":30,"gold_loss":0,"cards_obtained":["Undo","Creative AI"]}],"is_beta":false,"boss_relics":[{"not_picked":["Orrery","Velvet Choker"],"picked":"Black Star"}],"items_purged_floors":[19,22],"is_endless":false,"potions_floor_spawned":[4,6,12,16,18,21,25],"killed_by":"Gremlin Leader","ascension_level":1}