{"path_per_floor":["M","M","?","?","?","E","R","?","T","R","M","M","M","E","R","B",null,"M","M","?","$","M","E","M","R","T","E","?","R","?","M","R"],"character_chosen":"IRONCLAD","items_purchased":["Gremlin Horn","Master of Strategy"],"gold_per_floor":[114,129,129,129,129,157,157,257,284,284,295,314,333,367,367,472,472,489,504,504,40,58,86,104,104,104,137,137,137,137,155,155],"floor_reached":33,"campfire_rested":2,"playtime":3530,"current_hp_per_floor":[80,80,64,64,57,31,31,31,31,31,37,38,40,22,46,20,80,80,67,51,51,30,19,29,29,29,41,41,41,41,31,55],"items_purged":[],"gold":155,"play_id":"a73c77d6-af90-4e47-8da8-368a7c3a181b","is_prod":false,"is_daily":false,"is_ascension_mode":false,"campfire_upgraded":1,"path_taken":["M","M","?","?","?","E","R","?","T","R","M","M","M","E","R","BOSS","M","M","?","$","M","E","M","R","T","E","?","R","?","M","R","BOSS"],"build_version":"2018-01-25-PROD3","purchased_purges":1,"victory":false,"master_deck":["Strike_R+1","Strike_R+1","Strike_R+1","Strike_R+1","Strike_R+1","Defend_R+1","Defend_R+1","Defend_R+1","Bash","Clash","Infernal Blade","Anger","Rampage","Shockwave","Second Wind","Bludgeon","Bloodletting","Berserk","Combust+1","Fire Breathing","Necronomicurse","Master of Strategy","Double Tap+1","Combust+1","Cleave","Shockwave","Seeing Red","Warcry+1"],"max_hp_per_floor":[80,80,80,80,80,80,80,80,80,80,80,80,80,80,80,80,80,80,80,80,80,80,80,80,80,80,80,80,80,80,80,80],"relics":["Black Blood","Bronze Scales","Girya","Blood Vial","Charon\u0027s Ashes","Necronomicon","Gremlin Horn","Self Forming Clay","Dodecahedron","Oddly Smooth Stone"],"card_choices":[{"not_picked":["Flex","Reckless Charge"],"picked":"Clash"},{"not_picked":["Body Slam","Blood for Blood"],"picked":"Infernal Blade"},{"not_picked":["Dropkick","Hemokinesis"],"picked":"Rampage"},{"not_picked":["Sword Boomerang","Second Wind"],"picked":"Shockwave"},{"not_picked":["Thunderclap","Twin Strike"],"picked":"Second Wind"},{"not_picked":["Clothesline","True Grit"],"picked":"Bludgeon"},{"not_picked":["Brutality","Perfected Strike"],"picked":"Bloodletting"},{"not_picked":["Juggernaut","Offering"],"picked":"Berserk"},{"not_picked":["Thunderclap","Headbutt"],"picked":"Combust"},{"not_picked":["Clothesline","Armaments"],"picked":"Fire Breathing"},{"not_picked":["Warcry","True Grit"],"picked":"Double Tap"},{"not_picked":["Inflame","Disarm"],"picked":"Combust"},{"not_picked":["True Grit","Sword Boomerang"],"picked":"Cleave"},{"not_picked":["Warcry","True Grit"],"picked":"Shockwave"},{"not_picked":["Flex","Headbutt"],"picked":"Warcry"}],"player_experience":0,"potions_floor_usage":[],"damage_taken":[{"damage":0,"enemies":"Small Slimes","floor":1,"turns":3},{"damage":0,"enemies":"2 Louse","floor":2,"turns":2},{"damage":32,"enemies":"3 Sentries","floor":6,"turns":5},{"damage":2,"enemies":"Blue Slaver","floor":11,"turns":2},{"damage":7,"enemies":"Looter","floor":12,"turns":3},{"damage":6,"enemies":"Gremlin Gang","floor":13,"turns":2},{"damage":26,"enemies":"Lagavulin","floor":14,"turns":4},{"damage":34,"enemies":"The Guardian","floor":16,"turns":7},{"damage":0,"enemies":"Chosen","floor":18,"turns":3},{"damage":23,"enemies":"2 Thieves","floor":19,"turns":3},{"damage":33,"enemies":"Slaver and Parasite","floor":22,"turns":4},{"damage":23,"enemies":"Book of Stabbing","floor":23,"turns":3},{"damage":2,"enemies":"Chosen and Byrds","floor":24,"turns":3},{"damage":0,"enemies":"Gremlin Leader","floor":27,"turns":4},{"damage":22,"enemies":"Snake Plant","floor":31,"turns":2},{"damage":75,"enemies":"Champ","floor":33,"turns":7}],"event_choices":[{"event_name":"Shining Light","player_choice":"Entered Light","floor":3,"damage_taken":0},{"event_name":"Transmorgrifier","player_choice":"Transform","floor":4,"damage_taken":0},{"event_name":"Scrap Ooze","player_choice":"success","floor":5,"damage_taken":7},{"event_name":"Wheel of Change","player_choice":"Gold","floor":8,"damage_taken":0},{"event_name":"Cursed Tome","player_choice":"Obtained Book","floor":20,"damage_taken":0},{"event_name":"The Library","player_choice":"Read","floor":28,"damage_taken":0},{"event_name":"Back to Basics","player_choice":"Simplicity","floor":30,"damage_taken":0}],"boss_relics":[{"not_picked":["Runic Dome","Tiny House"],"picked":"Black Blood"}],"potions_floor_spawned":[1,11,16,18,19,24,27],"seed_played":"2235612628103044251","killed_by":"Champ","ascension_level":0,"is_trial":false}