{"gold_per_floor":[363,363,363,384,411,411,455,471,471,512,525,525,371,396,396,527,527,545,545,545,54,72,112,112,112,167,90,130,174,187,312,312,433,433,452,452,452,785,804,832,845,845,896,208,242,256,290,61,61,61],"floor_reached":51,"playtime":2732,"items_purged":["Strike_B","Defend_B","Defend_B"],"score":1114,"play_id":"177d6aad-07ac-434f-99fb-315ea36969cd","local_time":"20180928134755","is_ascension_mode":true,"campfire_choices":[{"data":"Zap","floor":6,"key":"SMITH"},{"data":"Defragment","floor":15,"key":"SMITH"},{"data":"Self Repair","floor":24,"key":"SMITH"},{"data":"Storm","floor":25,"key":"SMITH"},{"data":"Capacitor","floor":32,"key":"SMITH"},{"data":"Thunder Strike","floor":42,"key":"SMITH"},{"data":"Defragment","floor":49,"key":"SMITH"}],"neow_cost":"CURSE","seed_source_timestamp":6708359080774,"circlet_count":0,"master_deck":["Defend_B","Defend_B","Zap+1","Dualcast","Cold Snap","Auto Shields","Glacier","Defragment+1","Go for the Eyes","Self Repair+1","Undo","Electrodynamics","Storm+1","Bite","Bite","Bite","Bite","Bite","Loop","Turbo","Capacitor+1","Hello World+1","Storm","Heatsinks","Storm+1","Thunder Strike+1","Redo+1","Defragment","Go for the Eyes+1","Go for the Eyes+1","Apotheosis+1","Steam Power+1","Force Field+1","Turbo+1","Rainbow+1","Defragment+1"],"relics":["FrozenCore","Potion Belt","Matryoshka","Dodecahedron","WingedGreaves","Singing Bowl","Coffee Dripper","Enchiridion","Mercury Hourglass","Omamori","StoneCalendar","Bag of Preparation","Anchor","Pen Nib","Gambling Chip","Calipers","Toxic Egg 2","Bird Faced Urn","DataDisk","Lantern","Emotion Chip","Dream Catcher","Bottled Lightning","Art of War"],"potions_floor_usage":[4,11,11,11,16,16,16,23,29,29,31,33,50,50,50,50,50],"damage_taken":[{"damage":8,"enemies":"Cultist","floor":1,"turns":3},{"damage":0,"enemies":"Small Slimes","floor":4,"turns":4},{"damage":20,"enemies":"Gremlin Nob","floor":7,"turns":4},{"damage":0,"enemies":"2 Louse","floor":8,"turns":2},{"damage":6,"enemies":"Lagavulin","floor":10,"turns":9},{"damage":0,"enemies":"Gremlin Gang","floor":11,"turns":3},{"damage":0,"enemies":"Blue Slaver","floor":14,"turns":4},{"damage":3,"enemies":"Hexaghost","floor":16,"turns":12},{"damage":0,"enemies":"Chosen","floor":18,"turns":5},{"damage":0,"enemies":"3 Byrds","floor":22,"turns":2},{"damage":7,"enemies":"Book of Stabbing","floor":23,"turns":7},{"damage":29,"enemies":"Slavers","floor":28,"turns":3},{"damage":0,"enemies":"Gremlin Leader","floor":29,"turns":4},{"damage":0,"enemies":"Centurion and Healer","floor":30,"turns":2},{"damage":1,"enemies":"Colosseum Slavers","floor":31,"turns":3},{"damage":11,"enemies":"Colosseum Nobs","floor":31,"turns":3},{"damage":10,"enemies":"Automaton","floor":33,"turns":6},{"damage":2,"enemies":"Orb Walker","floor":35,"turns":3},{"damage":0,"enemies":"Mind Bloom Boss Battle","floor":37,"turns":4},{"damage":0,"enemies":"3 Darklings","floor":39,"turns":1},{"damage":0,"enemies":"Giant Head","floor":40,"turns":5},{"damage":8,"enemies":"4 Shapes","floor":41,"turns":2},{"damage":0,"enemies":"2 Orb Walkers","floor":45,"turns":2},{"damage":0,"enemies":"Reptomancer","floor":46,"turns":2},{"damage":19,"enemies":"Nemesis","floor":47,"turns":3},{"damage":18,"enemies":"Donu and Deca","floor":50,"turns":4}],"seed_played":"-5372021150750016522","potions_obtained":[{"floor":1,"key":"Regen Potion"},{"floor":7,"key":"EntropicBrew"},{"floor":10,"key":"Weak Potion"},{"floor":16,"key":"Swift Potion"},{"floor":18,"key":"Explosive Potion"},{"floor":22,"key":"Energy Potion"},{"floor":31,"key":"Strength Potion"},{"floor":33,"key":"AttackPotion"},{"floor":35,"key":"FocusPotion"},{"floor":39,"key":"FocusPotion"},{"floor":46,"key":"FocusPotion"},{"floor":47,"key":"Weak Potion"}],"is_trial":false,"path_per_floor":["M","?","?","M","T","R","E","M","T","E","M","?","$","M","R","B",null,"M","?","?","$","M","E","R","R","T","$","E","E","M","?","R","B",null,"M","?","?","?","M","E","M","R","T","$","E","M","E","$","R","B"],"character_chosen":"DEFECT","items_purchased":["Self Repair","Mercury Hourglass","Omamori","Capacitor","Apotheosis+1","Emotion Chip","Steam Power+1","Art of War","Defragment"],"campfire_rested":0,"item_purchase_floors":[13,21,21,27,44,44,44,48,48],"current_hp_per_floor":[67,60,42,54,54,54,34,34,34,30,32,20,20,22,22,28,75,75,59,59,59,61,69,69,69,69,69,54,64,68,66,66,64,75,74,75,75,75,75,75,75,75,75,75,75,75,70,70,70,75],"gold":61,"neow_bonus":"TWO_FIFTY_GOLD","is_prod":false,"is_daily":false,"chose_seed":false,"campfire_upgraded":7,"win_rate":0,"timestamp":1538117275,"path_taken":["M","?","?","M","?","R","E","M","T","E","M","?","$","?","R","BOSS","M","?","?","$","?","E","R","R","T","?","E","E","?","?","R","BOSS","M","?","?","?","M","E","M","R","T","$","E","?","E","?","R","BOSS"],"build_version":"2018-09-27","purchased_purges":3,"victory":true,"max_hp_per_floor":[75,75,75,75,75,75,75,75,75,75,75,75,75,75,75,75,75,75,75,75,75,75,75,75,75,75,75,75,75,75,75,75,75,75,75,75,75,75,75,75,75,75,75,75,75,75,75,75,75,75],"card_choices":[{"not_picked":["Beam Cell","Streamline"],"picked":"Cold Snap","floor":1},{"not_picked":["Aggregate","Steam"],"picked":"Auto Shields","floor":4},{"not_picked":["Redo","Stack","Rebound"],"picked":"SKIP","floor":7},{"not_picked":["Force Field","Rebound"],"picked":"Glacier","floor":8},{"not_picked":["Creative AI","Sunder"],"picked":"Defragment","floor":10},{"not_picked":["Cold Snap","Gash"],"picked":"Go for the Eyes","floor":11},{"not_picked":["Redo","Leap"],"picked":"Undo","floor":14},{"not_picked":["Biased Cognition","Multi-Cast"],"picked":"Electrodynamics","floor":16},{"not_picked":["Loop","Ball Lightning+1"],"picked":"Storm","floor":18},{"not_picked":["Sweeping Beam","Steam Power"],"picked":"Loop","floor":22},{"not_picked":["Go for the Eyes","Rip and Tear+1"],"picked":"Turbo","floor":23},{"not_picked":["Streamline","Ball Lightning"],"picked":"Hello World+1","floor":28},{"not_picked":["Darkness","Scrape"],"picked":"Storm","floor":29},{"not_picked":["Double Energy","Beam Cell"],"picked":"Heatsinks","floor":30},{"not_picked":["Redo","Sweeping Beam"],"picked":"Storm+1","floor":31},{"not_picked":["Rainbow+1","Multi-Cast+1"],"picked":"Thunder Strike","floor":33},{"not_picked":["Sweeping Beam","Gash"],"picked":"Genetic Algorithm+1","floor":35},{"not_picked":["Hologram+1","Steam+1"],"picked":"Redo+1","floor":37},{"not_picked":["Sweeping Beam","Hologram+1"],"picked":"Defragment","floor":39},{"not_picked":["Coolheaded+1","Rebound"],"picked":"Go for the Eyes+1","floor":40},{"not_picked":["Cold Snap","Compile Driver"],"picked":"Go for the Eyes+1","floor":41},{"not_picked":["Self Repair+1","Blizzard"],"picked":"Force Field+1","floor":45},{"not_picked":["Steam Power+1","Compile Driver+1"],"picked":"Turbo+1","floor":46},{"not_picked":["Hologram+1","Coolheaded+1"],"picked":"Rainbow+1","floor":47}],"player_experience":237151,"relics_obtained":[{"floor":5,"key":"Potion Belt"},{"floor":7,"key":"Matryoshka"},{"floor":9,"key":"Blood Vial"},{"floor":9,"key":"Dodecahedron"},{"floor":10,"key":"WingedGreaves"},{"floor":19,"key":"Enchiridion"},{"floor":23,"key":"StoneCalendar"},{"floor":26,"key":"Bag of Preparation"},{"floor":26,"key":"Anchor"},{"floor":28,"key":"Pen Nib"},{"floor":29,"key":"Gambling Chip"},{"floor":31,"key":"Calipers"},{"floor":31,"key":"Toxic Egg 2"},{"floor":37,"key":"Bird Faced Urn"},{"floor":40,"key":"DataDisk"},{"floor":43,"key":"Lantern"},{"floor":45,"key":"Dream Catcher"},{"floor":47,"key":"Bottled Lightning"}],"event_choices":[{"event_name":"Golden Wing","player_choice":"Card Removal","floor":2,"damage_taken":0},{"event_name":"Golden Idol","player_choice":"Take Damage","floor":3,"damage_taken":0},{"event_name":"Scrap Ooze","player_choice":"success","floor":12,"damage_taken":12},{"event_name":"Cursed Tome","player_choice":"Obtained Book","floor":19,"damage_taken":0},{"event_name":"Vampires","player_choice":"Became a vampire (Vial)","floor":20,"damage_taken":0},{"event_name":"Colosseum","player_choice":"Fight","floor":31,"damage_taken":0},{"event_name":"Colosseum","player_choice":"Fought Nobs","floor":31,"damage_taken":0},{"event_name":"Bonfire Elementals","player_choice":"UNCOMMON","floor":36,"damage_taken":0},{"event_name":"MindBloom","player_choice":"Fight","floor":37,"damage_taken":0},{"event_name":"The Moai Head","player_choice":"Gave Idol","floor":38,"damage_taken":0}],"is_beta":false,"boss_relics":[{"not_picked":["White Beast Statue","Snecko Eye"],"picked":"Coffee Dripper"},{"not_picked":["Nuclear Battery","Runic Dome"],"picked":"FrozenCore"}],"items_purged_floors":[13,21,44],"is_endless":false,"potions_floor_spawned":[1,7,10,16,18,22,31,31,33,35,39,46,47],"ascension_level":4}