{"path_per_floor":["?","?","?","?","?","?","?","?","?","?","?","?","?","?","?","B",null,"?","?","?","?","?","?","?","?","?","?","?","?","?","?","?","B",null,"?","?","?","?","?"],"character_chosen":"THE_SILENT","items_purchased":["Noxious Fumes","Caltrops","Footwork","Medical Kit"],"gold_per_floor":[114,129,129,129,144,144,100,115,115,24,39,54,69,84,84,184,184,199,214,229,244,244,244,259,173,173,188,188,203,218,233,233,333,333,348,363,378,393,143],"floor_reached":40,"campfire_rested":1,"playtime":1917,"current_hp_per_floor":[70,70,70,63,63,63,63,63,63,63,63,63,63,63,63,31,70,70,70,53,63,63,63,53,53,53,53,53,52,48,48,69,47,70,50,42,29,14,14],"items_purged":[],"gold":143,"score":342,"play_id":"fc3a6d86-fda3-47e9-a93c-34443e11bdf3","local_time":"20180309231223","daily_mods":[{"name":"Heirloom","description":"Start with 1 Rare relic.","modID":"Heirloom","img":{"data":{"file":{"file":{"path":"images\\ui\\run_mods\\heirloom.png"},"type":"Internal"},"width":64,"height":64,"format":"RGBA8888","useMipMaps":false,"isPrepared":false},"glTarget":3553,"glHandle":683,"minFilter":"Linear","magFilter":"Linear","uWrap":"ClampToEdge","vWrap":"ClampToEdge"},"positive":true},{"name":"Uncertain Future","description":"The map shows only ?.","modID":"Uncertain Future","img":{"data":{"file":{"file":{"path":"images\\ui\\run_mods\\uncertain_future.png"},"type":"Internal"},"width":64,"height":64,"format":"RGBA8888","useMipMaps":false,"isPrepared":false},"glTarget":3553,"glHandle":679,"minFilter":"Linear","magFilter":"Linear","uWrap":"ClampToEdge","vWrap":"ClampToEdge"},"positive":false},{"name":"Binary","description":"Card rewards contain only 2 cards.","modID":"Binary","img":{"data":{"file":{"file":{"path":"images\\ui\\run_mods\\binary.png"},"type":"Internal"},"width":64,"height":64,"format":"RGBA8888","useMipMaps":false,"isPrepared":false},"glTarget":3553,"glHandle":680,"minFilter":"Linear","magFilter":"Linear","uWrap":"ClampToEdge","vWrap":"ClampToEdge"},"positive":false},{"name":"Vintage","description":"The Merchant\u0027s prices are increased by 25%.","modID":"Vintage","img":{"data":{"file":{"file":{"path":"images\\ui\\run_mods\\vintage.png"},"type":"Internal"},"width":64,"height":64,"format":"RGBA8888","useMipMaps":false,"isPrepared":false},"glTarget":3553,"glHandle":677,"minFilter":"Linear","magFilter":"Linear","uWrap":"ClampToEdge","vWrap":"ClampToEdge"},"positive":false}],"is_prod":false,"is_daily":true,"is_ascension_mode":false,"campfire_upgraded":4,"timestamp":1520604743,"path_taken":["?","?","?","?","?","?","?","?","?","?","?","?","?","?","?","BOSS","?","?","?","?","?","?","?","?","?","?","?","?","?","?","?","BOSS","?","?","?","?","?","?"],"build_version":"2018-03-01-PROD1","purchased_purges":0,"victory":false,"master_deck":["Defend_G","Defend_G","Defend_G","Strike_G","Strike_G","Strike_G","Survivor","Neutralize+1","Dagger Spray+1","Blade Dance","Predator","Noxious Fumes+1","Bane","Caltrops","Backflip","Caltrops","Sucker Punch","Adrenaline+1","Finisher+1","Phantasmal Killer+1","Dash+1","Noxious Fumes+1","Slice+1","Acrobatics+1","Deadly Poison","Footwork+1","PiercingWail+1","Flying Knee","Reflex","Adrenaline","Slice+1","Caltrops+1","Endless Agony"],"max_hp_per_floor":[70,70,70,70,70,70,70,70,70,70,70,70,70,70,70,70,70,70,70,70,70,70,70,70,70,70,70,70,70,70,70,70,70,70,70,70,70,70,70],"relics":["Ring of the Snake","Thread and Needle","Ginger","Astrolabe","Toolbox","The Specimen","Medical Kit"],"card_choices":[{"not_picked":["Prepared"],"picked":"Dagger Spray"},{"not_picked":["Prepared"],"picked":"Blade Dance"},{"not_picked":["Bane"],"picked":"Predator"},{"not_picked":["Dodge and Roll"],"picked":"Bane"},{"not_picked":["Underhanded Strike"],"picked":"Backflip"},{"not_picked":["Flying Knee"],"picked":"Caltrops"},{"not_picked":["Bane"],"picked":"Sucker Punch"},{"not_picked":["Corpse Explosion"],"picked":"Adrenaline"},{"not_picked":["Bouncing Flask"],"picked":"Noxious Fumes"},{"not_picked":["Infinite Blades"],"picked":"Slice"},{"not_picked":["Expertise"],"picked":"Acrobatics"},{"not_picked":["Skewer"],"picked":"Deadly Poison"},{"not_picked":["Malaise"],"picked":"PiercingWail"},{"not_picked":["All Out Attack"],"picked":"Flying Knee"},{"not_picked":["Dash"],"picked":"Reflex"},{"not_picked":["Die Die Die"],"picked":"Adrenaline"},{"not_picked":["Quick Slash"],"picked":"Slice"},{"not_picked":["Calculated Gamble"],"picked":"Caltrops"},{"not_picked":["Predator"],"picked":"Endless Agony"}],"player_experience":602610,"potions_floor_usage":[14,18,20,21,27,33,37,40,40],"damage_taken":[{"damage":0,"enemies":"Cultist","floor":1,"turns":5},{"damage":0,"enemies":"2 Louse","floor":2,"turns":2},{"damage":0,"enemies":"Jaw Worm","floor":5,"turns":3},{"damage":0,"enemies":"Large Slime","floor":8,"turns":4},{"damage":0,"enemies":"Exordium Thugs","floor":11,"turns":4},{"damage":0,"enemies":"2 Fungi Beasts","floor":12,"turns":3},{"damage":0,"enemies":"Exordium Wildlife","floor":13,"turns":3},{"damage":0,"enemies":"Gremlin Gang","floor":14,"turns":3},{"damage":32,"enemies":"Hexaghost","floor":16,"turns":9},{"damage":0,"enemies":"Shell Parasite","floor":18,"turns":6},{"damage":0,"enemies":"3 Byrds","floor":19,"turns":3},{"damage":17,"enemies":"Sentry and Sphere","floor":20,"turns":5},{"damage":5,"enemies":"Centurion and Healer","floor":21,"turns":7},{"damage":10,"enemies":"Cultist and Chosen","floor":24,"turns":5},{"damage":0,"enemies":"Snake Plant","floor":27,"turns":3},{"damage":1,"enemies":"Centurion and Healer","floor":29,"turns":6},{"damage":4,"enemies":"Snecko","floor":30,"turns":6},{"damage":0,"enemies":"3 Cultists","floor":31,"turns":4},{"damage":22,"enemies":"Champ","floor":33,"turns":11},{"damage":20,"enemies":"3 Darklings","floor":35,"turns":4},{"damage":8,"enemies":"Orb Walker","floor":36,"turns":4},{"damage":28,"enemies":"Sphere and 2 Shapes","floor":37,"turns":5},{"damage":15,"enemies":"4 Shapes","floor":38,"turns":7},{"damage":36,"enemies":"Nemesis","floor":40,"turns":7}],"event_choices":[{"event_name":"Living Wall","player_choice":"Grow","floor":3,"damage_taken":0},{"event_name":"Golden Wing","player_choice":"Card Removal","floor":4,"damage_taken":0},{"event_name":"Beggar","player_choice":"Ignored","floor":22,"damage_taken":0}],"boss_relics":[{"not_picked":["Runic Pyramid","Pandora\u0027s Box"],"picked":"Astrolabe"},{"not_picked":["Black Star","White Beast Statue"],"picked":"The Specimen"}],"potions_floor_spawned":[11,12,13,16,18,20,30,31,33,35,36,37,38],"seed_played":"6419525779391338913","killed_by":"Nemesis","ascension_level":0,"is_trial":false}