{"gold_per_floor":[114,114,189,203,203,235,235,246,270,270,301,82,110,10,10,114,114,133,59,0,19,19,19,38,66,66,66,79,53,78,98,98,195,195,214,214,16,33,46,46,76,76,124,155,165,165,196,210,210,210],"floor_reached":51,"playtime":4959,"items_purged":["Writhe","Strike_B","Regret"],"score":996,"play_id":"cac53da0-0f89-4daa-9a5a-93ea71f13c81","local_time":"20181115030041","is_ascension_mode":true,"campfire_choices":[{"floor":7,"key":"REST"},{"floor":10,"key":"REST"},{"data":"Defragment","floor":15,"key":"SMITH"},{"data":"Sunder","floor":23,"key":"SMITH"},{"data":"Ball Lightning","floor":27,"key":"SMITH"},{"floor":32,"key":"REST"},{"data":"Sunder","floor":40,"key":"SMITH"},{"data":"Electrodynamics","floor":42,"key":"SMITH"},{"data":"Sunder","floor":46,"key":"SMITH"},{"floor":49,"key":"REST"}],"neow_cost":"CURSE","seed_source_timestamp":79807985884977,"circlet_count":0,"master_deck":["Strike_B","Strike_B+1","Defend_B+1","Zap","Dualcast","Glacier","Cold Snap","BootSequence+1","Defragment+1","Sunder+1","Ball Lightning+1","Machine Learning","Chill+1","Conserve Battery","Hello World","Machine Learning","Self Repair+1","Cold Snap+1","Hologram","FTL","Go for the Eyes+1","Electrodynamics+1","Coolheaded+1","Sunder+1","Sunder+1","Normality","Undo+1","Glacier+1"],"relics":["Cracked Core","PreservedInsect","Bag of Preparation","Centennial Puzzle","Happy Flower","Letter Opener","Cursed Key","Lantern","Meat on the Bone","DataDisk","Snecko Eye","Mercury Hourglass","War Paint","Ornamental Fan","Gambling Chip"],"potions_floor_usage":[6,50,50,50],"damage_taken":[{"damage":7,"enemies":"Jaw Worm","floor":1,"turns":3},{"damage":6,"enemies":"Small Slimes","floor":4,"turns":3},{"damage":5,"enemies":"Gremlin Nob","floor":6,"turns":4},{"damage":0,"enemies":"2 Louse","floor":8,"turns":3},{"damage":2,"enemies":"3 Sentries","floor":11,"turns":8},{"damage":5,"enemies":"Gremlin Nob","floor":13,"turns":3},{"damage":30,"enemies":"Hexaghost","floor":16,"turns":9},{"damage":1,"enemies":"Spheric Guardian","floor":18,"turns":4},{"damage":8,"enemies":"2 Thieves","floor":21,"turns":3},{"damage":16,"enemies":"Shelled Parasite and Fungi","floor":24,"turns":4},{"damage":2,"enemies":"Book of Stabbing","floor":25,"turns":4},{"damage":26,"enemies":"Snake Plant","floor":28,"turns":5},{"damage":5,"enemies":"Slavers","floor":30,"turns":3},{"damage":5,"enemies":"Centurion and Healer","floor":31,"turns":4},{"damage":32,"enemies":"Champ","floor":33,"turns":11},{"damage":4,"enemies":"Orb Walker","floor":35,"turns":2},{"damage":0,"enemies":"3 Darklings","floor":38,"turns":3},{"damage":20,"enemies":"Writhing Mass","floor":39,"turns":3},{"damage":8,"enemies":"Reptomancer","floor":41,"turns":5},{"damage":0,"enemies":"Giant Head","floor":44,"turns":7},{"damage":0,"enemies":"4 Shapes","floor":45,"turns":4},{"damage":5,"enemies":"Reptomancer","floor":47,"turns":3},{"damage":39,"enemies":"Transient","floor":48,"turns":5},{"damage":6,"enemies":"Awakened One","floor":50,"turns":15}],"seed_played":"-2977292311012136996","potions_obtained":[{"floor":1,"key":"PowerPotion"},{"floor":4,"key":"Energy Potion"},{"floor":8,"key":"Energy Potion"},{"floor":18,"key":"Dexterity Potion"},{"floor":21,"key":"Swift Potion"},{"floor":31,"key":"Weak Potion"},{"floor":39,"key":"FocusPotion"},{"floor":44,"key":"PowerPotion"}],"is_trial":false,"path_per_floor":["M","?","?","M","?","E","R","M","T","R","E","$","E","$","R","B",null,"M","$","?","M","?","R","M","E","T","R","M","$","E","M","R","B",null,"M","?","$","M","M","R","E","R","T","E","M","R","E","M","R","B",null],"character_chosen":"DEFECT","items_purchased":["Happy Flower","Chill","Hologram","Sunder"],"campfire_rested":4,"item_purchase_floors":[12,19,29,37],"current_hp_per_floor":[75,68,57,51,33,28,54,54,54,80,78,78,73,73,73,43,78,77,77,77,69,69,69,53,61,61,61,57,57,62,67,89,67,84,89,89,89,89,79,79,81,81,81,81,81,81,76,59,85,89],"gold":210,"neow_bonus":"TWENTY_PERCENT_HP_BONUS","is_prod":false,"is_daily":false,"chose_seed":false,"campfire_upgraded":6,"win_rate":0,"timestamp":1542279641,"path_taken":["M","?","?","M","?","E","R","M","T","R","E","$","E","$","R","BOSS","M","$","?","M","?","R","M","E","T","R","M","$","E","M","R","BOSS","M","?","$","M","M","R","E","R","T","E","M","R","E","M","R","BOSS"],"build_version":"2018-11-08","purchased_purges":3,"victory":true,"max_hp_per_floor":[89,89,89,89,89,89,89,89,89,89,89,89,89,89,89,89,89,89,89,89,89,89,89,89,89,89,89,89,89,89,89,89,89,89,89,89,89,89,89,89,89,89,89,89,89,89,89,89,89,89],"card_choices":[{"not_picked":["Recycle","Gash"],"picked":"Glacier","floor":1},{"not_picked":["Turbo","Rebound"],"picked":"Cold Snap","floor":4},{"not_picked":["Streamline","Darkness"],"picked":"BootSequence","floor":6},{"not_picked":["Consume","Double Energy"],"picked":"Defragment","floor":8},{"not_picked":["Skim","Sweeping Beam"],"picked":"Sunder","floor":11},{"not_picked":["White Noise","Meteor Strike"],"picked":"Ball Lightning","floor":13},{"not_picked":["Core Surge","Reboot"],"picked":"Machine Learning","floor":16},{"not_picked":["Turbo","Compile Driver+1","Tempest"],"picked":"SKIP","floor":18},{"not_picked":["Steam","Beam Cell"],"picked":"Conserve Battery","floor":21},{"not_picked":["Beam Cell+1","Stack"],"picked":"Self Repair+1","floor":24},{"not_picked":["Tempest","Compile Driver"],"picked":"Cold Snap+1","floor":25},{"not_picked":["Hello World","Storm","Melter"],"picked":"SKIP","floor":28},{"not_picked":["Coolheaded+1","Blizzard"],"picked":"FTL","floor":30},{"not_picked":["Turbo","Machine Learning"],"picked":"Go for the Eyes+1","floor":31},{"not_picked":["Thunder Strike","Fission"],"picked":"Electrodynamics","floor":33},{"not_picked":["Go for the Eyes+1","Leap+1"],"picked":"Coolheaded+1","floor":35},{"not_picked":["Barrage","Beam Cell","Turbo"],"picked":"SKIP","floor":38},{"not_picked":["Conserve Battery","Turbo+1"],"picked":"Sunder","floor":39},{"not_picked":["Go for the Eyes+1","Static Discharge","Hyperbeam"],"picked":"SKIP","floor":41},{"not_picked":["Coolheaded+1","Cold Snap"],"picked":"Undo+1","floor":44},{"not_picked":["Coolheaded","Go for the Eyes","Leap"],"picked":"SKIP","floor":45},{"not_picked":["Coolheaded","Biased Cognition"],"picked":"Glacier+1","floor":47},{"not_picked":["Gash","Static Discharge","Coolheaded"],"picked":"SKIP","floor":48}],"player_experience":249059,"relics_obtained":[{"floor":6,"key":"PreservedInsect"},{"floor":9,"key":"Bag of Preparation"},{"floor":11,"key":"Centennial Puzzle"},{"floor":13,"key":"Letter Opener"},{"floor":25,"key":"Lantern"},{"floor":26,"key":"Meat on the Bone"},{"floor":30,"key":"DataDisk"},{"floor":41,"key":"Mercury Hourglass"},{"floor":43,"key":"War Paint"},{"floor":44,"key":"Ornamental Fan"},{"floor":47,"key":"Gambling Chip"}],"event_choices":[{"cards_removed":["Defend_B"],"damage_healed":0,"gold_gain":0,"player_choice":"Card Removal","damage_taken":7,"max_hp_gain":0,"max_hp_loss":0,"event_name":"Golden Wing","floor":2,"gold_loss":0},{"damage_healed":0,"gold_gain":75,"player_choice":"Gather Gold","damage_taken":11,"max_hp_gain":0,"max_hp_loss":0,"event_name":"World of Goop","floor":3,"gold_loss":0},{"damage_healed":0,"gold_gain":0,"player_choice":"Entered Light","damage_taken":18,"max_hp_gain":0,"max_hp_loss":0,"event_name":"Shining Light","floor":5,"gold_loss":0,"cards_upgraded":["Defend_B","Strike_B"]},{"damage_healed":0,"gold_gain":0,"player_choice":"Paid Fearfully","damage_taken":0,"max_hp_gain":0,"max_hp_loss":0,"event_name":"Masked Bandits","floor":20,"gold_loss":59},{"damage_healed":0,"gold_gain":0,"cards_transformed":["Strike_B","Defend_B"],"player_choice":"Became Test Subject","damage_taken":0,"max_hp_gain":0,"max_hp_loss":0,"event_name":"Drug Dealer","floor":22,"gold_loss":0,"cards_obtained":["Hello World","Machine Learning"]},{"cards_removed":["Defend_B"],"damage_healed":0,"gold_gain":0,"player_choice":"Removed Skill","damage_taken":0,"max_hp_gain":0,"max_hp_loss":0,"event_name":"Falling","floor":36,"gold_loss":0}],"is_beta":false,"boss_relics":[{"not_picked":["Pandora\u0027s Box","Runic Dome"],"picked":"Cursed Key"},{"not_picked":["Eternal Feather","Black Star"],"picked":"Snecko Eye"}],"items_purged_floors":[12,14,37],"is_endless":false,"potions_floor_spawned":[1,4,8,18,21,30,31,39,41,44,48],"ascension_level":6}