{"gold_per_floor":[19,19,94,94,94,94,124,124,124,143,173,186,212,212,212,212],"floor_reached":16,"playtime":784,"items_purged":[],"score":106,"play_id":"4c1cf9e4-62cc-4e83-bb40-f0d5da555e98","local_time":"20180925075151","is_ascension_mode":false,"campfire_choices":[{"data":"Searing Blow","floor":6,"key":"SMITH"},{"data":"Searing Blow+1","floor":8,"key":"SMITH"},{"data":"Searing Blow+2","floor":15,"key":"SMITH"}],"neow_cost":"NO_GOLD","seed_source_timestamp":605612591605783,"circlet_count":0,"master_deck":["Strike_R","Strike_R","Strike_R","Strike_R","Strike_R","Defend_R+1","Defend_R+1","Defend_R","Defend_R","Bash","Searing Blow+3","Regret","True Grit","Sever Soul","Headbutt","Feel No Pain"],"relics":["Burning Blood","WingedGreaves","Du-Vu Doll","Meat on the Bone","War Paint","Magic Flower","Odd Mushroom","Unceasing Top","Bottled Flame"],"potions_floor_usage":[],"damage_taken":[{"damage":1,"enemies":"Cultist","floor":1,"turns":3},{"damage":54,"enemies":"3 Sentries","floor":7,"turns":9},{"damage":4,"enemies":"Small Slimes","floor":10,"turns":3},{"damage":39,"enemies":"The Mushroom Lair","floor":11,"turns":6},{"damage":11,"enemies":"Jaw Worm","floor":12,"turns":2},{"damage":14,"enemies":"Gremlin Nob","floor":13,"turns":3},{"damage":80,"enemies":"The Guardian","floor":16,"turns":9}],"seed_played":"-6105362951429465083","potions_obtained":[{"floor":10,"key":"FairyPotion"},{"floor":13,"key":"SpeedPotion"}],"is_trial":false,"path_per_floor":["M","?","?","?","?","R","E","R","T","M","?","M","E","T","R"],"character_chosen":"IRONCLAD","items_purchased":[],"campfire_rested":0,"item_purchase_floors":[],"current_hp_per_floor":[80,80,69,57,57,57,21,21,21,44,32,48,61,61,61,0],"gold":212,"neow_bonus":"ONE_RARE_RELIC","is_prod":false,"is_daily":false,"chose_seed":false,"campfire_upgraded":3,"win_rate":0.0,"timestamp":1537836711,"path_taken":["M","?","?","?","?","R","E","R","T","?","?","M","E","?","R","BOSS"],"build_version":"2018-09-20","purchased_purges":0,"victory":false,"max_hp_per_floor":[80,80,80,80,80,80,80,80,80,80,80,80,80,80,80,80],"card_choices":[{"not_picked":["True Grit","Headbutt"],"picked":"Searing Blow","floor":1},{"not_picked":["Headbutt","Armaments"],"picked":"True Grit","floor":7},{"not_picked":["Rage","Body Slam"],"picked":"Sever Soul","floor":10},{"not_picked":["True Grit","Cleave"],"picked":"Headbutt","floor":12},{"not_picked":["Barricade","Twin Strike"],"picked":"Feel No Pain","floor":13}],"player_experience":121918,"relics_obtained":[{"floor":7,"key":"War Paint"},{"floor":9,"key":"Magic Flower"},{"floor":11,"key":"Odd Mushroom"},{"floor":13,"key":"Unceasing Top"},{"floor":14,"key":"Bottled Flame"}],"event_choices":[{"event_name":"The Cleric","player_choice":"Leave","floor":2,"damage_taken":0},{"event_name":"World of Goop","player_choice":"Gather Gold","floor":3,"damage_taken":0},{"event_name":"Scrap Ooze","player_choice":"success","floor":4,"damage_taken":12},{"event_name":"Big Fish","player_choice":"Box","floor":5,"damage_taken":0},{"event_name":"Mushrooms","player_choice":"Fought Mushrooms","floor":11,"damage_taken":0}],"is_beta":false,"boss_relics":[],"items_purged_floors":[],"is_endless":false,"potions_floor_spawned":[10,13],"killed_by":"The Guardian","ascension_level":0}