{"gold_per_floor":[113,130,405,330,57,57,84,107,107,107,135,135,55,67,67,143,143,154,164,164,184,142,142,154,181,206,216,2,2],"floor_reached":29,"playtime":1289,"items_purged":["Regret"],"score":552,"play_id":"1367ba72-7055-4467-ab6c-215759c547da","local_time":"20190115152422","is_ascension_mode":true,"campfire_choices":[{"data":"Zap","floor":6.0,"key":"SMITH"},{"data":"Fission","floor":10.0,"key":"SMITH"},{"data":"Dualcast","floor":12.0,"key":"SMITH"},{"data":"White Noise","floor":15.0,"key":"SMITH"},{"data":"Biased Cognition","floor":23.0,"key":"SMITH"}],"neow_cost":"NONE","seed_source_timestamp":9017956366935,"circlet_count":0,"master_deck":["AscendersBane","Strike_B","Strike_B","Strike_B","Strike_B","Defend_B","Defend_B","Defend_B","Defend_B","Zap+1","Dualcast+1","Undo","Ball Lightning","Self Repair","Fission+1","Doom and Gloom","Glacier","White Noise+1","Biased Cognition+1","Compile Driver","Go for the Eyes","Coolheaded","Capacitor","Scrape+1","Conserve Battery"],"special_seed":0,"relics":["Cracked Core","NeowsBlessing","ClockworkSouvenir","Ancient Tea Set","Odd Mushroom","Question Card","Bronze Scales","Eternal Feather","The Courier","Meat on the Bone"],"potions_floor_usage":[],"damage_taken":[{"damage":0.0,"enemies":"Cultist","floor":1.0,"turns":1.0},{"damage":0.0,"enemies":"2 Louse","floor":2.0,"turns":1.0},{"damage":0.0,"enemies":"Gremlin Nob","floor":7.0,"turns":1.0},{"damage":17.0,"enemies":"The Mushroom Lair","floor":8.0,"turns":4.0},{"damage":11.0,"enemies":"Lagavulin","floor":11.0,"turns":7.0},{"damage":0.0,"enemies":"Small Slimes","floor":14.0,"turns":1.0},{"damage":36.0,"enemies":"Hexaghost","floor":16.0,"turns":9.0},{"damage":0.0,"enemies":"Chosen","floor":18.0,"turns":4.0},{"damage":7.0,"enemies":"Spheric Guardian","floor":19.0,"turns":4.0},{"damage":16.0,"enemies":"3 Cultists","floor":21.0,"turns":5.0},{"damage":0.0,"enemies":"Centurion and Healer","floor":24.0,"turns":6.0},{"damage":42.0,"enemies":"Gremlin Leader","floor":25.0,"turns":10.0},{"damage":0,"enemies":"Snake Plant","floor":27,"turns":2},{"damage":20,"enemies":"Book of Stabbing","floor":29,"turns":3}],"seed_played":"-1285532375116850954","potions_obtained":[{"floor":2.0,"key":"SkillPotion"},{"floor":11.0,"key":"Swift Potion"},{"floor":16.0,"key":"Energy Potion"},{"floor":19.0,"key":"Weak Potion"}],"is_trial":false,"path_per_floor":["M","M","?","$","$","R","E","?","T","R","E","R","$","M","R","B",null,"M","M","?","M","$","R","M","E","T","M","$","E"],"character_chosen":"DEFECT","items_purchased":["ClockworkSouvenir","AttackPotion","Glacier","Capacitor","Meat on the Bone"],"campfire_rested":0,"item_purchase_floors":[5,5,13,22,28],"current_hp_per_floor":[64,64,64,64,64,64,64,54,54,54,50,50,50,57,57,28,60,67,67,47,38,38,50,57,22,22,29,29,9],"gold":2,"neow_bonus":"THREE_ENEMY_KILL","is_prod":false,"is_daily":false,"chose_seed":false,"campfire_upgraded":5,"win_rate":0,"timestamp":1547562262,"path_taken":["M","M","?","?","$","R","E","?","T","R","E","R","$","M","R","BOSS","M","M","?","M","$","R","M","E","T","M","$","E"],"build_version":"2019-01-14v2","purchased_purges":1,"victory":false,"max_hp_per_floor":[71,71,71,71,71,71,71,71,71,71,71,71,71,71,71,71,71,71,71,76,76,76,76,76,76,76,76,76,76],"card_choices":[{"not_picked":["Barrage","Coolheaded"],"picked":"Undo","floor":1.0},{"not_picked":["Turbo","Redo"],"picked":"Ball Lightning","floor":2.0},{"not_picked":["Compile Driver","Streamline"],"picked":"Self Repair","floor":7.0},{"not_picked":["Cold Snap","Hologram"],"picked":"Fission","floor":8.0},{"not_picked":["Storm","Steam","Heatsinks"],"picked":"Doom and Gloom","floor":11.0},{"not_picked":["Conserve Battery","Ball Lightning","Double Energy"],"picked":"White Noise","floor":14.0},{"not_picked":["Core Surge","Rainbow","Machine Learning"],"picked":"Biased Cognition","floor":16.0},{"not_picked":["Static Discharge","Reprogram","Rebound"],"picked":"Compile Driver","floor":18.0},{"not_picked":["Doom and Gloom","Ball Lightning","Redo"],"picked":"Go for the Eyes","floor":19.0},{"not_picked":["Go for the Eyes","Undo+1","Genetic Algorithm"],"picked":"Coolheaded","floor":21.0},{"not_picked":["Storm","Turbo","Conserve Battery"],"picked":"Scrape+1","floor":24.0},{"not_picked":["Redo","Turbo","Sunder"],"picked":"Conserve Battery","floor":25.0},{"not_picked":["Machine Learning","Rebound","Sweeping Beam","Turbo"],"picked":"SKIP","floor":27}],"player_experience":924747,"relics_obtained":[{"floor":7.0,"key":"Ancient Tea Set"},{"floor":8.0,"key":"Odd Mushroom"},{"floor":9.0,"key":"Question Card"},{"floor":11.0,"key":"Bronze Scales"},{"floor":25.0,"key":"The Courier"}],"event_choices":[{"damage_healed":0.0,"max_hp_gain":0.0,"max_hp_loss":0.0,"gold_gain":275.0,"event_name":"Golden Shrine","player_choice":"Desecrate","floor":3.0,"gold_loss":0.0,"damage_taken":0.0,"cards_obtained":["Regret"]},{"damage_healed":0.0,"max_hp_gain":0.0,"max_hp_loss":0.0,"gold_gain":0.0,"event_name":"Mushrooms","player_choice":"Fought Mushrooms","floor":8.0,"gold_loss":0.0,"damage_taken":0.0},{"damage_healed":0.0,"max_hp_gain":5.0,"max_hp_loss":0.0,"gold_gain":0.0,"event_name":"Forgotten Altar","player_choice":"Shed Blood","floor":20.0,"gold_loss":0.0,"damage_taken":25.0}],"is_beta":true,"boss_relics":[{"not_picked":["Tiny House","Coffee Dripper"],"picked":"Eternal Feather"}],"items_purged_floors":[4],"is_endless":false,"potions_floor_spawned":[2,11,16,19,21,24],"killed_by":"Book of Stabbing","ascension_level":20}