{"gold_per_floor":[118,68,79,56,73,73,88,103,158,170,170,187,218,236,236,334,334,350,1,1,19,19,19,52,52,52,85,85,95,127,147,147,147],"floor_reached":33,"playtime":2894,"items_purged":["Strike_R"],"score":314,"play_id":"00b80b33-0135-45b1-8240-241b41dafb8f","local_time":"20180925084022","is_ascension_mode":false,"campfire_choices":[{"data":"True Grit","floor":6,"key":"SMITH"},{"data":"Dark Embrace","floor":11,"key":"SMITH"},{"data":"Anger","floor":15,"key":"SMITH"},{"data":"Anger","floor":23,"key":"SMITH"},{"data":"Fire Breathing","floor":25,"key":"SMITH"},{"data":"Rage","floor":28,"key":"SMITH"},{"data":"Offering","floor":32,"key":"SMITH"}],"neow_cost":"NONE","seed_source_timestamp":606414412342959,"circlet_count":0,"master_deck":["Strike_R","Strike_R","Defend_R","Defend_R","Defend_R","Defend_R","Bash","Dark Embrace+1","Warcry","Shrug It Off","Shrug It Off","True Grit+1","Anger+1","Fiend Fire","Rage+1","Anger+1","Warcry","Headbutt","Offering+1","Fire Breathing+1","Warcry+1","Writhe","Intimidate"],"relics":["Burning Blood","Orichalcum","Letter Opener","Busted Crown","Strange Spoon","Red Skull","Frozen Egg 2","Sundial","Red Mask","Dodecahedron"],"potions_floor_usage":[16,16,16,30,30],"damage_taken":[{"damage":10,"enemies":"Jaw Worm","floor":1,"turns":5},{"damage":8,"enemies":"Cultist","floor":3,"turns":5},{"damage":0,"enemies":"Small Slimes","floor":5,"turns":3},{"damage":2,"enemies":"2 Fungi Beasts","floor":7,"turns":7},{"damage":10,"enemies":"Looter","floor":8,"turns":4},{"damage":9,"enemies":"3 Louse","floor":10,"turns":4},{"damage":0,"enemies":"Large Slime","floor":12,"turns":7},{"damage":39,"enemies":"Gremlin Nob","floor":13,"turns":6},{"damage":6,"enemies":"Blue Slaver","floor":14,"turns":3},{"damage":19,"enemies":"Hexaghost","floor":16,"turns":9},{"damage":11,"enemies":"Spheric Guardian","floor":18,"turns":4},{"damage":9,"enemies":"3 Byrds","floor":21,"turns":4},{"damage":22,"enemies":"Slavers","floor":24,"turns":5},{"damage":27,"enemies":"Masked Bandits","floor":27,"turns":5},{"damage":6,"enemies":"3 Cultists","floor":29,"turns":5},{"damage":6,"enemies":"Book of Stabbing","floor":30,"turns":4},{"damage":15,"enemies":"Centurion and Healer","floor":31,"turns":4},{"damage":36,"enemies":"Champ","floor":33,"turns":5}],"seed_played":"-7855754214602674763","potions_obtained":[{"floor":3,"key":"EssenceOfSteel"},{"floor":8,"key":"PowerPotion"},{"floor":10,"key":"SpeedPotion"},{"floor":13,"key":"Strength Potion"},{"floor":16,"key":"Dexterity Potion"},{"floor":21,"key":"SpeedPotion"},{"floor":27,"key":"Strength Potion"},{"floor":29,"key":"FearPotion"}],"is_trial":false,"path_per_floor":["M","?","M","$","M","R","M","M","T","M","R","M","E","M","R","B",null,"M","$","?","M","?","R","E","R","T","?","R","M","E","M","R"],"character_chosen":"IRONCLAD","items_purchased":["Shrug It Off","Fire Breathing","Strange Spoon"],"campfire_rested":0,"item_purchase_floors":[4,19,19],"current_hp_per_floor":[76,76,74,74,80,80,80,76,76,73,73,79,46,46,46,33,80,75,75,75,72,72,72,56,56,56,35,35,35,35,26,26,0],"gold":147,"neow_bonus":"TRANSFORM_CARD","is_prod":false,"is_daily":false,"chose_seed":false,"campfire_upgraded":7,"win_rate":0.0,"timestamp":1537839622,"path_taken":["M","?","M","?","M","R","M","M","T","M","R","M","E","M","R","BOSS","M","$","?","M","?","R","E","R","T","?","R","M","E","M","R","BOSS"],"build_version":"2018-09-20","purchased_purges":1,"victory":false,"max_hp_per_floor":[80,80,80,80,80,80,80,80,80,80,80,80,80,80,80,80,80,80,80,80,80,80,80,80,80,80,80,80,80,80,80,80,80],"card_choices":[{"not_picked":["Sword Boomerang","Clothesline"],"picked":"Warcry","floor":1},{"not_picked":["Flex","Armaments"],"picked":"Shrug It Off","floor":3},{"not_picked":["Headbutt","Cleave"],"picked":"True Grit","floor":5},{"not_picked":["Rupture","Infernal Blade"],"picked":"Anger","floor":7},{"not_picked":["Rupture","Thunderclap"],"picked":"Fiend Fire","floor":8},{"not_picked":["Pommel Strike","Twin Strike"],"picked":"Rage","floor":10},{"not_picked":["Dual Wield","Cleave"],"picked":"Anger","floor":12},{"not_picked":["Armaments","Intimidate"],"picked":"Warcry","floor":13},{"not_picked":["Iron Wave","Pommel Strike"],"picked":"Headbutt","floor":14},{"not_picked":["Limit Break","Dark Embrace"],"picked":"Offering","floor":16},{"not_picked":["Perfected Strike+1"],"picked":"SKIP","floor":18},{"not_picked":[],"picked":"Warcry+1","floor":21},{"not_picked":[],"picked":"Intimidate","floor":24},{"not_picked":["True Grit"],"picked":"SKIP","floor":29},{"not_picked":["Warcry"],"picked":"SKIP","floor":30},{"not_picked":["Combust+1"],"picked":"SKIP","floor":31}],"player_experience":122702,"relics_obtained":[{"floor":9,"key":"Orichalcum"},{"floor":13,"key":"Letter Opener"},{"floor":24,"key":"Frozen Egg 2"},{"floor":26,"key":"Sundial"},{"floor":27,"key":"Red Mask"},{"floor":30,"key":"Dodecahedron"}],"event_choices":[{"event_name":"The Cleric","player_choice":"Card Removal","floor":2,"damage_taken":0},{"event_name":"Vampires","player_choice":"Ignored","floor":20,"damage_taken":0},{"event_name":"The Mausoleum","player_choice":"Yes","floor":22,"damage_taken":0},{"event_name":"Masked Bandits","player_choice":"Fought Bandits","floor":27,"damage_taken":0}],"is_beta":false,"boss_relics":[{"not_picked":["Eternal Feather","Philosopher\u0027s Stone"],"picked":"Busted Crown"}],"items_purged_floors":[19],"is_endless":false,"potions_floor_spawned":[3,8,10,13,16,21,27,29],"killed_by":"Champ","ascension_level":0}