{"gold_per_floor":[110,110,185,204,218,218,218,239,307,307,345,41,41,55,55,154,154,170,170,20,20,45,45,70,108,160,160,196,215,215,230,230,325,325,348,473,487,487,508,508,521,65,92,112,133,156,156,177,177,177],"floor_reached":50,"playtime":2477,"items_purged":["Strike_R"],"score":901,"play_id":"9bc077cd-5b8f-477e-bc1e-4b6b352e03ee","local_time":"20190301024113","is_ascension_mode":true,"campfire_choices":[{"data":"True Grit","floor":6.0,"key":"SMITH"},{"floor":10.0,"key":"REST"},{"data":"Inflame","floor":13.0,"key":"SMITH"},{"data":"Feed","floor":15.0,"key":"SMITH"},{"floor":23.0,"key":"REST"},{"floor":27.0,"key":"REST"},{"floor":30.0,"key":"REST"},{"floor":32.0,"key":"REST"},{"data":"Armaments","floor":40.0,"key":"SMITH"},{"data":"True Grit","floor":49,"key":"SMITH"}],"neow_cost":"NONE","seed_source_timestamp":590844942159670,"circlet_count":0,"master_deck":["AscendersBane","Strike_R","Strike_R","Strike_R","Defend_R","Defend_R","Defend_R","Defend_R","Bash","Feed+1","True Grit+1","Inflame+1","Sword Boomerang","Wild Strike","Offering","Metallicize+1","Exhume","Second Wind","Immolate","Inflame+1","Necronomicurse","Metallicize+1","Dual Wield+1","Seeing Red","Wild Strike","Armaments+1","Reaper","Armaments+1","Heavy Blade+1","True Grit+1","Impervious","Thunderclap","Juggernaut+1"],"special_seed":0,"relics":["Burning Blood","Golden Idol","Frozen Egg 2","PreservedInsect","Sozu","Necronomicon","Blood Vial","Boot","Juzu Bracelet","Anchor","Coffee Dripper","Peace Pipe","Thread and Needle"],"potions_floor_usage":[],"damage_taken":[{"damage":3.0,"enemies":"Small Slimes","floor":1.0,"turns":5.0},{"damage":2.0,"enemies":"2 Louse","floor":4.0,"turns":4.0},{"damage":1.0,"enemies":"Jaw Worm","floor":5.0,"turns":4.0},{"damage":30.0,"enemies":"Exordium Wildlife","floor":8.0,"turns":7.0},{"damage":20.0,"enemies":"Gremlin Nob","floor":11.0,"turns":4.0},{"damage":12.0,"enemies":"Exordium Thugs","floor":14.0,"turns":3.0},{"damage":47.0,"enemies":"Slime Boss","floor":16.0,"turns":12.0},{"damage":28.0,"enemies":"3 Byrds","floor":18.0,"turns":4.0},{"damage":15.0,"enemies":"Shell Parasite","floor":22.0,"turns":4.0},{"damage":21.0,"enemies":"Shelled Parasite and Fungi","floor":24.0,"turns":3.0},{"damage":37.0,"enemies":"Gremlin Leader","floor":25.0,"turns":4.0},{"damage":14.0,"enemies":"Book of Stabbing","floor":28.0,"turns":3.0},{"damage":20.0,"enemies":"Snake Plant","floor":29.0,"turns":4.0},{"damage":18.0,"enemies":"Centurion and Healer","floor":31.0,"turns":8.0},{"damage":71.0,"enemies":"Collector","floor":33.0,"turns":8.0},{"damage":34.0,"enemies":"3 Shapes","floor":35.0,"turns":3.0},{"damage":16.0,"enemies":"Mind Bloom Boss Battle","floor":36.0,"turns":8.0},{"damage":62.0,"enemies":"3 Darklings","floor":37.0,"turns":7.0},{"damage":17.0,"enemies":"Jaw Worm Horde","floor":39.0,"turns":3.0},{"damage":45.0,"enemies":"Transient","floor":41.0,"turns":5.0},{"damage":40.0,"enemies":"Maw","floor":44.0,"turns":7.0},{"damage":34,"enemies":"4 Shapes","floor":45,"turns":4},{"damage":26,"enemies":"Transient","floor":46,"turns":5},{"damage":32,"enemies":"Spire Growth","floor":48,"turns":4},{"damage":63,"enemies":"Time Eater","floor":50,"turns":5}],"seed_played":"-2577907263868673209","potions_obtained":[{"floor":14.0,"key":"Block Potion"},{"floor":16.0,"key":"Explosive Potion"}],"is_trial":false,"path_per_floor":["M","?","?","M","M","R","?","M","T","R","E","$","R","M","R","B",null,"M","?","$","?","M","R","M","E","T","R","E","M","R","M","R","B",null,"M","?","M","?","M","R","M","$","T","M","M","M","?","M","R","B"],"character_chosen":"IRONCLAD","items_purchased":["Metallicize+1","Exhume","Blood Vial","Impervious","Thread and Needle"],"campfire_rested":5,"item_purchase_floors":[12,12,20,42,42],"current_hp_per_floor":[74,71,60,67,75,75,68,47,47,71,57,57,57,54,54,13,66,48,27,27,27,20,46,37,8,8,35,33,21,49,47,77,14,81,103,97,101,101,92,92,55,55,55,88,101,83,83,59,59,0],"gold":177,"neow_bonus":"ONE_RANDOM_RARE_CARD","is_prod":false,"is_daily":false,"chose_seed":false,"campfire_upgraded":5,"win_rate":0,"timestamp":1551375673,"path_taken":["M","?","?","M","M","R","?","M","T","R","E","$","R","M","R","BOSS","M","?","$","?","?","R","M","E","T","R","E","M","R","M","R","BOSS","M","?","M","?","M","R","M","$","T","M","M","M","?","M","R","BOSS"],"build_version":"2019-01-23","purchased_purges":1,"victory":false,"max_hp_per_floor":[78,71,71,74,77,77,77,80,80,80,80,80,80,83,83,83,83,87,87,87,87,87,87,91,91,91,91,95,95,95,103,103,103,103,103,107,111,111,111,111,111,111,111,111,111,111,111,111,111,111],"card_choices":[{"not_picked":["Anger","Sword Boomerang"],"picked":"True Grit","floor":1.0},{"not_picked":["Bloodletting","Sword Boomerang"],"picked":"Inflame","floor":4.0},{"not_picked":["Clothesline","Wild Strike"],"picked":"Sword Boomerang","floor":5.0},{"not_picked":["Wild Strike","Entrench","Anger"],"picked":"SKIP","floor":8.0},{"not_picked":["Entrench","Anger"],"picked":"Wild Strike","floor":8.0},{"not_picked":["Heavy Blade","Whirlwind"],"picked":"Offering","floor":11.0},{"not_picked":["Clash","Flex"],"picked":"Second Wind","floor":14.0},{"not_picked":["Impervious","Double Tap"],"picked":"Immolate","floor":16.0},{"not_picked":["Shrug It Off","Twin Strike"],"picked":"Inflame+1","floor":18.0},{"not_picked":["Pommel Strike","True Grit"],"picked":"Shrug It Off","floor":22.0},{"not_picked":["Inflame+1","Rampage+1"],"picked":"Metallicize+1","floor":24.0},{"not_picked":["Wild Strike+1","Bloodletting"],"picked":"Dual Wield+1","floor":25.0},{"not_picked":["Cleave","Bloodletting"],"picked":"Seeing Red","floor":28.0},{"not_picked":["Perfected Strike","Burning Pact"],"picked":"Wild Strike","floor":29.0},{"not_picked":["Shockwave+1","Cleave"],"picked":"Armaments","floor":31.0},{"not_picked":["Double Tap","Exhume"],"picked":"Reaper","floor":33.0},{"not_picked":["Clash","Whirlwind"],"picked":"Armaments+1","floor":35.0},{"not_picked":["Cleave","Clash"],"picked":"Heavy Blade+1","floor":36.0},{"not_picked":["Flex","Cleave"],"picked":"True Grit","floor":37.0},{"not_picked":["Wild Strike","Reckless Charge","Havoc"],"picked":"SKIP","floor":39.0},{"not_picked":["Rupture+1","Thunderclap+1","Second Wind"],"picked":"SKIP","floor":41.0},{"not_picked":["Twin Strike","True Grit"],"picked":"Thunderclap","floor":44.0},{"not_picked":["Clothesline","Twin Strike+1"],"picked":"Juggernaut+1","floor":45},{"not_picked":["Pommel Strike","Clothesline","Spot Weakness"],"picked":"SKIP","floor":46},{"not_picked":["Power Through","Clothesline","Armaments"],"picked":"SKIP","floor":48}],"player_experience":145720,"relics_obtained":[{"floor":9.0,"key":"Frozen Egg 2"},{"floor":11.0,"key":"PreservedInsect"},{"floor":19.0,"key":"Necronomicon"},{"floor":25.0,"key":"Boot"},{"floor":26.0,"key":"Juzu Bracelet"},{"floor":28.0,"key":"Anchor"},{"floor":36.0,"key":"Peace Pipe"}],"event_choices":[{"damage_healed":0.0,"max_hp_gain":0.0,"max_hp_loss":7.0,"gold_gain":0.0,"event_name":"Golden Idol","player_choice":"Lose Max HP","floor":2.0,"gold_loss":0.0,"damage_taken":0.0,"relics_obtained":["Golden Idol"]},{"damage_healed":0.0,"max_hp_gain":0.0,"max_hp_loss":0.0,"gold_gain":75.0,"event_name":"World of Goop","player_choice":"Gather Gold","floor":3.0,"gold_loss":0.0,"damage_taken":11.0},{"cards_removed":["Strike_R"],"damage_healed":0.0,"max_hp_gain":0.0,"max_hp_loss":0.0,"gold_gain":0.0,"event_name":"Golden Wing","player_choice":"Card Removal","floor":7.0,"gold_loss":0.0,"damage_taken":7.0},{"damage_healed":0.0,"max_hp_gain":0.0,"max_hp_loss":0.0,"gold_gain":0.0,"event_name":"Cursed Tome","player_choice":"Obtained Book","floor":19.0,"gold_loss":0.0,"damage_taken":21.0},{"damage_healed":0.0,"max_hp_gain":0.0,"max_hp_loss":0.0,"gold_gain":0.0,"event_name":"Match and Keep!","player_choice":"0 cards matched","floor":21.0,"gold_loss":0.0,"damage_taken":0.0,"cards_obtained":[]},{"damage_healed":0.0,"max_hp_gain":0.0,"max_hp_loss":0.0,"gold_gain":0.0,"event_name":"MindBloom","player_choice":"Fight","floor":36.0,"gold_loss":0.0,"damage_taken":0.0},{"damage_healed":0.0,"max_hp_gain":0.0,"max_hp_loss":0.0,"gold_gain":0.0,"event_name":"Mysterious Sphere","player_choice":"Ignored","floor":38.0,"gold_loss":0.0,"damage_taken":0.0},{"cards_removed":["Shrug It Off"],"damage_healed":0,"gold_gain":0,"player_choice":"Removed Skill","damage_taken":0,"max_hp_gain":0,"max_hp_loss":0,"event_name":"Falling","floor":47,"gold_loss":0}],"is_beta":false,"boss_relics":[{"not_picked":["Runic Cube","Runic Pyramid"],"picked":"Sozu"},{"not_picked":["Eternal Feather","Lizard Tail"],"picked":"Coffee Dripper"}],"items_purged_floors":[12],"is_endless":false,"potions_floor_spawned":[14,16,24,25,28,29,31,33,39,44,48],"killed_by":"Time Eater","ascension_level":15}