{"gold_per_floor":[119,119,20,95,107,107,107,124,124,135,135,170,170,170,170,265,265,277,277,296,296,311,311,340,356,356,356,14,24,34,48,48,150,150,170,181,181,181,191,191,40,57,83,83],"floor_reached":44,"playtime":5744,"items_purged":["Strike_G","Defend_G"],"score":435,"play_id":"5820ce6c-ca66-4962-9b4e-809ea517154f","local_time":"20180807185028","is_ascension_mode":false,"campfire_choices":[{"floor":6,"key":"REST"},{"floor":13,"key":"REST"},{"data":"Leg Sweep","floor":15,"key":"SMITH"},{"data":"Die Die Die","floor":23,"key":"SMITH"},{"floor":32,"key":"REST"},{"floor":40,"key":"REST"}],"neow_cost":"","seed_source_timestamp":982560456871720,"circlet_count":0,"master_deck":["Defend_G","Survivor","Neutralize+1","Backflip","Dagger Spray","Deadly Poison","Calculated Gamble","Leg Sweep+1","Dodge and Roll","Die Die Die+1","Noxious Fumes+1","After Image+1","Leg Sweep+1","Outmaneuver+1","Calculated Gamble","Flying Knee+1","Dagger Throw+1","Slice+1","Poisoned Stab","Tactician","Dagger Throw+1","Adrenaline","Backflip","Sucker Punch+1","Riddle With Holes","Slice+1","Flechettes","Bane","Sucker Punch"],"relics":["Ring of the Snake","Tough Bandages","Paper Crane","Darkstone Periapt","Pear","Astrolabe","Red Mask","Frozen Egg 2","Gambling Chip","Empty Cage","The Specimen","Oddly Smooth Stone"],"potions_floor_usage":[16,16,24,29,33,33,33,39,39],"damage_taken":[{"damage":6,"enemies":"Jaw Worm","floor":1,"turns":6},{"damage":3,"enemies":"Small Slimes","floor":5,"turns":3},{"damage":0,"enemies":"2 Louse","floor":8,"turns":3},{"damage":1,"enemies":"2 Fungi Beasts","floor":10,"turns":3},{"damage":5,"enemies":"3 Sentries","floor":12,"turns":9},{"damage":16,"enemies":"The Guardian","floor":16,"turns":13},{"damage":6,"enemies":"3 Byrds","floor":18,"turns":6},{"damage":4,"enemies":"Chosen","floor":20,"turns":7},{"damage":6,"enemies":"Centurion and Healer","floor":22,"turns":9},{"damage":25,"floor":24,"turns":6},{"damage":1,"enemies":"3 Cultists","floor":25,"turns":5},{"damage":5,"enemies":"Slaver and Parasite","floor":29,"turns":6},{"damage":1,"enemies":"Cultist and Chosen","floor":30,"turns":5},{"damage":3,"enemies":"Snake Plant","floor":31,"turns":4},{"damage":13,"enemies":"Champ","floor":33,"turns":15},{"damage":3,"enemies":"Orb Walker","floor":35,"turns":5},{"damage":54,"enemies":"3 Shapes","floor":36,"turns":4},{"damage":5,"floor":38,"turns":8},{"damage":0,"enemies":"Maw","floor":39,"turns":9},{"damage":12,"enemies":"Sphere and 2 Shapes","floor":42,"turns":4},{"damage":37,"enemies":"Spire Growth","floor":44,"turns":6}],"seed_played":"-8727188615792611070","potions_obtained":[{"floor":5,"key":"Poison Potion"},{"floor":10,"key":"FearPotion"},{"floor":16,"key":"Ancient Potion"},{"floor":20,"key":"SkillPotion"},{"floor":24,"key":"Energy Potion"},{"floor":31,"key":"GhostInAJar"},{"floor":33,"key":"AttackPotion"},{"floor":35,"key":"GhostInAJar"},{"floor":36,"key":"Strength Potion"}],"is_trial":false,"path_per_floor":["M","?","$","?","M","R","?","M","T","M","T","E","R","?","R","B",null,"M","?","M","?","M","R","?","M","T","?","$","M","M","M","R","B",null,"M","M","?","?","M","R","$","M","T"],"character_chosen":"THE_SILENT","items_purchased":["Dagger Spray","Gambling Chip","AttackPotion","Bane"],"campfire_rested":4,"item_purchase_floors":[3,28,28,41],"current_hp_per_floor":[64,50,50,39,36,57,54,54,54,53,53,58,80,85,85,69,85,79,79,75,75,69,69,44,43,43,43,43,38,37,34,59,46,85,82,28,28,23,23,48,48,36,36,0],"gold":83,"neow_bonus":"","is_prod":false,"is_daily":false,"chose_seed":false,"campfire_upgraded":2,"win_rate":0.0,"timestamp":1533693028,"path_taken":["M","?","$","?","?","R","?","M","T","M","?","E","R","?","R","BOSS","M","?","M","?","M","R","?","M","T","?","$","M","M","M","R","BOSS","M","M","?","?","M","R","?","M","T","M"],"build_version":"2018-08-02","purchased_purges":2,"victory":false,"max_hp_per_floor":[70,70,70,70,70,70,70,70,70,70,70,80,80,85,85,85,85,85,85,85,85,85,85,85,85,85,85,85,85,85,85,85,85,85,85,85,85,85,85,85,85,85,85,85],"card_choices":[{"not_picked":["Poisoned Stab","Outmaneuver"],"picked":"Backflip","floor":1},{"not_picked":["Dagger Spray","Poisoned Stab"],"picked":"Deadly Poison","floor":5},{"not_picked":["Dagger Throw","Acrobatics"],"picked":"Calculated Gamble","floor":8},{"not_picked":["Bane","Caltrops"],"picked":"Leg Sweep","floor":10},{"not_picked":["Tactician","Malaise"],"picked":"Dodge and Roll","floor":12},{"not_picked":["Phantasmal Killer","Doppelganger"],"picked":"Die Die Die","floor":16},{"not_picked":["Quick Slash+1","Bane+1"],"picked":"Outmaneuver+1","floor":18},{"not_picked":["Bane","Dash"],"picked":"Flying Knee+1","floor":20},{"not_picked":["Dagger Spray","Crippling Poison"],"picked":"Dagger Throw+1","floor":22},{"not_picked":["Flying Knee","Caltrops"],"picked":"Slice+1","floor":25},{"not_picked":["Expertise","Backflip+1"],"picked":"Poisoned Stab","floor":29},{"not_picked":["Dagger Spray","Blade Dance+1"],"picked":"Tactician","floor":30},{"not_picked":["Well Laid Plans+1","Footwork+1"],"picked":"Dagger Throw+1","floor":31},{"not_picked":["Night Terror","Wraith Form v2+1"],"picked":"Adrenaline","floor":33},{"not_picked":["Dagger Spray+1","Outmaneuver+1"],"picked":"Backflip","floor":35},{"not_picked":["Footwork+1","Outmaneuver+1"],"picked":"Sucker Punch+1","floor":36},{"not_picked":["Deadly Poison","Flying Knee"],"picked":"Slice+1","floor":38},{"not_picked":["Leg Sweep+1","Outmaneuver"],"picked":"Flechettes","floor":39},{"not_picked":["Dash","Deadly Poison"],"picked":"Sucker Punch","floor":42}],"player_experience":59031,"relics_obtained":[{"floor":9,"key":"Paper Crane"},{"floor":11,"key":"Darkstone Periapt"},{"floor":12,"key":"Pear"},{"floor":24,"key":"Red Mask"},{"floor":26,"key":"Frozen Egg 2"},{"floor":38,"key":"The Specimen"},{"floor":43,"key":"Oddly Smooth Stone"}],"event_choices":[{"event_name":"Shining Light","player_choice":"Entered Light","floor":2,"damage_taken":0},{"event_name":"World of Goop","player_choice":"Gather Gold","floor":4,"damage_taken":0},{"event_name":"Scrap Ooze","player_choice":"success","floor":7,"damage_taken":3},{"event_name":"Big Fish","player_choice":"Donut","floor":14,"damage_taken":0},{"event_name":"The Library","player_choice":"Read","floor":19,"damage_taken":0},{"event_name":"Back to Basics","player_choice":"Elegance","floor":21,"damage_taken":0},{"event_name":"Masked Bandits","player_choice":"Fought over 311 gold","floor":24,"damage_taken":0},{"event_name":"The Mausoleum","player_choice":"No","floor":27,"damage_taken":0},{"event_name":"Transmorgrifier","player_choice":"Transform","floor":37,"damage_taken":0},{"event_name":"MindBloom","player_choice":"Fight","floor":38,"damage_taken":0}],"is_beta":false,"boss_relics":[{"not_picked":["Velvet Choker","Philosopher\u0027s Stone"],"picked":"Astrolabe"},{"not_picked":["Lizard Tail","Black Star"],"picked":"Empty Cage"}],"items_purged_floors":[3,41],"is_endless":false,"potions_floor_spawned":[5,10,16,20,24,31,33,35,36],"killed_by":"Spire Growth","ascension_level":0}