{"gold_per_floor":[109,127,127,202,202,202,217,231,257,257,289,289,303,323,323,424,424,434,349,349,349,362,362,378,378,432,432,451,462,482,407,407,407],"floor_reached":33,"playtime":821,"items_purged":["Pain"],"score":249,"play_id":"d6237d42-60cd-4bfe-a350-1b9f83ed55e6","local_time":"20190228181316","is_ascension_mode":false,"campfire_choices":[{"data":"Cleave","floor":6,"key":"SMITH"},{"data":"Defend_R","floor":10,"key":"SMITH"},{"data":"Cleave","floor":15,"key":"SMITH"},{"floor":23,"key":"REST"},{"floor":25,"key":"REST"},{"data":"Offering","floor":32,"key":"SMITH"}],"neow_cost":"NONE","seed_source_timestamp":1118402729548816,"circlet_count":0,"master_deck":["Strike_R","Strike_R","Strike_R","Strike_R","Strike_R","Defend_R","Defend_R","Defend_R","Defend_R+1","Bash+1","Dropkick","Cleave+1","Regret","Cleave+1","Carnage","Exhume","Shame","Writhe","Injury","Headbutt","Purity","Pummel+1","Seeing Red","Cleave","Flame Barrier","Offering+1"],"relics":["Burning Blood","Red Skull","Dream Catcher","Du-Vu Doll","WarpedTongs","Calling Bell","Ancient Tea Set","Frozen Egg 2","Ice Cream","Bag of Preparation","Enchiridion","Lantern"],"potions_floor_usage":[11,16,16],"damage_taken":[{"damage":4,"enemies":"2 Louse","floor":1,"turns":3},{"damage":1,"enemies":"Cultist","floor":2,"turns":4},{"damage":2,"enemies":"Small Slimes","floor":7,"turns":3},{"damage":12,"enemies":"2 Fungi Beasts","floor":8,"turns":2},{"damage":18,"enemies":"Gremlin Nob","floor":11,"turns":4},{"damage":0,"enemies":"Exordium Wildlife","floor":13,"turns":1},{"damage":9,"enemies":"Red Slaver","floor":14,"turns":2},{"damage":64,"enemies":"The Guardian","floor":16,"turns":9},{"damage":35,"enemies":"2 Thieves","floor":18,"turns":3},{"damage":4,"enemies":"Shell Parasite","floor":22,"turns":2},{"damage":10,"enemies":"Centurion and Healer","floor":24,"turns":3},{"damage":13,"enemies":"Cultist and Chosen","floor":28,"turns":3},{"damage":13,"enemies":"Snake Plant","floor":29,"turns":3},{"damage":8,"enemies":"Snecko","floor":30,"turns":3},{"damage":91,"enemies":"Champ","floor":33,"turns":7}],"seed_played":"8911281851660635908","potions_obtained":[{"floor":2,"key":"Dexterity Potion"},{"floor":7,"key":"SmokeBomb"},{"floor":11,"key":"Fruit Juice"},{"floor":13,"key":"Weak Potion"},{"floor":16,"key":"Regen Potion"},{"floor":18,"key":"SpeedPotion"}],"is_trial":false,"path_per_floor":["M","M","?","?","?","R","M","M","T","R","E","?","M","M","R","B",null,"M","?","?","?","M","R","M","R","T","?","M","M","M","$","R","B"],"character_chosen":"IRONCLAD","items_purchased":[],"campfire_rested":2,"item_purchase_floors":[],"current_hp_per_floor":[88,88,88,77,77,77,81,75,75,75,68,68,74,71,71,13,93,64,64,48,30,32,59,55,82,82,93,86,79,77,77,77,0],"gold":407,"neow_bonus":"TEN_PERCENT_HP_BONUS","is_prod":false,"is_daily":false,"chose_seed":false,"campfire_upgraded":4,"win_rate":0,"timestamp":1551355996,"path_taken":["M","M","?","?","?","R","?","M","T","R","E","?","M","?","R","BOSS","M","?","?","?","?","R","M","R","T","?","M","?","M","$","R","BOSS"],"build_version":"2019-01-23","purchased_purges":1,"victory":false,"max_hp_per_floor":[88,88,88,88,88,88,88,88,88,88,93,93,93,93,93,93,93,93,93,93,93,93,93,93,93,93,93,93,93,93,93,93,93],"card_choices":[{"not_picked":["Thunderclap","Wild Strike"],"picked":"Dropkick","floor":1},{"not_picked":["Armaments","Clothesline"],"picked":"Cleave","floor":2},{"not_picked":["Armaments","Shockwave","Thunderclap"],"picked":"SKIP","floor":7},{"not_picked":["Clash","Bloodletting"],"picked":"Cleave","floor":8},{"not_picked":["Bloodletting","Sever Soul"],"picked":"Carnage","floor":11},{"not_picked":["Clothesline","Warcry","Sword Boomerang"],"picked":"SKIP","floor":13},{"not_picked":["Barricade","Power Through","Hemokinesis"],"picked":"SKIP","floor":14},{"not_picked":["Brutality","Barricade"],"picked":"Exhume","floor":16},{"not_picked":["Infernal Blade","Armaments"],"picked":"Headbutt","floor":18},{"not_picked":["True Grit","Shockwave"],"picked":"Pummel+1","floor":22},{"not_picked":["Entrench","Inflame+1"],"picked":"Seeing Red","floor":24},{"not_picked":["Fire Breathing+1","Reckless Charge"],"picked":"Cleave","floor":28},{"not_picked":["Twin Strike","Clash+1"],"picked":"Flame Barrier","floor":29},{"not_picked":["Uppercut","Armaments+1"],"picked":"Offering","floor":30}],"player_experience":920030,"relics_obtained":[{"floor":9,"key":"Dream Catcher"},{"floor":11,"key":"Du-Vu Doll"},{"floor":17,"key":"Ancient Tea Set"},{"floor":17,"key":"Frozen Egg 2"},{"floor":17,"key":"Ice Cream"},{"floor":20,"key":"Enchiridion"},{"floor":26,"key":"Lantern"}],"event_choices":[{"damage_healed":0,"gold_gain":0,"player_choice":"Box","damage_taken":0,"relics_obtained":["Red Skull"],"max_hp_gain":0,"max_hp_loss":0,"event_name":"Big Fish","floor":3,"gold_loss":0,"cards_obtained":["Regret"]},{"damage_healed":0,"gold_gain":75,"player_choice":"Gather Gold","damage_taken":11,"max_hp_gain":0,"max_hp_loss":0,"event_name":"World of Goop","floor":4,"gold_loss":0},{"damage_healed":0,"gold_gain":0,"player_choice":"Upgraded","damage_taken":0,"max_hp_gain":0,"max_hp_loss":0,"event_name":"Upgrade Shrine","floor":5,"gold_loss":0,"cards_upgraded":["Bash"]},{"damage_healed":0,"gold_gain":0,"player_choice":"Rummage","damage_taken":0,"relics_obtained":["WarpedTongs"],"max_hp_gain":0,"max_hp_loss":0,"event_name":"Accursed Blacksmith","floor":12,"gold_loss":0,"cards_obtained":["Pain"]},{"damage_healed":0,"gold_gain":0,"player_choice":"Obtained Relic","damage_taken":0,"relics_obtained":["Bag of Preparation"],"max_hp_gain":0,"max_hp_loss":0,"event_name":"Addict","floor":19,"gold_loss":85},{"damage_healed":0,"gold_gain":0,"player_choice":"Obtained Book","damage_taken":16,"max_hp_gain":0,"max_hp_loss":0,"event_name":"Cursed Tome","floor":20,"gold_loss":0},{"damage_healed":0,"gold_gain":0,"player_choice":"CARD ","damage_taken":18,"max_hp_gain":0,"max_hp_loss":0,"event_name":"Knowing Skull","floor":21,"potions_obtained":[],"gold_loss":0,"cards_obtained":["Purity"]},{"damage_healed":11,"gold_gain":0,"player_choice":"Full Heal","damage_taken":0,"max_hp_gain":0,"max_hp_loss":0,"event_name":"Wheel of Change","floor":27,"gold_loss":0}],"is_beta":false,"boss_relics":[{"not_picked":["Runic Dome","Tiny House"],"picked":"Calling Bell"}],"items_purged_floors":[31],"is_endless":false,"potions_floor_spawned":[2,7,11,13,16,18,22,29],"killed_by":"Champ","ascension_level":0}