{"gold_per_floor":[369,369,294,318,318,318,493,516,541,541,559,588,611,611,611,611],"floor_reached":16,"playtime":492,"items_purged":["Strike_R"],"score":117,"play_id":"91c1bc9f-1f92-4580-98c6-695452e33711","local_time":"20190221062848","is_ascension_mode":true,"campfire_choices":[{"data":"True Grit","floor":6,"key":"SMITH"},{"data":"Whirlwind","floor":10,"key":"SMITH"},{"data":"Bash","floor":15,"key":"SMITH"}],"neow_cost":"PERCENT_DAMAGE","seed_source_timestamp":352261980293226,"circlet_count":0,"master_deck":["Strike_R","Strike_R","Strike_R","Strike_R","Defend_R","Defend_R","Defend_R","Defend_R","Bash+1","True Grit+1","Clothesline","Doubt","Whirlwind+1","Rage","Thunderclap","Seeing Red"],"relics":["Burning Blood","Golden Idol","Red Skull","Dream Catcher","Odd Mushroom"],"potions_floor_usage":[12,12,16],"damage_taken":[{"damage":8,"enemies":"Jaw Worm","floor":1,"turns":4},{"damage":0,"enemies":"2 Louse","floor":4,"turns":4},{"damage":4,"enemies":"Small Slimes","floor":8,"turns":3},{"damage":2,"enemies":"Blue Slaver","floor":11,"turns":3},{"damage":18,"enemies":"The Mushroom Lair","floor":12,"turns":3},{"damage":2,"enemies":"Looter","floor":13,"turns":4},{"damage":41,"enemies":"Hexaghost","floor":16,"turns":9}],"seed_played":"8530416453858842164","potions_obtained":[{"floor":4,"key":"Block Potion"},{"floor":11,"key":"SneckoOil"},{"floor":12,"key":"Dexterity Potion"}],"is_trial":false,"path_per_floor":["M","?","$","M","?","R","?","M","T","R","M","?","M","?","R","B"],"character_chosen":"IRONCLAD","items_purchased":[],"campfire_rested":0,"item_purchase_floors":[],"current_hp_per_floor":[49,49,49,55,37,37,37,39,39,39,43,31,35,40,40,0],"gold":611,"neow_bonus":"TWO_FIFTY_GOLD","is_prod":false,"is_daily":false,"chose_seed":false,"campfire_upgraded":3,"win_rate":0,"timestamp":1550698128,"path_taken":["M","?","$","M","?","R","?","M","T","R","M","?","?","?","R","BOSS"],"build_version":"2019-01-23","purchased_purges":1,"victory":false,"max_hp_per_floor":[80,74,74,74,74,74,74,74,74,74,74,74,74,79,79,79],"card_choices":[{"not_picked":["Clothesline","Pummel"],"picked":"True Grit","floor":1},{"not_picked":["Corruption","Anger"],"picked":"Clothesline","floor":4},{"not_picked":["Seeing Red","True Grit"],"picked":"Whirlwind","floor":8},{"not_picked":["Anger","Havoc"],"picked":"Rage","floor":11},{"not_picked":["Iron Wave","Pommel Strike"],"picked":"Thunderclap","floor":12},{"not_picked":["Sentinel","Corruption"],"picked":"Seeing Red","floor":13}],"player_experience":27883,"relics_obtained":[{"floor":9,"key":"Dream Catcher"},{"floor":12,"key":"Odd Mushroom"}],"event_choices":[{"damage_healed":0,"gold_gain":0,"player_choice":"Lose Max HP","damage_taken":0,"relics_obtained":["Golden Idol"],"max_hp_gain":0,"max_hp_loss":6,"event_name":"Golden Idol","floor":2,"gold_loss":0},{"damage_healed":0,"gold_gain":0,"player_choice":"Success","damage_taken":18,"relics_obtained":["Red Skull"],"max_hp_gain":0,"max_hp_loss":0,"event_name":"Scrap Ooze","floor":5,"gold_loss":0},{"damage_healed":0,"gold_gain":175,"player_choice":"AGREE","damage_taken":0,"max_hp_gain":0,"max_hp_loss":0,"event_name":"Liars Game","floor":7,"gold_loss":0,"cards_obtained":["Doubt"]},{"damage_healed":0,"gold_gain":0,"player_choice":"Fought Mushrooms","damage_taken":0,"max_hp_gain":0,"max_hp_loss":0,"event_name":"Mushrooms","floor":12,"gold_loss":0},{"damage_healed":0,"gold_gain":0,"player_choice":"Donut","damage_taken":0,"max_hp_gain":5,"max_hp_loss":0,"event_name":"Big Fish","floor":14,"gold_loss":0}],"is_beta":false,"boss_relics":[],"items_purged_floors":[3],"is_endless":false,"potions_floor_spawned":[4,11,12],"killed_by":"Hexaghost","ascension_level":6}