{"gold_per_floor":[118,193,143,157,157,157,173,173,197,230,248,248,264,279,279,381,381,397,411,18,18,18,18,34,34,34,72,97,109,135,147],"floor_reached":31,"playtime":3358,"items_purged":[],"score":295,"play_id":"a90f1a76-447a-44f9-871e-099abc1448a7","local_time":"20190118060503","is_ascension_mode":true,"campfire_choices":[{"data":"Barricade","floor":6,"key":"SMITH"},{"data":"Carnage","floor":8,"key":"SMITH"},{"data":"Carnage","floor":12,"key":"SMITH"},{"floor":15,"key":"REST"},{"data":"Armaments","floor":23,"key":"SMITH"},{"data":"Mayhem","floor":25,"key":"SMITH"}],"neow_cost":"NONE","seed_source_timestamp":503148714741795,"circlet_count":0,"master_deck":["Strike_R","Defend_R","Defend_R","Defend_R","Defend_R","Bash","Shockwave","Dual Wield","Barricade+1","Carnage+1","Shrug It Off","Carnage+1","Armaments+1","Demon Form","Havoc","Cleave","Mayhem+1","Body Slam+1","Reaper","Thunderclap","Seeing Red"],"relics":["Burning Blood","Centennial Puzzle","Ancient Tea Set","Empty Cage","Juzu Bracelet","MawBank","Strawberry"],"potions_floor_usage":[16,16,18,24,28,28,28,30,31],"damage_taken":[{"damage":0,"enemies":"2 Louse","floor":1,"turns":3},{"damage":4,"enemies":"Jaw Worm","floor":4,"turns":5},{"damage":10,"enemies":"Cultist","floor":7,"turns":6},{"damage":20,"enemies":"Gremlin Nob","floor":10,"turns":4},{"damage":29,"enemies":"Exordium Thugs","floor":11,"turns":7},{"damage":2,"enemies":"3 Louse","floor":13,"turns":4},{"damage":2,"enemies":"Looter","floor":14,"turns":3},{"damage":34,"enemies":"Hexaghost","floor":16,"turns":12},{"damage":23,"enemies":"Shell Parasite","floor":18,"turns":5},{"damage":22,"enemies":"Chosen","floor":19,"turns":8},{"damage":13,"enemies":"3 Cultists","floor":24,"turns":4},{"damage":19,"enemies":"Slavers","floor":27,"turns":4},{"damage":39,"enemies":"Sentry and Sphere","floor":28,"turns":7},{"damage":7,"enemies":"Snecko","floor":30,"turns":3},{"damage":20,"enemies":"Cultist and Chosen","floor":31,"turns":4}],"seed_played":"8277319248963375808","potions_obtained":[{"floor":7,"key":"Block Potion"},{"floor":10,"key":"Swift Potion"},{"floor":14,"key":"Energy Potion"},{"floor":21,"key":"EntropicBrew"},{"floor":21,"key":"Fire Potion"},{"floor":24,"key":"Dexterity Potion"},{"floor":28,"key":"BloodPotion"}],"is_trial":false,"path_per_floor":["M","?","?","M","?","R","M","R","T","E","M","R","M","M","R","B",null,"M","M","$","?","$","R","M","R","T","E","M","?","M","M"],"character_chosen":"IRONCLAD","items_purchased":["Juzu Bracelet","Mayhem","Energy Potion"],"campfire_rested":1,"item_purchase_floors":[20,20,20],"current_hp_per_floor":[88,77,77,79,79,79,75,75,75,61,38,38,42,46,72,44,88,71,55,55,55,55,55,48,48,48,42,9,9,17,0],"gold":147,"neow_bonus":"TEN_PERCENT_HP_BONUS","is_prod":false,"is_daily":false,"chose_seed":false,"campfire_upgraded":5,"win_rate":0,"timestamp":1547787903,"path_taken":["M","?","?","M","?","R","?","R","T","E","M","R","M","M","R","BOSS","M","M","$","?","?","R","M","R","T","E","M","?","M","M"],"build_version":"2019-01-17","purchased_purges":0,"victory":false,"max_hp_per_floor":[88,88,88,88,88,88,88,88,88,88,88,88,88,88,88,88,88,88,88,88,88,88,88,88,88,88,95,95,95,95,95],"card_choices":[{"not_picked":["Sword Boomerang","Ghostly Armor"],"picked":"Shockwave","floor":1},{"not_picked":["Disarm","Havoc"],"picked":"Dual Wield","floor":4},{"not_picked":["Twin Strike","Havoc"],"picked":"Carnage","floor":7},{"not_picked":["Thunderclap","Iron Wave"],"picked":"Shrug It Off","floor":10},{"not_picked":["Perfected Strike","Dual Wield"],"picked":"Carnage","floor":11},{"not_picked":["Flex","Havoc"],"picked":"Armaments","floor":13},{"not_picked":["Clothesline","Ghostly Armor","Perfected Strike"],"picked":"SKIP","floor":14},{"not_picked":["Exhume","Bludgeon"],"picked":"Demon Form","floor":16},{"not_picked":["Dropkick","Battle Trance"],"picked":"Havoc","floor":18},{"not_picked":["Sword Boomerang","Anger"],"picked":"Cleave","floor":19},{"not_picked":["Clothesline","Shockwave+1"],"picked":"Body Slam+1","floor":24},{"not_picked":["Cleave+1","Shrug It Off+1"],"picked":"Reaper","floor":27},{"not_picked":["Clothesline","Flex"],"picked":"Thunderclap","floor":28},{"not_picked":["Cleave","Metallicize"],"picked":"Seeing Red","floor":30}],"player_experience":84507,"relics_obtained":[{"floor":9,"key":"Centennial Puzzle"},{"floor":10,"key":"Ancient Tea Set"},{"floor":26,"key":"MawBank"},{"floor":27,"key":"Strawberry"}],"event_choices":[{"damage_healed":0,"gold_gain":75,"player_choice":"Gather Gold","damage_taken":11,"max_hp_gain":0,"max_hp_loss":0,"event_name":"World of Goop","floor":2,"gold_loss":0},{"cards_removed":["Strike_R"],"damage_healed":0,"gold_gain":0,"player_choice":"Card Removal","damage_taken":0,"max_hp_gain":0,"max_hp_loss":0,"event_name":"The Cleric","floor":3,"gold_loss":50},{"damage_healed":0,"gold_gain":0,"cards_transformed":["Strike_R"],"player_choice":"Transformed","damage_taken":0,"max_hp_gain":0,"max_hp_loss":0,"event_name":"Transmorgrifier","floor":5,"gold_loss":0,"cards_obtained":["Barricade"]},{"damage_healed":0,"gold_gain":0,"player_choice":"Got Potions","damage_taken":0,"max_hp_gain":0,"max_hp_loss":0,"event_name":"Lab","floor":21,"gold_loss":0},{"damage_healed":0,"gold_gain":0,"player_choice":"Ignored","damage_taken":0,"max_hp_gain":0,"max_hp_loss":0,"event_name":"Vampires","floor":29,"gold_loss":0}],"is_beta":false,"boss_relics":[{"not_picked":["Snecko Eye","Cursed Key"],"picked":"Empty Cage"}],"items_purged_floors":[],"is_endless":false,"potions_floor_spawned":[7,10,14,24,27,28],"killed_by":"Cultist and Chosen","ascension_level":1}