{"gold_per_floor":[111,126,76,76,100,100,121,121,148,148,163,188,113,194,194,313,313,304,318,318,331,352,352],"floor_reached":23,"playtime":1609,"items_purged":["Strike_R"],"score":185,"play_id":"fe001523-94a2-419f-bb74-e1cf0579e80f","local_time":"20190208234541","is_ascension_mode":false,"campfire_choices":[{"data":"Body Slam","floor":6,"key":"SMITH"},{"data":"Defend_R","floor":8,"key":"SMITH"},{"data":"Defend_R","floor":10,"key":"SMITH"},{"data":"Metallicize","floor":15,"key":"SMITH"}],"neow_cost":"NONE","seed_source_timestamp":1850955745400116,"circlet_count":0,"master_deck":["Strike_R","Strike_R","Strike_R","Defend_R","Defend_R","Defend_R+1","Defend_R+1","Bash","Body Slam+1","Metallicize+1","Shrug It Off","Shrug It Off","Shrug It Off"],"relics":["Burning Blood","Golden Idol","Lantern","Pen Nib","Lizard Tail"],"potions_floor_usage":[11,16,21,22,23],"damage_taken":[{"damage":10,"enemies":"Jaw Worm","floor":1,"turns":4},{"damage":0,"enemies":"2 Louse","floor":2,"turns":3},{"damage":0,"enemies":"Small Slimes","floor":5,"turns":3},{"damage":1,"enemies":"2 Fungi Beasts","floor":7,"turns":4},{"damage":13,"enemies":"Gremlin Gang","floor":11,"turns":5},{"damage":2,"enemies":"Looter","floor":12,"turns":3},{"damage":32,"enemies":"Gremlin Nob","floor":14,"turns":5},{"damage":40,"enemies":"The Guardian","floor":16,"turns":16},{"damage":6,"enemies":"2 Thieves","floor":18,"turns":4},{"damage":34,"enemies":"Chosen","floor":19,"turns":8},{"damage":12,"enemies":"Snake Plant","floor":21,"turns":9},{"damage":0,"enemies":"Centurion and Healer","floor":22,"turns":10},{"damage":136,"enemies":"Gremlin Leader","floor":23,"turns":11}],"seed_played":"-5963021723885869689","potions_obtained":[{"floor":0,"key":"SteroidPotion"},{"floor":0,"key":"FairyPotion"},{"floor":0,"key":"BloodPotion"},{"floor":7,"key":"Energy Potion"},{"floor":11,"key":"SpeedPotion"},{"floor":19,"key":"Ancient Potion"},{"floor":21,"key":"Strength Potion"}],"is_trial":false,"path_per_floor":["?","?","?","?"],"character_chosen":"IRONCLAD","items_purchased":[],"campfire_rested":0,"item_purchase_floors":[],"current_hp_per_floor":[76,80,80,60,66,66,71,71,71,71,64,68,68,42,42,8,80,80,52,52,46,52,0],"gold":352,"neow_bonus":"THREE_SMALL_POTIONS","is_prod":false,"is_daily":false,"chose_seed":false,"campfire_upgraded":4,"win_rate":0,"timestamp":1549665941,"path_taken":["M","M","?","?","M","R","M","R","T","R","M","M","$","?","R","BOSS","M","M","?","M","M","E"],"build_version":"2019-01-23","purchased_purges":1,"victory":false,"max_hp_per_floor":[80,80,80,80,80,80,80,80,80,80,80,80,80,80,80,80,80,80,80,80,80,80,80],"card_choices":[{"not_picked":["Disarm","Carnage","Infernal Blade"],"picked":"SKIP","floor":1},{"not_picked":["Havoc","Perfected Strike"],"picked":"Body Slam","floor":2},{"not_picked":["Second Wind","Anger","Perfected Strike"],"picked":"SKIP","floor":5},{"not_picked":["Exhume","Anger","Power Through"],"picked":"SKIP","floor":7},{"not_picked":["Thunderclap","Sword Boomerang","Perfected Strike"],"picked":"SKIP","floor":11},{"not_picked":["Thunderclap","Flame Barrier"],"picked":"Metallicize","floor":12},{"not_picked":["Clash","Heavy Blade","Searing Blow"],"picked":"SKIP","floor":18},{"not_picked":["Sword Boomerang","Armaments+1"],"picked":"Shrug It Off","floor":19},{"not_picked":["Hemokinesis","Armaments"],"picked":"Shrug It Off","floor":21},{"not_picked":["Sword Boomerang+1","Clash"],"picked":"Shrug It Off","floor":22}],"player_experience":149689,"relics_obtained":[{"floor":9,"key":"Lantern"},{"floor":14,"key":"Pen Nib"}],"event_choices":[{"cards_removed":["Strike_R"],"damage_healed":0,"gold_gain":0,"player_choice":"Card Removal","damage_taken":0,"max_hp_gain":0,"max_hp_loss":0,"event_name":"The Cleric","floor":3,"gold_loss":50},{"damage_healed":0,"gold_gain":0,"player_choice":"Take Damage","damage_taken":20,"relics_obtained":["Golden Idol"],"max_hp_gain":0,"max_hp_loss":0,"event_name":"Golden Idol","floor":4,"gold_loss":0},{"damage_healed":0,"gold_gain":0,"player_choice":"Searched \u00271\u0027 times","damage_taken":0,"max_hp_gain":0,"max_hp_loss":0,"event_name":"Dead Adventurer","floor":14,"gold_loss":0},{"damage_healed":0,"gold_gain":0,"player_choice":"Leave","damage_taken":0,"max_hp_gain":0,"max_hp_loss":0,"event_name":"FaceTrader","floor":20,"gold_loss":0}],"is_beta":false,"boss_relics":[{"not_picked":["Cursed Key","Tiny House"],"picked":"Lizard Tail"}],"items_purged_floors":[13],"is_endless":false,"potions_floor_spawned":[2,7,11,19,21],"killed_by":"Gremlin Leader","ascension_level":0}