{"gold_per_floor":[117,117,117,117,135,135,164,164,239,267,284,339,359,459,459,556,556,570,570,570,581,600,600,625,156,201,226,242,167,167,167,167,267,267,283,283,32,81,81,113,113,0,53,53,84,84,84,102,102,102],"floor_reached":50,"playtime":1830,"items_purged":["Dualcast"],"score":723,"play_id":"8ed41b11-1036-4196-88bc-3fcf9f3a2f40","local_time":"20180626221045","is_ascension_mode":true,"campfire_choices":[{"data":"Redo","floor":6,"key":"SMITH"},{"data":"Go for the Eyes","floor":8,"key":"SMITH"},{"data":"Loop","floor":15,"key":"SMITH"},{"data":"Electrodynamics","floor":23,"key":"SMITH"},{"data":"Self Repair","floor":30,"key":"SMITH"},{"data":"Ghostly","floor":32,"key":"SMITH"},{"data":"Echo Form","floor":41,"key":"SMITH"},{"data":"Ghostly","floor":44,"key":"SMITH"},{"data":"Redo","floor":46,"key":"SMITH"},{"data":"Streamline","floor":49,"key":"SMITH"}],"neow_cost":"NONE","seed_source_timestamp":2263227442065,"circlet_count":0,"master_deck":["Strike_B+1","Strike_B","Strike_B+1","Defend_B","Defend_B","Defend_B","Zap+1","Go for the Eyes+1","Redo+1","Glacier","Loop+1","Melter","Electrodynamics+1","Self Repair","Streamline+1","Ball Lightning","Self Repair+1","Static Discharge+1","Ghostly+1","Ghostly+1","Ghostly","Ghostly","Ghostly","Echo Form+1","Coolheaded+1","Madness","Madness","Seek+1","Redo+1"],"relics":["Cracked Core","Sundial","Centennial Puzzle","Incense Burner","Anchor","Velvet Choker","Ancient Tea Set","Turnip","Happy Flower","Vajra","Nuclear Battery","Calipers","Bottled Tornado","Gambling Chip","Mango","Red Mask","Tiny Chest","Juzu Bracelet"],"potions_floor_usage":[12,12,27,50,50,50],"damage_taken":[{"damage":2,"enemies":"Jaw Worm","floor":1,"turns":3},{"damage":0,"enemies":"2 Louse","floor":5,"turns":2},{"damage":10,"enemies":"Lagavulin","floor":7,"turns":5},{"damage":8,"enemies":"Gremlin Nob","floor":10,"turns":4},{"damage":0,"enemies":"Cultist","floor":11,"turns":2},{"damage":4,"enemies":"Lagavulin Event","floor":12,"turns":4},{"damage":0,"enemies":"3 Louse","floor":13,"turns":3},{"damage":2,"enemies":"The Guardian","floor":16,"turns":13},{"damage":0,"enemies":"Spheric Guardian","floor":18,"turns":3},{"damage":20,"enemies":"2 Thieves","floor":21,"turns":4},{"damage":5,"enemies":"Cultist and Chosen","floor":22,"turns":5},{"damage":13,"enemies":"Slavers","floor":24,"turns":5},{"damage":16,"enemies":"Book of Stabbing","floor":27,"turns":4},{"damage":8,"enemies":"Snecko","floor":28,"turns":4},{"damage":6,"enemies":"Automaton","floor":33,"turns":8},{"damage":0,"enemies":"3 Shapes","floor":35,"turns":3},{"damage":0,"floor":36,"turns":6},{"damage":0,"floor":38,"turns":6},{"damage":13,"enemies":"Giant Head","floor":40,"turns":12},{"damage":6,"enemies":"2 Orb Walkers","floor":45,"turns":4},{"damage":1,"enemies":"Orb Walker","floor":48,"turns":3},{"damage":56,"enemies":"Donu and Deca","floor":50,"turns":9}],"seed_played":"-1796606723220754072","potions_obtained":[{"floor":5,"key":"SteroidPotion"},{"floor":7,"key":"FocusPotion"},{"floor":10,"key":"AttackPotion"},{"floor":18,"key":"SpeedPotion"},{"floor":28,"key":"FearPotion"},{"floor":35,"key":"Fire Potion"}],"is_trial":false,"path_per_floor":["M","?","?","?","M","R","E","R","T","E","M","?","M","?","R","B",null,"M","?","?","M","M","R","E","$","T","E","M","?","R","?","R","B",null,"M","?","$","?","?","E","R","?","T","R","E","R","?","M","R"],"character_chosen":"DEFECT","items_purchased":["Turnip","Self Repair","Bottled Tornado"],"campfire_rested":0,"item_purchase_floors":[25,25,37],"current_hp_per_floor":[73,66,66,51,51,51,41,41,41,33,33,29,29,29,29,27,75,75,61,61,48,50,50,37,37,37,35,41,41,41,40,40,40,40,40,40,40,40,35,54,54,54,54,54,54,54,54,54,54,0],"gold":102,"neow_bonus":"UPGRADE_CARD","is_prod":false,"is_daily":false,"chose_seed":false,"campfire_upgraded":10,"win_rate":0,"timestamp":1530022245,"path_taken":["M","?","?","?","M","R","E","R","T","E","M","?","M","?","R","BOSS","M","?","?","?","M","R","E","$","T","E","M","?","R","?","R","BOSS","M","?","$","?","?","E","R","?","T","R","E","R","?","M","R","BOSS"],"build_version":"2018-06-21v2","purchased_purges":1,"victory":false,"max_hp_per_floor":[75,75,75,75,75,75,75,75,75,75,75,75,75,75,75,75,75,75,80,80,80,80,80,80,80,80,80,80,80,80,40,40,40,40,40,40,40,40,40,54,54,54,54,54,54,54,54,54,54,54],"card_choices":[{"not_picked":["Leap","Compile Driver"],"picked":"Go for the Eyes","floor":1},{"not_picked":["Steam Power","Defragment"],"picked":"Redo","floor":5},{"not_picked":["Ball Lightning","Hyperbeam"],"picked":"Glacier","floor":7},{"not_picked":["Streamline","Stack","Sunder"],"picked":"SKIP","floor":10},{"not_picked":["Ball Lightning","Streamline"],"picked":"Loop","floor":11},{"not_picked":["FTL","Scrape"],"picked":"Melter","floor":13},{"not_picked":["Seek","Meteor Strike"],"picked":"Electrodynamics","floor":16},{"not_picked":["BootSequence","Capacitor+1"],"picked":"Self Repair","floor":18},{"not_picked":["Doom and Gloom","Ball Lightning","Barrage"],"picked":"SKIP","floor":21},{"not_picked":["White Noise+1","Conserve Battery+1"],"picked":"Ball Lightning","floor":22},{"not_picked":["Barrage+1","All For One","Compile Driver"],"picked":"SKIP","floor":24},{"not_picked":["Go for the Eyes","Rainbow"],"picked":"Static Discharge+1","floor":27},{"not_picked":["Capacitor","Ball Lightning","Tempest"],"picked":"SKIP","floor":28},{"not_picked":["Buffer","Reboot"],"picked":"Echo Form","floor":33},{"not_picked":["Beam Cell","Hologram"],"picked":"Coolheaded+1","floor":35},{"not_picked":["Coolheaded","Hologram+1"],"picked":"Seek","floor":40},{"not_picked":["Stack+1","Coolheaded+1"],"picked":"Redo","floor":45},{"not_picked":["FTL+1","Streamline","Gash+1"],"picked":"SKIP","floor":48}],"player_experience":459175,"relics_obtained":[{"floor":7,"key":"Sundial"},{"floor":9,"key":"Centennial Puzzle"},{"floor":10,"key":"Incense Burner"},{"floor":12,"key":"Anchor"},{"floor":24,"key":"Ancient Tea Set"},{"floor":26,"key":"Happy Flower"},{"floor":27,"key":"Vajra"},{"floor":36,"key":"Calipers"},{"floor":38,"key":"Gambling Chip"},{"floor":40,"key":"Mango"},{"floor":43,"key":"Tiny Chest"},{"floor":45,"key":"Juzu Bracelet"}],"event_choices":[{"event_name":"Golden Wing","player_choice":"Card Removal","floor":2,"damage_taken":0},{"event_name":"Liars Game","player_choice":"disagreed","floor":3,"damage_taken":0},{"event_name":"Shining Light","player_choice":"Entered Light","floor":4,"damage_taken":0},{"event_name":"Dead Adventurer","player_choice":"Searched \u00272\u0027 times","floor":12,"damage_taken":0},{"event_name":"Golden Shrine","player_choice":"Pray","floor":14,"damage_taken":0},{"event_name":"Forgotten Altar","player_choice":"Shed Blood","floor":19,"damage_taken":0},{"event_name":"The Library","player_choice":"Read","floor":20,"damage_taken":0},{"event_name":"Beggar","player_choice":"Gave Gold","floor":29,"damage_taken":0},{"event_name":"Ghosts","player_choice":"Became a Ghost","floor":31,"damage_taken":0},{"event_name":"MindBloom","player_choice":"Fight","floor":36,"damage_taken":0},{"event_name":"Mysterious Sphere","player_choice":"Fight","floor":38,"damage_taken":0},{"event_name":"Winding Halls","player_choice":"Embrace Madness","floor":39,"damage_taken":0},{"event_name":"Tomb of Lord Red Mask","player_choice":"Paid","floor":42,"damage_taken":0},{"event_name":"Accursed Blacksmith","player_choice":"Forge","floor":47,"damage_taken":0}],"boss_relics":[{"not_picked":["Calling Bell","White Beast Statue"],"picked":"Velvet Choker"},{"not_picked":["Fusion Hammer","Black Star"],"picked":"Nuclear Battery"}],"items_purged_floors":[25],"is_endless":false,"potions_floor_spawned":[5,7,10,11,18,28,35,38,40],"killed_by":"Donu and Deca","ascension_level":4}