{"gold_per_floor":[116,134,164,239,257,257,46,58,84,84,111,140,140,180,180,251,251,265,265,265,284,39,39,65,65,65,65,15,25,25,54,54,128,128,145,145,1144,1144,1158,1158],"floor_reached":40,"playtime":1113,"items_purged":["Injury","Parasite"],"score":865,"play_id":"c5d5deeb-318d-467d-a424-51dd10a4df9f","local_time":"20190226155520","is_ascension_mode":true,"campfire_choices":[{"data":"Tempest","floor":6.0,"key":"SMITH"},{"data":"Zap","floor":15.0,"key":"SMITH"},{"data":"The Bomb","floor":23.0,"key":"SMITH"},{"data":"Electrodynamics","floor":25.0,"key":"SMITH"},{"floor":30.0,"key":"REST"},{"data":"White Noise","floor":32.0,"key":"SMITH"}],"neow_cost":"NONE","seed_source_timestamp":15615050715263,"circlet_count":0,"master_deck":["AscendersBane","Strike_B","Strike_B","Strike_B","Strike_B","Defend_B","Defend_B","Defend_B","Defend_B","Dualcast","Hologram","Coolheaded","Tempest+1","Go for the Eyes","Biased Cognition+1","Ball Lightning","Electrodynamics+1","The Bomb+1","Echo Form","Streamline+1","White Noise+1","Creative AI","Barrage+1","HandOfGreed+1","Normality","Normality","Defragment"],"special_seed":0,"relics":["Cracked Core","NeowsBlessing","Tiny Chest","Toolbox","Oddly Smooth Stone","Smiling Mask","Pear","Calling Bell","Boot","Shuriken","Bird Faced Urn","Regal Pillow","Molten Egg 2","Orichalcum","Velvet Choker"],"potions_floor_usage":[],"damage_taken":[{"damage":0.0,"enemies":"Jaw Worm","floor":1.0,"turns":1.0},{"damage":0.0,"enemies":"2 Louse","floor":2.0,"turns":1.0},{"damage":0.0,"enemies":"Small Slimes","floor":5.0,"turns":1.0},{"damage":1.0,"enemies":"Blue Slaver","floor":8.0,"turns":7.0},{"damage":8.0,"enemies":"Gremlin Nob","floor":12.0,"turns":3.0},{"damage":5.0,"enemies":"Large Slime","floor":14.0,"turns":4.0},{"damage":34.0,"enemies":"Hexaghost","floor":16.0,"turns":7.0},{"damage":0.0,"enemies":"3 Byrds","floor":18.0,"turns":1.0},{"damage":6.0,"enemies":"Chosen","floor":21.0,"turns":3.0},{"damage":34.0,"enemies":"Gremlin Leader","floor":24.0,"turns":6.0},{"damage":17.0,"enemies":"Sentry and Sphere","floor":29.0,"turns":4.0},{"damage":23.0,"enemies":"Book of Stabbing","floor":31.0,"turns":4.0},{"damage":49,"enemies":"Collector","floor":33,"turns":7},{"damage":20,"enemies":"3 Shapes","floor":35,"turns":4},{"damage":27,"enemies":"3 Darklings","floor":39,"turns":3},{"damage":14,"enemies":"Reptomancer","floor":40,"turns":2}],"seed_played":"-2575625370599255758","potions_obtained":[{"floor":8.0,"key":"FocusPotion"},{"floor":16.0,"key":"Dexterity Potion"},{"floor":21.0,"key":"Block Potion"},{"floor":31.0,"key":"EssenceOfSteel"},{"floor":39,"key":"FocusPotion"}],"is_trial":false,"path_per_floor":["M","M","?","?","M","R","$","M","T","?","T","E","?","M","R","B",null,"M","?","?","M","$","R","E","R","T","?","$","M","R","E","R","B",null,"M","?","?","?","M","E"],"character_chosen":"DEFECT","items_purchased":["Toolbox","The Bomb"],"campfire_rested":1,"item_purchase_floors":[7,22],"current_hp_per_floor":[64,64,53,42,42,42,42,41,41,64,64,66,66,61,61,27,68,74,74,74,72,72,72,42,42,42,42,42,29,67,52,52,9,61,45,45,45,45,26,14],"gold":1158,"neow_bonus":"THREE_ENEMY_KILL","is_prod":false,"is_daily":false,"chose_seed":false,"campfire_upgraded":5,"win_rate":0,"timestamp":1551192920,"path_taken":["M","M","?","?","M","R","?","?","T","?","?","E","?","M","R","BOSS","M","?","?","M","$","R","E","R","T","?","$","M","R","E","R","BOSS","M","?","?","?","M","E"],"build_version":"2019-02-06","purchased_purges":2,"victory":false,"max_hp_per_floor":[71,71,71,71,71,71,71,71,71,71,71,81,81,81,81,81,81,81,81,81,81,81,81,81,81,81,81,78,78,78,78,78,78,78,78,78,78,78,78,78],"card_choices":[{"not_picked":["Turbo","Tempest"],"picked":"Hologram","floor":1.0},{"not_picked":["Hologram","Beam Cell"],"picked":"Coolheaded","floor":2.0},{"not_picked":["Barrage","Turbo"],"picked":"Tempest","floor":5.0},{"not_picked":["Recycle","Gash"],"picked":"Go for the Eyes","floor":8.0},{"not_picked":["Steam","Cold Snap"],"picked":"Biased Cognition","floor":12.0},{"not_picked":["Gash","Stack"],"picked":"Ball Lightning","floor":14.0},{"not_picked":["Reboot","Creative AI"],"picked":"Electrodynamics","floor":16.0},{"not_picked":["Reprogram","Consume","Doom and Gloom"],"picked":"SKIP","floor":18.0},{"not_picked":["Sweeping Beam","Hologram","Stack"],"picked":"SKIP","floor":21.0},{"not_picked":["Fission","Lockon"],"picked":"Echo Form","floor":24.0},{"not_picked":["Redo","Stack"],"picked":"Streamline+1","floor":29.0},{"not_picked":["Gash+1","Consume"],"picked":"White Noise","floor":31.0},{"not_picked":["Seek","Reboot"],"picked":"Creative AI","floor":33},{"not_picked":["Stack","Reinforced Body"],"picked":"Barrage+1","floor":35},{"not_picked":["Madness","Discovery"],"picked":"HandOfGreed+1","floor":36},{"not_picked":["Cold Snap+1","Beam Cell+1"],"picked":"Defragment","floor":39}],"player_experience":953384,"relics_obtained":[{"floor":9.0,"key":"Oddly Smooth Stone"},{"floor":11.0,"key":"Smiling Mask"},{"floor":12.0,"key":"Pear"},{"floor":17.0,"key":"Boot"},{"floor":17.0,"key":"Shuriken"},{"floor":17.0,"key":"Bird Faced Urn"},{"floor":24.0,"key":"Regal Pillow"},{"floor":26.0,"key":"Molten Egg 2"},{"floor":31.0,"key":"Orichalcum"}],"event_choices":[{"damage_healed":0.0,"max_hp_gain":0.0,"max_hp_loss":0.0,"gold_gain":0.0,"event_name":"Scrap Ooze","player_choice":"Success","floor":3.0,"gold_loss":0.0,"damage_taken":11.0,"relics_obtained":["Tiny Chest"]},{"damage_healed":0.0,"max_hp_gain":0.0,"max_hp_loss":0.0,"gold_gain":75.0,"event_name":"World of Goop","player_choice":"Gather Gold","floor":4.0,"gold_loss":0.0,"damage_taken":11.0},{"damage_healed":23.0,"max_hp_gain":0.0,"max_hp_loss":0.0,"gold_gain":0.0,"event_name":"Big Fish","player_choice":"Banana","floor":10.0,"gold_loss":0.0,"damage_taken":0.0},{"damage_healed":0.0,"max_hp_gain":0.0,"max_hp_loss":0.0,"gold_gain":0.0,"event_name":"Living Wall","player_choice":"Grow","floor":13.0,"gold_loss":0.0,"damage_taken":0.0,"cards_upgraded":["Biased Cognition"]},{"damage_healed":0.0,"max_hp_gain":0.0,"max_hp_loss":0.0,"gold_gain":0.0,"event_name":"The Mausoleum","player_choice":"Ignored","floor":19.0,"gold_loss":0.0,"damage_taken":0.0},{"cards_removed":["Shame"],"damage_healed":0.0,"max_hp_gain":0.0,"max_hp_loss":0.0,"gold_gain":0.0,"event_name":"Back to Basics","player_choice":"Elegance","floor":20.0,"gold_loss":0.0,"damage_taken":0.0},{"damage_healed":0.0,"max_hp_gain":0.0,"max_hp_loss":0.0,"gold_gain":0.0,"event_name":"Vampires","player_choice":"Ignored","floor":27.0,"gold_loss":0.0,"damage_taken":0.0},{"damage_healed":0,"gold_gain":0,"player_choice":"Memory 1","damage_taken":0,"max_hp_gain":0,"max_hp_loss":0,"event_name":"SensoryStone","floor":36,"gold_loss":0},{"damage_healed":0,"gold_gain":999,"player_choice":"Gold","damage_taken":0,"max_hp_gain":0,"max_hp_loss":0,"event_name":"MindBloom","floor":37,"gold_loss":0,"cards_obtained":["Normality","Normality"]},{"cards_removed":["Zap"],"damage_healed":0,"gold_gain":0,"player_choice":"Removed Skill","damage_taken":0,"max_hp_gain":0,"max_hp_loss":0,"event_name":"Falling","floor":38,"gold_loss":0}],"is_beta":true,"boss_relics":[{"not_picked":["Runic Pyramid","Tiny House"],"picked":"Calling Bell"},{"not_picked":["FrozenCore","Runic Dome"],"picked":"Velvet Choker"}],"items_purged_floors":[22,28],"is_endless":false,"potions_floor_spawned":[8,16,21,31,39],"killed_by":"Reptomancer","ascension_level":20}