{"gold_per_floor":[119,119,137,157,181,181,220,247,285,297,309,342,354,406,418,559,571,607,659,684,696],"floor_reached":21,"playtime":3040,"items_purged":[],"score":216,"play_id":"819c26a1-1b98-4895-8639-db4cd708510d","local_time":"20180822161504","is_ascension_mode":false,"campfire_choices":[{"floor":6,"key":"REST"},{"data":"Electrodynamics","floor":10,"key":"SMITH"},{"floor":13,"key":"REST"},{"data":"Echo Form","floor":15,"key":"SMITH"}],"neow_cost":"TEN_PERCENT_HP_LOSS","seed_source_timestamp":596145882242184,"circlet_count":0,"master_deck":["Strike_B","Strike_B","Strike_B","Strike_B","Defend_B","Defend_B","Defend_B","Defend_B+1","Zap","Dualcast","Echo Form+1","Redo+1","Injury","Ball Lightning","Sweeping Beam","Conserve Battery","Electrodynamics+1","Loop","Rebound","Auto Shields","Multi-Cast","Redo","Rip and Tear+1","Conserve Battery"],"relics":["Cracked Core","Golden Idol","MawBank","Blood Vial","Bronze Scales","Inserter","Red Mask"],"potions_floor_usage":[16,19,19,20],"damage_taken":[{"damage":1,"enemies":"Jaw Worm","floor":1,"turns":4},{"damage":2,"enemies":"2 Louse","floor":3,"turns":2},{"damage":6,"enemies":"Cultist","floor":4,"turns":3},{"damage":10,"enemies":"3 Louse","floor":5,"turns":3},{"damage":21,"enemies":"Lagavulin","floor":7,"turns":5},{"damage":0,"enemies":"Exordium Wildlife","floor":8,"turns":2},{"damage":3,"enemies":"2 Fungi Beasts","floor":12,"turns":3},{"damage":0,"enemies":"3 Sentries","floor":14,"turns":2},{"damage":28,"enemies":"Slime Boss","floor":16,"turns":6},{"damage":30,"enemies":"Spheric Guardian","floor":18,"turns":6},{"damage":62,"floor":19,"turns":5},{"damage":1,"enemies":"Chosen","floor":20,"turns":4},{"damage":15,"enemies":"Centurion and Healer","floor":21,"turns":1}],"seed_played":"846790695642188685","potions_obtained":[{"floor":1,"key":"FearPotion"},{"floor":5,"key":"Swift Potion"},{"floor":16,"key":"Regen Potion"},{"floor":18,"key":"Regen Potion"}],"is_trial":false,"path_per_floor":["M","?","M","M","M","R","E","M","T","R","?","M","R","E","R","B",null,"M","?","M"],"character_chosen":"DEFECT","items_purchased":[],"campfire_rested":2,"item_purchase_floors":[],"current_hp_per_floor":[67,67,65,59,49,68,47,47,47,47,33,32,52,54,54,28,68,38,12,13,0],"gold":696,"neow_bonus":"THREE_RARE_CARDS","is_prod":false,"is_daily":false,"chose_seed":false,"campfire_upgraded":2,"win_rate":0.0,"timestamp":1534979704,"path_taken":["M","?","M","M","M","R","E","M","T","R","?","M","R","E","R","BOSS","M","?","M","?"],"build_version":"2018-08-16","purchased_purges":0,"victory":false,"max_hp_per_floor":[68,68,68,68,68,68,68,68,68,68,68,68,68,68,68,68,68,68,68,68,68],"card_choices":[{"not_picked":["Fission","Rainbow"],"picked":"Echo Form","floor":0},{"not_picked":["Darkness","Melter"],"picked":"Redo","floor":1},{"not_picked":["Streamline","Gash"],"picked":"Ball Lightning","floor":3},{"not_picked":["Darkness","Chaos"],"picked":"Sweeping Beam","floor":4},{"not_picked":["Steam","Hello World"],"picked":"Conserve Battery","floor":5},{"not_picked":["Ball Lightning","Undo"],"picked":"Electrodynamics","floor":7},{"not_picked":["Conserve Battery","Double Energy"],"picked":"Loop","floor":8},{"not_picked":["Steam","Beam Cell"],"picked":"Rebound","floor":12},{"not_picked":["Coolheaded","Sweeping Beam"],"picked":"Auto Shields","floor":14},{"not_picked":["Machine Learning","All For One"],"picked":"Multi-Cast","floor":16},{"not_picked":["Compile Driver","Streamline+1"],"picked":"Redo","floor":18},{"not_picked":["Aggregate+1","Scrape+1"],"picked":"Rip and Tear+1","floor":19},{"not_picked":["Hologram","Ball Lightning"],"picked":"Conserve Battery","floor":20}],"player_experience":98845,"relics_obtained":[{"floor":7,"key":"MawBank"},{"floor":9,"key":"Blood Vial"},{"floor":14,"key":"Bronze Scales"},{"floor":19,"key":"Red Mask"}],"event_choices":[{"event_name":"Golden Idol","player_choice":"Take Wound","floor":2,"damage_taken":0},{"event_name":"Shining Light","player_choice":"Entered Light","floor":11,"damage_taken":0},{"event_name":"Masked Bandits","player_choice":"Fought Bandits","floor":19,"damage_taken":0}],"is_beta":false,"boss_relics":[{"not_picked":["Calling Bell","Runic Dome"],"picked":"Inserter"}],"items_purged_floors":[],"is_endless":false,"potions_floor_spawned":[1,5,16,18],"killed_by":"Centurion and Healer","ascension_level":0}