{"gold_per_floor":[112,127,127,127,127,127,52,70,94,106,137,153,153,164,164,266,266,284,73,84,84,84,114,114,138,165,165,165,165,11,21,21,125,125,184,184,0,69,17,17,37,91,114,142,54,54,54,91,91,111],"floor_reached":51,"playtime":3044,"items_purged":["Regret","Strike_R"],"score":713,"play_id":"f3f41d4e-9a24-4cf2-ade5-e7c9ac4dbcf0","local_time":"20190220230534","is_ascension_mode":false,"campfire_choices":[{"data":"Body Slam","floor":6,"key":"SMITH"},{"data":"Bash","floor":13,"key":"SMITH"},{"data":"Inflame","floor":15,"key":"SMITH"},{"data":"Barricade","floor":24,"key":"SMITH"},{"floor":32,"key":"REST"},{"data":"True Grit","floor":40,"key":"SMITH"},{"floor":46,"key":"REST"},{"floor":49,"key":"REST"}],"neow_cost":"","seed_source_timestamp":323107488199924,"circlet_count":0,"master_deck":["Defend_R","Defend_R","Defend_R","Defend_R","Bash+1","Whirlwind","Iron Wave","Pommel Strike","Inflame+1","Barricade+1","Body Slam","Armaments","HandOfGreed","Battle Trance","Ghostly Armor","Impervious","Entrench","Offering","Bloodletting+1","Feed+1","Brutality+1","Headbutt","Headbutt+1","True Grit+1","Shrug It Off","Seeing Red+1","Finesse","Transmutation","Body Slam"],"relics":["Burning Blood","Orichalcum","Question Card","Kunai","Sozu","Ancient Tea Set","Strawberry","Juzu Bracelet","Nloth\u0027s Gift","Enchiridion","Astrolabe","Red Mask","Champion Belt","MawBank"],"potions_floor_usage":[10,11,16,16],"damage_taken":[{"damage":7,"enemies":"2 Louse","floor":1,"turns":3},{"damage":7,"enemies":"Small Slimes","floor":2,"turns":4},{"damage":1,"enemies":"Cultist","floor":8,"turns":4},{"damage":3,"enemies":"Red Slaver","floor":10,"turns":4},{"damage":28,"enemies":"Lagavulin","floor":11,"turns":7},{"damage":5,"enemies":"Exordium Wildlife","floor":12,"turns":5},{"damage":1,"enemies":"Large Slime","floor":14,"turns":6},{"damage":34,"enemies":"The Guardian","floor":16,"turns":10},{"damage":9,"enemies":"2 Thieves","floor":18,"turns":3},{"damage":4,"enemies":"Chosen","floor":20,"turns":4},{"damage":33,"enemies":"Gremlin Leader","floor":23,"turns":5},{"damage":3,"enemies":"Snecko","floor":31,"turns":3},{"damage":2,"enemies":"Champ","floor":33,"turns":8},{"damage":6,"enemies":"3 Shapes","floor":35,"turns":7},{"damage":44,"enemies":"2 Orb Walkers","floor":38,"turns":5},{"damage":10,"enemies":"3 Darklings","floor":41,"turns":2},{"damage":17,"enemies":"Sphere and 2 Shapes","floor":42,"turns":8},{"damage":24,"enemies":"Spire Growth","floor":44,"turns":6},{"damage":5,"enemies":"Jaw Worm Horde","floor":48,"turns":4},{"damage":49,"enemies":"Awakened One","floor":50,"turns":16}],"seed_played":"-6073012657261696363","potions_obtained":[{"floor":1,"key":"SkillPotion"},{"floor":2,"key":"Strength Potion"},{"floor":11,"key":"SteroidPotion"},{"floor":14,"key":"Fire Potion"}],"is_trial":false,"path_per_floor":["M","M","?","?","?","R","$","M","T","M","E","M","R","M","R","B",null,"M","$","M","?","?","E","R","T","T","?","?","?","$","M","R","B",null,"M","?","?","?","$","R","M","M","T","M","$","R","?","M","R","B",null],"character_chosen":"IRONCLAD","items_purchased":["Armaments","HandOfGreed","Impervious","True Grit"],"campfire_rested":3,"item_purchase_floors":[19,19,30,39],"current_hp_per_floor":[79,78,45,45,45,45,45,50,50,53,31,32,32,37,37,9,80,77,77,79,64,64,37,37,44,44,44,44,28,28,31,58,62,92,92,92,92,58,58,58,54,43,43,25,25,53,43,44,72,29],"gold":111,"neow_bonus":"","is_prod":false,"is_daily":false,"chose_seed":false,"campfire_upgraded":5,"win_rate":0.0,"timestamp":1550671534,"path_taken":["M","M","?","?","?","R","$","M","T","M","E","M","R","M","R","BOSS","M","?","?","?","?","E","R","?","T","?","?","?","$","M","R","BOSS","M","?","?","?","$","R","M","M","T","M","$","R","?","M","R","BOSS"],"build_version":"2019-01-23","purchased_purges":2,"victory":true,"max_hp_per_floor":[80,80,80,80,80,80,80,80,80,80,80,80,80,80,80,80,80,80,80,80,85,85,85,85,92,92,92,92,92,92,92,92,92,92,92,92,92,96,96,96,96,96,96,96,96,96,96,96,96,96],"card_choices":[{"not_picked":["Combust","Second Wind"],"picked":"Body Slam","floor":1},{"not_picked":["Twin Strike","Hemokinesis"],"picked":"Whirlwind","floor":2},{"not_picked":["Fire Breathing","Cleave","Flex","Anger"],"picked":"SKIP","floor":8},{"not_picked":["Uppercut","Flex","Sever Soul"],"picked":"Iron Wave","floor":10},{"not_picked":["Feel No Pain","Sever Soul","Thunderclap","Flex"],"picked":"SKIP","floor":11},{"not_picked":["Cleave","Clash","Sword Boomerang"],"picked":"Pommel Strike","floor":12},{"not_picked":["Flex","Seeing Red","Iron Wave"],"picked":"Inflame","floor":14},{"not_picked":["Double Tap","Impervious","Bludgeon"],"picked":"Barricade","floor":16},{"not_picked":["Searing Blow","Pommel Strike","Reckless Charge+1"],"picked":"Body Slam","floor":18},{"not_picked":["Dual Wield","Clothesline","Clash"],"picked":"Battle Trance","floor":20},{"not_picked":["Metallicize","Berserk","Infernal Blade+1"],"picked":"Ghostly Armor","floor":23},{"not_picked":["Flex","Twin Strike+1","Anger"],"picked":"Entrench","floor":31},{"not_picked":["Feed","Impervious","Fiend Fire"],"picked":"Offering","floor":33},{"not_picked":["Clash+1","Iron Wave","Anger"],"picked":"Headbutt","floor":35},{"not_picked":["Bloodletting+1","Rupture","Sever Soul"],"picked":"Headbutt+1","floor":38},{"not_picked":["Perfected Strike+1","Flex+1","Iron Wave"],"picked":"Shrug It Off","floor":41},{"not_picked":["Warcry","Brutality","Cleave"],"picked":"Seeing Red+1","floor":42},{"not_picked":["Twin Strike","Iron Wave","Feel No Pain+1","Clothesline"],"picked":"SKIP","floor":44},{"not_picked":["Good Instincts","Purity","Violence"],"picked":"Finesse","floor":47},{"not_picked":["Deep Breath","Mind Blast","Panache"],"picked":"Transmutation","floor":47},{"not_picked":["Sword Boomerang+1","Blood for Blood+1","Shrug It Off+1"],"picked":"Body Slam","floor":48}],"player_experience":0,"relics_obtained":[{"floor":9,"key":"Vajra"},{"floor":11,"key":"Kunai"},{"floor":23,"key":"Ancient Tea Set"},{"floor":25,"key":"Strawberry"},{"floor":26,"key":"Juzu Bracelet"},{"floor":29,"key":"Enchiridion"},{"floor":38,"key":"Champion Belt"},{"floor":43,"key":"MawBank"}],"event_choices":[{"damage_healed":0,"gold_gain":0,"player_choice":"Success","damage_taken":33,"relics_obtained":["Orichalcum"],"max_hp_gain":0,"max_hp_loss":0,"event_name":"Scrap Ooze","floor":3,"gold_loss":0},{"damage_healed":0,"gold_gain":0,"player_choice":"Box","damage_taken":0,"relics_obtained":["Question Card"],"max_hp_gain":0,"max_hp_loss":0,"event_name":"Big Fish","floor":4,"gold_loss":0,"cards_obtained":["Regret"]},{"damage_healed":0,"gold_gain":0,"player_choice":"Bought 0 Potions","damage_taken":0,"max_hp_gain":0,"max_hp_loss":0,"event_name":"The Woman in Blue","floor":5,"gold_loss":0},{"damage_healed":0,"gold_gain":0,"player_choice":"Shed Blood","damage_taken":20,"max_hp_gain":5,"max_hp_loss":0,"event_name":"Forgotten Altar","floor":21,"gold_loss":0},{"damage_healed":0,"gold_gain":0,"player_choice":"Ignored","damage_taken":0,"max_hp_gain":0,"max_hp_loss":0,"event_name":"Ghosts","floor":22,"gold_loss":0},{"damage_healed":0,"gold_gain":0,"player_choice":"Traded Relic","damage_taken":0,"relics_obtained":["Nloth\u0027s Gift"],"max_hp_gain":0,"max_hp_loss":0,"event_name":"N\u0027loth","floor":27,"relics_lost":["Vajra"],"gold_loss":0},{"cards_removed":["Strike_R"],"damage_healed":0,"gold_gain":0,"player_choice":"Elegance","damage_taken":0,"max_hp_gain":0,"max_hp_loss":0,"event_name":"Back to Basics","floor":28,"gold_loss":0},{"damage_healed":0,"gold_gain":0,"player_choice":"Obtained Book","damage_taken":16,"max_hp_gain":0,"max_hp_loss":0,"event_name":"Cursed Tome","floor":29,"gold_loss":0},{"cards_removed":["Body Slam"],"damage_healed":0,"gold_gain":0,"player_choice":"Removed Attack","damage_taken":0,"max_hp_gain":0,"max_hp_loss":0,"event_name":"Falling","floor":36,"gold_loss":0},{"damage_healed":0,"gold_gain":0,"player_choice":"Paid","damage_taken":0,"relics_obtained":["Red Mask"],"max_hp_gain":0,"max_hp_loss":0,"event_name":"Tomb of Lord Red Mask","floor":37,"gold_loss":184},{"damage_healed":0,"gold_gain":0,"player_choice":"Fight","damage_taken":0,"max_hp_gain":0,"max_hp_loss":0,"event_name":"Mysterious Sphere","floor":38,"gold_loss":0},{"damage_healed":0,"gold_gain":0,"player_choice":"Memory 3","damage_taken":10,"max_hp_gain":0,"max_hp_loss":0,"event_name":"SensoryStone","floor":47,"gold_loss":0}],"is_beta":false,"boss_relics":[{"not_picked":["White Beast Statue","Orrery"],"picked":"Sozu"},{"not_picked":["Velvet Choker","Runic Pyramid"],"picked":"Astrolabe"}],"items_purged_floors":[7,45],"is_endless":false,"potions_floor_spawned":[1,2,11,14,18,33,35],"ascension_level":0}