{"gold_per_floor":[109,129,20,30,30,56,76,76,76,76,76,87,9,37,37,133,133,146,165,175,355,66,93,93,120,170,180,130,130,42,52,52,148,148,166,166,116,216,229,229,262,262,262,291,316,328,340,369,381,393],"floor_reached":51,"playtime":4107,"items_purged":["Strike_R","Defend_R","Strike_R","Strike_R","Defend_R"],"score":910,"play_id":"d7a3d5b0-5604-4245-81e9-c91f6ea99645","local_time":"20181111235638","is_ascension_mode":true,"campfire_choices":[{"data":"Inflame","floor":8,"key":"SMITH"},{"data":"Heavy Blade","floor":10,"key":"SMITH"},{"data":"Limit Break","floor":15,"key":"SMITH"},{"floor":24,"key":"REST"},{"floor":29,"key":"REST"},{"floor":32,"key":"REST"},{"floor":40,"key":"REST"},{"floor":42,"key":"REST"},{"floor":46,"key":"REST"},{"floor":49,"key":"REST"}],"neow_cost":"NONE","seed_source_timestamp":190525666450088,"circlet_count":0,"master_deck":["Strike_R","Strike_R","Defend_R","Defend_R","Bash","Limit Break+1","Heavy Blade","Shockwave","Inflame+1","Heavy Blade+1","Reaper","Battle Trance","Shrug It Off","True Grit","Whirlwind","Metallicize","Double Tap","Spot Weakness","Battle Trance","Flame Barrier","Pommel Strike","Feed","Uppercut","Inflame","Demon Form","Ghostly Armor+1","Pummel+1"],"relics":["Burning Blood","Anchor","Matryoshka","Darkstone Periapt","Fusion Hammer","Centennial Puzzle","WingedGreaves","Potion Belt","Red Skull","Smiling Mask","Sozu","Calipers","Regal Pillow","Art of War","Orichalcum","MawBank","Pantograph"],"potions_floor_usage":[7,23,23,23,27],"damage_taken":[{"damage":0,"enemies":"Small Slimes","floor":1,"turns":3},{"damage":6,"enemies":"Cultist","floor":2,"turns":3},{"damage":9,"enemies":"2 Louse","floor":4,"turns":4},{"damage":35,"enemies":"Lagavulin","floor":6,"turns":6},{"damage":3,"enemies":"Lots of Slimes","floor":7,"turns":2},{"damage":8,"enemies":"Exordium Wildlife","floor":12,"turns":5},{"damage":22,"enemies":"Gremlin Nob","floor":14,"turns":4},{"damage":28,"enemies":"Slime Boss","floor":16,"turns":10},{"damage":9,"enemies":"3 Byrds","floor":18,"turns":6},{"damage":9,"enemies":"Shell Parasite","floor":19,"turns":4},{"damage":17,"enemies":"Snake Plant","floor":20,"turns":4},{"damage":51,"enemies":"Slavers","floor":23,"turns":5},{"damage":43,"enemies":"Book of Stabbing","floor":25,"turns":6},{"damage":5,"enemies":"Snecko","floor":27,"turns":3},{"damage":15,"enemies":"Shelled Parasite and Fungi","floor":31,"turns":3},{"damage":51,"enemies":"Champ","floor":33,"turns":9},{"damage":22,"enemies":"3 Darklings","floor":35,"turns":6},{"damage":13,"enemies":"Mind Bloom Boss Battle","floor":38,"turns":4},{"damage":0,"enemies":"Orb Walker","floor":39,"turns":2},{"damage":14,"enemies":"Reptomancer","floor":41,"turns":5},{"damage":29,"enemies":"Giant Head","floor":44,"turns":7},{"damage":9,"enemies":"3 Darklings","floor":45,"turns":4},{"damage":28,"enemies":"Writhing Mass","floor":48,"turns":4},{"damage":76,"enemies":"Donu and Deca","floor":50,"turns":7}],"seed_played":"-156838107637413981","potions_obtained":[{"floor":4,"key":"Explosive Potion"},{"floor":14,"key":"Ancient Potion"},{"floor":16,"key":"Weak Potion"},{"floor":18,"key":"PowerPotion"},{"floor":25,"key":"Swift Potion"},{"floor":31,"key":"Explosive Potion"}],"is_trial":false,"path_per_floor":["M","M","$","M","?","E","M","R","T","R","$","M","$","E","R","B",null,"M","M","M","?","$","E","R","E","T","M","$","R","$","M","R","B",null,"M","?","$","?","M","R","E","R","T","E","M","R","?","M","R","B",null],"character_chosen":"IRONCLAD","items_purchased":["Inflame","Whirlwind","Flame Barrier","Centennial Puzzle","Uppercut"],"campfire_rested":7,"item_purchase_floors":[3,13,22,22,30],"current_hp_per_floor":[80,80,80,77,77,48,71,71,71,71,71,69,69,53,53,35,69,80,77,80,56,56,11,35,8,8,19,19,43,43,37,61,32,70,66,66,66,79,83,83,75,83,83,60,83,83,83,61,83,13],"gold":405,"neow_bonus":"ONE_RANDOM_RARE_CARD","is_prod":false,"is_daily":false,"chose_seed":false,"campfire_upgraded":3,"win_rate":0,"timestamp":1542009398,"path_taken":["M","M","$","M","?","E","M","R","T","R","?","?","?","E","R","BOSS","M","M","?","?","$","E","R","E","T","?","$","R","?","M","R","BOSS","M","?","$","?","M","R","E","R","T","E","M","R","?","M","R","BOSS"],"build_version":"2018-11-08","purchased_purges":5,"victory":true,"max_hp_per_floor":[80,80,80,80,80,80,80,80,80,80,80,80,80,80,80,80,80,80,80,80,80,80,80,80,80,80,80,80,80,80,83,83,83,83,83,83,83,83,83,83,83,83,83,83,83,83,83,83,83,83],"card_choices":[{"not_picked":["Body Slam","Evolve"],"picked":"Heavy Blade","floor":1},{"not_picked":["Corruption","Armaments"],"picked":"Shockwave","floor":2},{"not_picked":["Wild Strike","Power Through"],"picked":"Heavy Blade","floor":4},{"not_picked":["Evolve","Intimidate"],"picked":"Battle Trance","floor":6},{"not_picked":["Sever Soul","Sentinel"],"picked":"Shrug It Off","floor":7},{"not_picked":["Intimidate","Anger"],"picked":"True Grit","floor":12},{"not_picked":["Feel No Pain","Wild Strike"],"picked":"Metallicize","floor":14},{"not_picked":["Limit Break","Brutality"],"picked":"Double Tap","floor":16},{"not_picked":["Flex","Rage+1","Sword Boomerang"],"picked":"SKIP","floor":18},{"not_picked":["Battle Trance","Iron Wave"],"picked":"Spot Weakness","floor":19},{"not_picked":["Perfected Strike","True Grit"],"picked":"Battle Trance","floor":20},{"not_picked":["Sever Soul","Dual Wield"],"picked":"Pommel Strike","floor":23},{"not_picked":["Headbutt","Infernal Blade"],"picked":"Feed","floor":25},{"not_picked":["Clash","Second Wind","Wild Strike+1"],"picked":"SKIP","floor":27},{"not_picked":["Headbutt","Anger+1"],"picked":"Inflame","floor":31},{"not_picked":["Dark Embrace","Limit Break"],"picked":"Demon Form","floor":33},{"not_picked":["Rampage","Rupture+1","Body Slam+1"],"picked":"SKIP","floor":35},{"not_picked":["Wild Strike+1","Cleave","Flex"],"picked":"SKIP","floor":39},{"not_picked":["Entrench","Sentinel","True Grit+1"],"picked":"SKIP","floor":41},{"not_picked":["Pommel Strike","Twin Strike"],"picked":"Ghostly Armor+1","floor":44},{"not_picked":["Pommel Strike","Anger+1","Clash+1"],"picked":"SKIP","floor":45},{"not_picked":["Metallicize","Feed"],"picked":"Pummel+1","floor":48}],"player_experience":213682,"relics_obtained":[{"floor":6,"key":"Anchor"},{"floor":9,"key":"Matryoshka"},{"floor":14,"key":"Darkstone Periapt"},{"floor":23,"key":"WingedGreaves"},{"floor":25,"key":"Potion Belt"},{"floor":26,"key":"Red Skull"},{"floor":26,"key":"Smiling Mask"},{"floor":38,"key":"Calipers"},{"floor":41,"key":"Regal Pillow"},{"floor":43,"key":"Art of War"},{"floor":43,"key":"Orichalcum"},{"floor":44,"key":"MawBank"}],"event_choices":[{"damage_healed":0,"gold_gain":0,"player_choice":"1 cards matched","damage_taken":0,"max_hp_gain":0,"max_hp_loss":0,"event_name":"Match and Keep!","floor":5,"gold_loss":0,"cards_obtained":["Reaper"]},{"damage_healed":0,"gold_gain":180,"player_choice":"GOLD GOLD ","damage_taken":24,"max_hp_gain":0,"max_hp_loss":0,"event_name":"Knowing Skull","floor":21,"potions_obtained":[],"gold_loss":0,"cards_obtained":[]},{"damage_healed":0,"gold_gain":0,"player_choice":"Memory 1","damage_taken":0,"max_hp_gain":0,"max_hp_loss":0,"event_name":"SensoryStone","floor":36,"gold_loss":0},{"damage_healed":0,"gold_gain":0,"player_choice":"Fight","damage_taken":0,"max_hp_gain":0,"max_hp_loss":0,"event_name":"MindBloom","floor":38,"gold_loss":0},{"damage_healed":0,"gold_gain":0,"player_choice":"Gave Potion","damage_taken":0,"relics_obtained":["Pantograph"],"max_hp_gain":0,"max_hp_loss":0,"event_name":"WeMeetAgain","floor":47,"gold_loss":0}],"is_beta":false,"boss_relics":[{"not_picked":["Philosopher\u0027s Stone","Busted Crown"],"picked":"Fusion Hammer"},{"not_picked":["Lizard Tail","Coffee Dripper"],"picked":"Sozu"}],"items_purged_floors":[3,22,28,30,37],"is_endless":false,"potions_floor_spawned":[4,14,16,18,20,25,31,38,44],"ascension_level":5}