{"gold_per_floor":[114,64,64,80,80,80,107,122,122,148,148,159,176,26,26,131,131,146,161,178,25,36,36,53,79,109,109,109,120,45,77,77,77],"floor_reached":33,"playtime":1433,"items_purged":["Strike_B"],"score":411,"play_id":"cf2d300e-d949-4ba5-9bdc-bd23c9c7ec7a","local_time":"20181229111931","is_ascension_mode":true,"campfire_choices":[{"data":"Zap","floor":6,"key":"SMITH"},{"data":"Meteor Strike","floor":11,"key":"SMITH"},{"data":"Redo","floor":15,"key":"SMITH"},{"floor":23,"key":"REST"},{"floor":27,"key":"REST"},{"floor":32,"key":"REST"}],"neow_cost":"NONE","seed_source_timestamp":58783140034000,"circlet_count":0,"master_deck":["Defend_B","Defend_B","Defend_B","Defend_B","Zap+1","Dualcast","Double Energy+1","Conserve Battery","Cold Snap","Ball Lightning","Meteor Strike+1","Redo+1","Conserve Battery","Sweeping Beam","Conserve Battery","Fission","Tempest","Streamline","Creative AI","Rebound+1","Capacitor","Electrodynamics","Coolheaded","Conserve Battery"],"relics":["Cracked Core","NeowsBlessing","Ice Cream","Mummified Hand","DataDisk","Inserter","Juzu Bracelet","Vajra","Tiny Chest","Dodecahedron"],"potions_floor_usage":[16,24,25,33],"damage_taken":[{"damage":0,"enemies":"2 Louse","floor":1,"turns":1},{"damage":0,"enemies":"Cultist","floor":4,"turns":1},{"damage":0,"enemies":"Lagavulin","floor":7,"turns":3},{"damage":0,"enemies":"Jaw Worm","floor":8,"turns":4},{"damage":14,"enemies":"3 Sentries","floor":10,"turns":8},{"damage":0,"enemies":"2 Fungi Beasts","floor":12,"turns":3},{"damage":0,"enemies":"Large Slime","floor":13,"turns":4},{"damage":17,"enemies":"The Guardian","floor":16,"turns":8},{"damage":11,"enemies":"Spheric Guardian","floor":18,"turns":4},{"damage":0,"enemies":"Chosen","floor":19,"turns":3},{"damage":25,"enemies":"Snecko","floor":20,"turns":5},{"damage":4,"enemies":"3 Cultists","floor":22,"turns":4},{"damage":24,"enemies":"Centurion and Healer","floor":24,"turns":6},{"damage":23,"enemies":"Book of Stabbing","floor":25,"turns":6},{"damage":23,"enemies":"Snecko","floor":29,"turns":5},{"damage":16,"enemies":"Gremlin Leader","floor":31,"turns":5},{"damage":48,"enemies":"Collector","floor":33,"turns":6}],"seed_played":"2571744464207399344","potions_obtained":[{"floor":1,"key":"FearPotion"},{"floor":7,"key":"Regen Potion"},{"floor":12,"key":"Dexterity Potion"},{"floor":22,"key":"PowerPotion"},{"floor":24,"key":"SkillPotion"},{"floor":31,"key":"SkillPotion"}],"is_trial":false,"path_per_floor":["M","?","?","M","?","R","E","M","T","E","R","M","M","$","R","B",null,"M","M","M","$","M","R","M","E","T","R","?","M","?","E","R","B"],"character_chosen":"DEFECT","items_purchased":["Sweeping Beam","Conserve Battery","Juzu Bracelet"],"campfire_rested":3,"item_purchase_floors":[14,14,21],"current_hp_per_floor":[75,75,68,68,68,68,68,68,68,54,54,54,54,54,54,49,75,64,64,39,39,35,57,33,10,10,32,57,34,34,18,40,0],"gold":77,"neow_bonus":"THREE_ENEMY_KILL","is_prod":false,"is_daily":false,"chose_seed":false,"campfire_upgraded":3,"win_rate":0,"timestamp":1546053571,"path_taken":["M","?","?","M","?","R","E","M","T","E","R","M","M","$","R","BOSS","M","?","M","$","M","R","M","E","T","R","?","M","?","E","R","BOSS"],"build_version":"2018-12-20","purchased_purges":1,"victory":false,"max_hp_per_floor":[75,75,75,75,75,75,75,75,75,75,75,75,75,75,75,75,75,75,75,75,75,75,75,75,75,75,75,75,75,75,75,75,75],"card_choices":[{"not_picked":["Fusion","Go for the Eyes"],"picked":"Double Energy","floor":1},{"not_picked":["Go for the Eyes","Compile Driver"],"picked":"Conserve Battery","floor":4},{"not_picked":["Redo","FTL"],"picked":"Cold Snap","floor":7},{"not_picked":["Force Field","Chaos"],"picked":"Ball Lightning","floor":8},{"not_picked":["Barrage","Turbo"],"picked":"Meteor Strike","floor":10},{"not_picked":["Rip and Tear","Genetic Algorithm"],"picked":"Redo","floor":12},{"not_picked":["Hologram","Stack"],"picked":"Conserve Battery","floor":13},{"not_picked":["Meteor Strike","Seek"],"picked":"Fission","floor":16},{"not_picked":["Beam Cell+1","Storm"],"picked":"Tempest","floor":18},{"not_picked":["Turbo+1","Gash+1"],"picked":"Streamline","floor":19},{"not_picked":["Redo","Compile Driver"],"picked":"Creative AI","floor":20},{"not_picked":["Hologram","Genetic Algorithm+1"],"picked":"Rebound+1","floor":22},{"not_picked":["Hologram","Genetic Algorithm"],"picked":"Capacitor","floor":24},{"not_picked":["Gash+1","Streamline"],"picked":"Electrodynamics","floor":25},{"not_picked":["Redo","Go for the Eyes"],"picked":"Coolheaded","floor":29},{"not_picked":["Doom and Gloom+1","Ball Lightning"],"picked":"Conserve Battery","floor":31}],"player_experience":543136,"relics_obtained":[{"floor":7,"key":"Ice Cream"},{"floor":9,"key":"Mummified Hand"},{"floor":10,"key":"DataDisk"},{"floor":25,"key":"Vajra"},{"floor":26,"key":"Tiny Chest"},{"floor":31,"key":"Dodecahedron"}],"event_choices":[{"cards_removed":["Strike_B"],"damage_healed":0,"gold_gain":0,"player_choice":"Card Removal","damage_taken":0,"max_hp_gain":0,"max_hp_loss":0,"event_name":"The Cleric","floor":2,"gold_loss":50},{"cards_removed":["Strike_B"],"damage_healed":0,"gold_gain":0,"player_choice":"Card Removal","damage_taken":7,"max_hp_gain":0,"max_hp_loss":0,"event_name":"Golden Wing","floor":3,"gold_loss":0},{"damage_healed":0,"gold_gain":0,"player_choice":"Upgraded","damage_taken":0,"max_hp_gain":0,"max_hp_loss":0,"event_name":"Upgrade Shrine","floor":5,"gold_loss":0,"cards_upgraded":["Double Energy"]},{"damage_healed":25,"gold_gain":0,"player_choice":"Heal","damage_taken":0,"max_hp_gain":0,"max_hp_loss":0,"event_name":"The Library","floor":28,"gold_loss":0},{"cards_removed":["Strike_B"],"damage_healed":0,"gold_gain":0,"player_choice":"Gave Gold","damage_taken":0,"max_hp_gain":0,"max_hp_loss":0,"event_name":"Beggar","floor":30,"gold_loss":75}],"is_beta":false,"boss_relics":[{"not_picked":["Snecko Eye","Black Star"],"picked":"Inserter"}],"items_purged_floors":[14],"is_endless":false,"potions_floor_spawned":[1,7,12,22,24,31],"killed_by":"Collector","ascension_level":4}