{"gold_per_floor":[15,27,42,54,29,29,62,62,62,237,252,217,217,43,43,148,148,167,167,91,104,116,116,148,423,473,473],"floor_reached":27,"playtime":2446,"items_purged":[],"score":243,"play_id":"f3c8e1d2-0b11-4cc4-920c-cf7aa006c847","local_time":"20190210225837","is_ascension_mode":true,"campfire_choices":[{"data":"Skewer","floor":6.0,"key":"SMITH"},{"floor":8.0,"key":"REST"},{"floor":15.0,"key":"REST"},{"floor":23,"key":"REST"}],"neow_cost":"NO_GOLD","seed_source_timestamp":0,"circlet_count":0,"master_deck":["Defend_G","Defend_G","Defend_G","Defend_G","Defend_G","Strike_G","Strike_G","Strike_G","Strike_G","Strike_G","Survivor","Neutralize","Skewer+1","Masterful Stab","Outmaneuver","Noxious Fumes","Envenom","Doubt","Flying Knee","Calculated Gamble+1","Flying Knee","Well Laid Plans","Corpse Explosion+1","PiercingWail+1","Catalyst+1","Underhanded Strike","Distraction+1","Regret"],"special_seed":0,"relics":["Ring of the Snake","Bird Faced Urn","Toxic Egg 2","Ginger","Tingsha","Eternal Feather","Blue Candle","Dream Catcher"],"potions_floor_usage":[22,24],"damage_taken":[{"damage":0.0,"enemies":"Jaw Worm","floor":1.0,"turns":4.0},{"damage":0.0,"enemies":"Small Slimes","floor":2.0,"turns":4.0},{"damage":0.0,"enemies":"2 Louse","floor":3.0,"turns":2.0},{"damage":14.0,"enemies":"Exordium Thugs","floor":4.0,"turns":4.0},{"damage":53.0,"enemies":"Gremlin Nob","floor":7.0,"turns":6.0},{"damage":6.0,"enemies":"Lots of Slimes","floor":11.0,"turns":4.0},{"damage":23.0,"enemies":"Slime Boss","floor":16.0,"turns":5.0},{"damage":38.0,"enemies":"Shell Parasite","floor":18.0,"turns":5.0},{"damage":4.0,"enemies":"2 Thieves","floor":21.0,"turns":2.0},{"damage":17,"enemies":"Shelled Parasite and Fungi","floor":22,"turns":4},{"damage":56,"enemies":"Gremlin Leader","floor":24,"turns":6},{"damage":8,"enemies":"Snake Plant","floor":27,"turns":1}],"seed_played":"-7450064130440365050","potions_obtained":[{"floor":1.0,"key":"Regen Potion"},{"floor":11.0,"key":"EssenceOfSteel"},{"floor":19.0,"key":"SpeedPotion"},{"floor":19.0,"key":"Swift Potion"},{"floor":19.0,"key":"FairyPotion"},{"floor":21.0,"key":"Block Potion"},{"floor":22,"key":"SpeedPotion"}],"is_trial":false,"path_per_floor":["M","M","M","M","?","R","E","R","T","?","M","?","?","$","R","B",null,"M","?","$","M","M","R","E","?","T","M"],"character_chosen":"THE_SILENT","items_purchased":["Calculated Gamble+1","Flying Knee","Well Laid Plans","Catalyst+1"],"campfire_rested":3,"item_purchase_floors":[14,14,14,20],"current_hp_per_floor":[70,70,70,56,56,56,20,41,41,41,39,56,38,38,59,42,70,34,34,34,30,15,51,7,7,7,0],"gold":473,"neow_bonus":"ONE_RARE_RELIC","is_prod":false,"is_daily":false,"chose_seed":false,"campfire_upgraded":1,"win_rate":0,"timestamp":1549835917,"path_taken":["M","M","M","M","?","R","E","R","T","?","M","?","?","$","R","BOSS","M","?","?","?","M","R","E","?","T","?"],"build_version":"2019-01-23","purchased_purges":0,"victory":false,"max_hp_per_floor":[70,70,70,70,70,70,70,70,70,70,70,70,70,70,70,70,70,70,70,70,70,70,70,70,70,70,70],"card_choices":[{"not_picked":["Cloak And Dagger","Prepared"],"picked":"Skewer","floor":1.0},{"not_picked":["Slice","Acrobatics"],"picked":"Masterful Stab","floor":2.0},{"not_picked":["Dodge and Roll","Bane"],"picked":"Outmaneuver","floor":3.0},{"not_picked":["Dodge and Roll","Catalyst"],"picked":"Noxious Fumes","floor":4.0},{"not_picked":["Quick Slash","Deadly Poison"],"picked":"Envenom","floor":7.0},{"not_picked":["Dodge and Roll+1","Infinite Blades"],"picked":"Flying Knee","floor":11.0},{"not_picked":["Unload","Bullet Time+1"],"picked":"Corpse Explosion+1","floor":16.0},{"not_picked":["Dagger Throw","Backstab"],"picked":"PiercingWail+1","floor":18.0},{"not_picked":["Deflect+1","Dagger Spray+1"],"picked":"Underhanded Strike","floor":21.0},{"not_picked":["PiercingWail+1","Masterful Stab+1","Accuracy+1"],"picked":"SKIP","floor":22},{"not_picked":["Tactician+1","Quick Slash"],"picked":"Distraction+1","floor":24}],"player_experience":152081,"relics_obtained":[{"floor":7.0,"key":"Toxic Egg 2"},{"floor":9.0,"key":"Ginger"},{"floor":24,"key":"Blue Candle"},{"floor":26,"key":"Dream Catcher"}],"event_choices":[{"damage_healed":0.0,"max_hp_gain":0.0,"max_hp_loss":0.0,"gold_gain":0.0,"event_name":"World of Goop","player_choice":"Left Gold","floor":5.0,"gold_loss":25.0,"damage_taken":0.0},{"damage_healed":0.0,"max_hp_gain":0.0,"max_hp_loss":0.0,"gold_gain":175.0,"event_name":"Liars Game","player_choice":"AGREE","floor":10.0,"gold_loss":0.0,"damage_taken":0.0,"cards_obtained":["Doubt"]},{"damage_healed":17.0,"max_hp_gain":0.0,"max_hp_loss":0.0,"gold_gain":0.0,"event_name":"The Cleric","player_choice":"Healed","floor":12.0,"gold_loss":35.0,"damage_taken":0.0},{"damage_healed":0.0,"max_hp_gain":0.0,"max_hp_loss":0.0,"gold_gain":0.0,"event_name":"Scrap Ooze","player_choice":"Success","floor":13.0,"gold_loss":0.0,"damage_taken":18.0,"relics_obtained":["Tingsha"]},{"damage_healed":0.0,"max_hp_gain":0.0,"max_hp_loss":0.0,"gold_gain":0.0,"event_name":"Lab","player_choice":"Got Potions","floor":19.0,"gold_loss":0.0,"damage_taken":0.0},{"damage_healed":0,"gold_gain":275,"player_choice":"Desecrate","damage_taken":0,"max_hp_gain":0,"max_hp_loss":0,"event_name":"Golden Shrine","floor":25,"gold_loss":0,"cards_obtained":["Regret"]}],"is_beta":false,"boss_relics":[{"not_picked":["Black Star","Ectoplasm"],"picked":"Eternal Feather"}],"items_purged_floors":[],"is_endless":false,"potions_floor_spawned":[1,11,21,22],"killed_by":"Snake Plant","ascension_level":1}