{"gold_per_floor":[15,27,27,38,54,54,89,89,89,89,89,39,39,58,58,157,157,171,185,110,128,139,139,139,139,139,139,157,57,75,75,75,179,179,189,64,164,164,178,178,195,195,219,219,269,269,285,285,285,285],"floor_reached":50,"playtime":15123,"items_purged":["Defend_G","Bite","Bite"],"score":484,"play_id":"1c6c6ad3-f285-4c3d-9e97-3686d566c85d","local_time":"20190218034148","is_ascension_mode":true,"campfire_choices":[{"data":"Calculated Gamble","floor":6.0,"key":"SMITH"},{"data":"Neutralize","floor":11.0,"key":"SMITH"},{"data":"Defend_G","floor":13.0,"key":"SMITH"},{"data":"Survivor","floor":15.0,"key":"SMITH"},{"data":"Die Die Die","floor":23.0,"key":"SMITH"},{"data":"Escape Plan","floor":25.0,"key":"SMITH"},{"data":"J.A.X.","floor":32.0,"key":"SMITH"},{"data":"1","floor":40.0,"key":"LIFT"},{"data":"Defend_G","floor":42.0,"key":"SMITH"},{"data":"2","floor":44.0,"key":"LIFT"},{"data":"3","floor":49.0,"key":"LIFT"}],"neow_cost":"NO_GOLD","seed_source_timestamp":0,"circlet_count":0,"master_deck":["Defend_G+1","Defend_G+1","Survivor+1","Neutralize+1","Calculated Gamble+1","Die Die Die+1","Escape Plan+1","Tactician+1","Bite","Bite","J.A.X.+1","After Image","Setup+1","PiercingWail+1","Calculated Gamble+1","Underhanded Strike+1"],"special_seed":0,"relics":["Ring of the Snake","Bag of Marbles","Paper Crane","PreservedInsect","Runic Pyramid","Enchiridion","Letter Opener","Sozu","Girya","Strawberry","Ice Cream"],"potions_floor_usage":[],"damage_taken":[{"damage":1.0,"enemies":"2 Louse","floor":1.0,"turns":2.0},{"damage":0.0,"enemies":"Jaw Worm","floor":2.0,"turns":5.0},{"damage":0.0,"enemies":"Small Slimes","floor":4.0,"turns":4.0},{"damage":1.0,"enemies":"3 Louse","floor":5.0,"turns":7.0},{"damage":5.0,"enemies":"3 Sentries","floor":7.0,"turns":5.0},{"damage":2.0,"enemies":"2 Fungi Beasts","floor":14.0,"turns":4.0},{"damage":16.0,"enemies":"The Guardian","floor":16.0,"turns":29.0},{"damage":2.0,"enemies":"Spheric Guardian","floor":18.0,"turns":9.0},{"damage":1.0,"enemies":"Shell Parasite","floor":19.0,"turns":7.0},{"damage":13.0,"enemies":"Snecko","floor":21.0,"turns":11.0},{"damage":0.0,"enemies":"Centurion and Healer","floor":22.0,"turns":7.0},{"damage":7.0,"enemies":"Snake Plant","floor":28.0,"turns":6.0},{"damage":0.0,"enemies":"Shelled Parasite and Fungi","floor":30.0,"turns":6.0},{"damage":57.0,"enemies":"Champ","floor":33.0,"turns":10.0},{"damage":10.0,"enemies":"3 Darklings","floor":35.0,"turns":4.0},{"damage":14.0,"enemies":"Mind Bloom Boss Battle","floor":37.0,"turns":7.0},{"damage":13.0,"enemies":"Orb Walker","floor":39.0,"turns":5.0},{"damage":17.0,"enemies":"Spire Growth","floor":41.0,"turns":6.0},{"damage":32.0,"enemies":"2 Orb Walkers","floor":45.0,"turns":5.0},{"damage":3.0,"enemies":"Jaw Worm Horde","floor":47.0,"turns":3.0},{"damage":71,"enemies":"Donu and Deca","floor":50,"turns":8}],"seed_played":"3388032097383493853","potions_obtained":[{"floor":2.0,"key":"AttackPotion"},{"floor":4.0,"key":"Swift Potion"},{"floor":5.0,"key":"LiquidBronze"},{"floor":16.0,"key":"SpeedPotion"},{"floor":19.0,"key":"Poison Potion"},{"floor":22.0,"key":"Regen Potion"},{"floor":33.0,"key":"Fire Potion"}],"is_trial":false,"path_per_floor":["M","M","?","M","M","R","E","?","T","?","R","?","R","M","R","B",null,"M","M","$","M","M","R","?","R","T","?","M","$","M","?","R","B",null,"M","$","?","?","M","R","M","R","T","R","?","?","M","?","R","B"],"character_chosen":"THE_SILENT","items_purchased":[],"campfire_rested":0,"item_purchase_floors":[],"current_hp_per_floor":[69,69,62,62,61,61,56,38,38,43,43,43,43,41,41,25,75,73,72,72,59,59,59,43,43,43,43,52,52,52,52,52,16,52,52,52,51,51,46,46,45,45,52,52,40,40,41,41,41,0],"gold":285,"neow_bonus":"REMOVE_TWO","is_prod":false,"is_daily":false,"chose_seed":false,"campfire_upgraded":8,"win_rate":0,"timestamp":1550457708,"path_taken":["M","M","?","M","M","R","E","?","T","?","R","?","R","M","R","BOSS","M","M","$","M","M","R","?","R","T","?","M","$","M","?","R","BOSS","M","$","?","?","?","R","M","R","T","R","?","?","?","?","R","BOSS"],"build_version":"2019-01-23","purchased_purges":3,"victory":false,"max_hp_per_floor":[70,70,70,70,70,70,70,70,70,75,75,75,75,75,75,75,75,75,75,75,75,75,75,75,75,75,52,52,52,52,52,52,52,52,52,52,52,52,52,52,52,52,59,59,59,59,59,59,59,59],"card_choices":[{"not_picked":["Deadly Poison","Prepared","PiercingWail"],"picked":"SKIP","floor":1.0},{"not_picked":["Footwork","Dagger Throw"],"picked":"Calculated Gamble","floor":2.0},{"not_picked":["Expertise","Blade Dance","Finisher"],"picked":"SKIP","floor":4.0},{"not_picked":["Quick Slash","Deflect","All Out Attack"],"picked":"SKIP","floor":5.0},{"not_picked":["Dagger Spray","Dagger Throw","Cloak And Dagger"],"picked":"SKIP","floor":7.0},{"not_picked":["Backflip","Catalyst","Acrobatics"],"picked":"SKIP","floor":14.0},{"not_picked":["Storm of Steel","Wraith Form v2"],"picked":"Die Die Die","floor":16.0},{"not_picked":["Bane","Blade Dance","Cloak And Dagger"],"picked":"SKIP","floor":18.0},{"not_picked":["All Out Attack","Slice+1"],"picked":"Escape Plan","floor":19.0},{"not_picked":["Dagger Spray+1","Slice","Prepared+1"],"picked":"SKIP","floor":21.0},{"not_picked":["Acrobatics","Dagger Throw"],"picked":"Tactician+1","floor":22.0},{"not_picked":["Backflip","Deadly Poison","Deflect+1"],"picked":"SKIP","floor":28.0},{"not_picked":["Bouncing Flask","Concentrate","Finisher"],"picked":"SKIP","floor":30.0},{"not_picked":["Wraith Form v2","Venomology"],"picked":"After Image","floor":33.0},{"not_picked":["Blade Dance","Slice"],"picked":"Setup+1","floor":35.0},{"not_picked":["Poisoned Stab+1","Acrobatics+1"],"picked":"PiercingWail+1","floor":37.0},{"not_picked":["Cloak And Dagger","Well Laid Plans+1"],"picked":"Calculated Gamble+1","floor":39.0},{"not_picked":["Acrobatics+1","Dodge and Roll"],"picked":"Underhanded Strike+1","floor":41.0},{"not_picked":["Quick Slash","Dagger Throw+1","Backstab+1"],"picked":"SKIP","floor":47.0}],"player_experience":196137,"relics_obtained":[{"floor":7.0,"key":"Bag of Marbles"},{"floor":9.0,"key":"PreservedInsect"},{"floor":24.0,"key":"Enchiridion"},{"floor":26.0,"key":"Letter Opener"},{"floor":37.0,"key":"Girya"},{"floor":43.0,"key":"Strawberry"},{"floor":45.0,"key":"Ice Cream"}],"event_choices":[{"cards_removed":["Strike_G"],"damage_healed":0.0,"max_hp_gain":0.0,"max_hp_loss":0.0,"gold_gain":0.0,"event_name":"Golden Wing","player_choice":"Card Removal","floor":3.0,"gold_loss":0.0,"damage_taken":7.0},{"damage_healed":0.0,"max_hp_gain":0.0,"max_hp_loss":0.0,"gold_gain":0.0,"event_name":"Scrap Ooze","player_choice":"Success","floor":8.0,"gold_loss":0.0,"damage_taken":18.0,"relics_obtained":["Paper Crane"]},{"damage_healed":0.0,"max_hp_gain":5.0,"max_hp_loss":0.0,"gold_gain":0.0,"event_name":"Big Fish","player_choice":"Donut","floor":10.0,"gold_loss":0.0,"damage_taken":0.0},{"cards_removed":["Defend_G"],"damage_healed":0.0,"max_hp_gain":0.0,"max_hp_loss":0.0,"gold_gain":0.0,"event_name":"The Cleric","player_choice":"Card Removal","floor":12.0,"gold_loss":50.0,"damage_taken":0.0},{"damage_healed":0.0,"max_hp_gain":0.0,"max_hp_loss":0.0,"gold_gain":0.0,"event_name":"Cursed Tome","player_choice":"Obtained Book","floor":24.0,"gold_loss":0.0,"damage_taken":16.0},{"damage_healed":0.0,"max_hp_gain":0.0,"max_hp_loss":23.0,"gold_gain":0.0,"event_name":"Vampires","player_choice":"Became a vampire","floor":27.0,"gold_loss":0.0,"damage_taken":0.0,"cards_obtained":["Bite","Bite","Bite","Bite","Bite"]},{"damage_healed":0.0,"max_hp_gain":0.0,"max_hp_loss":0.0,"gold_gain":0.0,"event_name":"Drug Dealer","player_choice":"Obtain J.A.X.","floor":31.0,"gold_loss":0.0,"damage_taken":0.0,"cards_obtained":["J.A.X."]},{"damage_healed":0.0,"max_hp_gain":0.0,"max_hp_loss":0.0,"gold_gain":0.0,"event_name":"MindBloom","player_choice":"Fight","floor":37.0,"gold_loss":0.0,"damage_taken":0.0},{"damage_healed":0.0,"max_hp_gain":0.0,"max_hp_loss":0.0,"gold_gain":0.0,"event_name":"Wheel of Change","player_choice":"Cursed","floor":38.0,"gold_loss":0.0,"damage_taken":0.0,"cards_obtained":["Decay"]},{"damage_healed":0.0,"max_hp_gain":0.0,"max_hp_loss":0.0,"gold_gain":0.0,"event_name":"Mysterious Sphere","player_choice":"Fight","floor":45.0,"gold_loss":0.0,"damage_taken":0.0},{"cards_removed":["Decay"],"damage_healed":0.0,"max_hp_gain":0.0,"max_hp_loss":0.0,"gold_gain":0.0,"event_name":"Purifier","player_choice":"Purged","floor":46.0,"gold_loss":0.0,"damage_taken":0.0},{"cards_removed":["Bite"],"damage_healed":0.0,"max_hp_gain":0.0,"max_hp_loss":0.0,"gold_gain":0.0,"event_name":"Falling","player_choice":"Removed Attack","floor":48.0,"gold_loss":0.0,"damage_taken":0.0}],"is_beta":false,"boss_relics":[{"not_picked":["Orrery","Fusion Hammer"],"picked":"Runic Pyramid"},{"not_picked":["Black Star","Cursed Key"],"picked":"Sozu"}],"items_purged_floors":[20,29,36],"is_endless":false,"potions_floor_spawned":[2,4,5,16,19,22,33,39,41,45],"killed_by":"Donu and Deca","ascension_level":2}