{"gold_per_floor":[118,293,306,306,86,119,48,62,62,76,76,105,135,145,145,145],"floor_reached":16,"playtime":775,"items_purged":["Doubt"],"score":162,"play_id":"07b59a97-1bfe-4419-8194-4da86f8a299c","local_time":"20190224181032","is_ascension_mode":true,"campfire_choices":[{"data":"Entrench","floor":11,"key":"SMITH"},{"data":"Shrug It Off","floor":15,"key":"SMITH"}],"neow_cost":"NONE","seed_source_timestamp":778667445898219,"circlet_count":0,"master_deck":["Strike_R","Strike_R","Strike_R","Strike_R","Defend_R","Defend_R","Defend_R","Defend_R","Bash","Sever Soul","Entrench+1","Shrug It Off+1"],"relics":["Burning Blood","NeowsBlessing","Art of War","Blue Candle","Meat on the Bone","FossilizedHelix"],"potions_floor_usage":[12,16],"damage_taken":[{"damage":0,"enemies":"Jaw Worm","floor":1,"turns":1},{"damage":0,"enemies":"Small Slimes","floor":3,"turns":1},{"damage":0,"enemies":"3 Sentries","floor":6,"turns":2},{"damage":5,"enemies":"Cultist","floor":8,"turns":4},{"damage":7,"enemies":"Looter","floor":10,"turns":3},{"damage":32,"enemies":"Gremlin Nob","floor":12,"turns":4},{"damage":0,"enemies":"Blue Slaver","floor":14,"turns":5},{"damage":76,"enemies":"Hexaghost","floor":16,"turns":15}],"seed_played":"5205696694047388490","potions_obtained":[{"floor":8,"key":"Poison Potion"},{"floor":10,"key":"Weak Potion"},{"floor":14,"key":"FairyPotion"}],"is_trial":false,"path_per_floor":["?","?","M","?"],"character_chosen":"IRONCLAD","items_purchased":["Art of War","Entrench"],"campfire_rested":0,"item_purchase_floors":[5,7],"current_hp_per_floor":[80,80,80,80,80,80,80,80,80,79,79,53,53,59,59,0],"gold":145,"neow_bonus":"THREE_ENEMY_KILL","is_prod":false,"is_daily":false,"chose_seed":false,"campfire_upgraded":2,"win_rate":0,"timestamp":1551028232,"path_taken":["M","?","M","?","$","E","$","M","T","?","R","E","?","M","R","BOSS"],"build_version":"2019-01-23","purchased_purges":1,"victory":false,"max_hp_per_floor":[80,80,80,80,80,80,80,80,80,80,80,80,80,80,80,80],"card_choices":[{"not_picked":["Havoc","Armaments","Warcry"],"picked":"SKIP","floor":1},{"not_picked":["Clash","Iron Wave","Power Through"],"picked":"SKIP","floor":3},{"not_picked":["Pommel Strike","Double Tap","Rupture"],"picked":"SKIP","floor":6},{"not_picked":["Armaments","Intimidate","Rage"],"picked":"SKIP","floor":8},{"not_picked":["Perfected Strike","Armaments","True Grit"],"picked":"SKIP","floor":10},{"not_picked":["Perfected Strike","Feel No Pain"],"picked":"Shrug It Off","floor":12},{"not_picked":["Clash","Armaments","True Grit"],"picked":"SKIP","floor":14}],"player_experience":212305,"relics_obtained":[{"floor":6,"key":"Blue Candle"},{"floor":9,"key":"Meat on the Bone"},{"floor":12,"key":"FossilizedHelix"}],"event_choices":[{"damage_healed":0,"gold_gain":175,"player_choice":"AGREE","damage_taken":0,"max_hp_gain":0,"max_hp_loss":0,"event_name":"Liars Game","floor":2,"gold_loss":0,"cards_obtained":["Doubt"]},{"damage_healed":0,"gold_gain":0,"cards_transformed":["Strike_R"],"player_choice":"Transformed","damage_taken":0,"max_hp_gain":0,"max_hp_loss":0,"event_name":"Transmorgrifier","floor":4,"gold_loss":0,"cards_obtained":["Sever Soul"]},{"damage_healed":0,"gold_gain":30,"player_choice":"Searched \u00271\u0027 times","damage_taken":0,"max_hp_gain":0,"max_hp_loss":0,"event_name":"Dead Adventurer","floor":13,"gold_loss":0}],"is_beta":false,"boss_relics":[],"items_purged_floors":[5],"is_endless":false,"potions_floor_spawned":[8,10,14],"killed_by":"Hexaghost","ascension_level":4}