{"gold_per_floor":[216,291,302,46,46,46,66,66,119,119,132,147,161,178,178,280,280,291,291,310,323,323,341,341,359,359,359,375,429,429,441,441,546,546,560,571,585,0,100,112,112,0,0,14,14,48,48,62,62,62,62,62,62,62],"floor_reached":54,"playtime":4306,"items_purged":["Dualcast","Streamline"],"score":850,"play_id":"12f27e75-e6e1-45ad-b979-f88195a34bed","local_time":"20190215161749","is_ascension_mode":true,"campfire_choices":[{"floor":6,"key":"REST"},{"data":"Apotheosis","floor":8,"key":"SMITH"},{"floor":15,"key":"REST"},{"data":"Zap","floor":24,"key":"SMITH"},{"floor":30,"key":"REST"},{"floor":32,"key":"REST"},{"floor":41,"key":"REST"},{"floor":45,"key":"REST"},{"floor":49,"key":"RECALL"},{"floor":52,"key":"DIG"}],"neow_cost":"NONE","seed_source_timestamp":233761976855528,"circlet_count":0,"master_deck":["Zap+1","Reinforced Body","Apotheosis+1","Glacier","Conserve Battery","Loop","Cold Snap","Reboot","Machine Learning","Chill","Core Surge","Electrodynamics","Barrage","Chill","Core Surge","Reinforced Body","Conserve Battery","Genetic Algorithm+1","Cold Snap","FTL","Core Surge","Capacitor","Force Field","Core Surge","FTL","Conserve Battery","Capacitor","Electrodynamics","Sunder+1","Defragment+1","Metamorphosis"],"relics":["Cracked Core","Dream Catcher","Ancient Tea Set","Pandora\u0027s Box","Bag of Marbles","Omamori","DataDisk","Eternal Feather","Lee\u0027s Waffle","Shovel","Red Mask","Frozen Egg 2","Shuriken"],"potions_floor_usage":[16,16,33,33,33,37,46,46,46,50],"damage_taken":[{"damage":4,"enemies":"2 Louse","floor":1,"turns":3},{"damage":11,"enemies":"Small Slimes","floor":3,"turns":4},{"damage":4,"enemies":"Jaw Worm","floor":7,"turns":4},{"damage":6,"enemies":"3 Louse","floor":11,"turns":4},{"damage":0,"enemies":"Looter","floor":12,"turns":4},{"damage":0,"enemies":"Blue Slaver","floor":13,"turns":4},{"damage":4,"enemies":"Gremlin Gang","floor":14,"turns":6},{"damage":7,"enemies":"The Guardian","floor":16,"turns":11},{"damage":15,"enemies":"2 Thieves","floor":18,"turns":4},{"damage":0,"enemies":"Shell Parasite","floor":20,"turns":5},{"damage":5,"enemies":"Snake Plant","floor":21,"turns":4},{"damage":0,"enemies":"Snecko","floor":23,"turns":6},{"damage":16,"enemies":"Centurion and Healer","floor":25,"turns":5},{"damage":19,"enemies":"Shelled Parasite and Fungi","floor":28,"turns":7},{"damage":14,"enemies":"Snake Plant","floor":31,"turns":4},{"damage":39,"enemies":"Automaton","floor":33,"turns":9},{"damage":0,"enemies":"Orb Walker","floor":35,"turns":6},{"damage":0,"enemies":"3 Shapes","floor":36,"turns":7},{"damage":61,"enemies":"Transient","floor":37,"turns":5},{"damage":20,"enemies":"Mind Bloom Boss Battle","floor":39,"turns":7},{"damage":45,"enemies":"Writhing Mass","floor":40,"turns":8},{"damage":16,"enemies":"Jaw Worm Horde","floor":44,"turns":5},{"damage":56,"enemies":"Nemesis","floor":46,"turns":11},{"damage":12,"enemies":"Spire Growth","floor":48,"turns":5},{"damage":13,"enemies":"Time Eater","floor":50,"turns":13},{"damage":99,"enemies":"Shield and Spear","floor":54,"turns":3}],"seed_played":"-7676676324113213280","potions_obtained":[{"floor":3,"key":"Energy Potion"},{"floor":7,"key":"AttackPotion"},{"floor":12,"key":"Regen Potion"},{"floor":18,"key":"SmokeBomb"},{"floor":20,"key":"Fire Potion"},{"floor":23,"key":"Poison Potion"},{"floor":33,"key":"Ancient Potion"},{"floor":35,"key":"AttackPotion"},{"floor":39,"key":"Ancient Potion"},{"floor":48,"key":"Swift Potion"}],"is_trial":false,"path_per_floor":["M","?","M","$","?","R","M","R","T","?","M","M","M","M","R","B",null,"M","?","M","M","T","M","R","M","T","?","M","T","R","M","R","B",null,"M","M","M","$","?","M","R","?","T","M","R","E","?","M","R","B",null,"R","$","E"],"character_chosen":"DEFECT","items_purchased":["Apotheosis","Force Field","Core Surge","FTL","Lee\u0027s Waffle","PowerPotion"],"campfire_rested":6,"item_purchase_floors":[4,38,38,38,38,38],"current_hp_per_floor":[71,60,49,49,42,64,60,60,60,53,47,47,47,43,65,73,75,60,60,60,55,55,55,55,39,39,64,45,45,67,53,75,36,65,65,65,4,82,62,17,56,56,56,40,79,23,23,11,29,16,66,82,82,0],"gold":62,"neow_bonus":"HUNDRED_GOLD","is_prod":false,"is_daily":false,"chose_seed":false,"campfire_upgraded":2,"win_rate":0,"timestamp":1550269069,"path_taken":["M","?","M","$","?","R","M","R","T","?","M","M","M","M","R","BOSS","M","?","M","M","?","M","R","M","T","?","M","?","R","?","R","BOSS","M","M","?","$","?","M","R","?","T","M","R","E","?","M","R","BOSS","R","$","E"],"build_version":"2019-01-23","purchased_purges":2,"victory":false,"max_hp_per_floor":[75,75,75,75,75,75,75,75,75,75,75,75,75,75,75,75,75,75,75,75,75,75,75,75,75,75,75,75,75,75,75,75,75,75,75,75,75,82,82,82,82,82,82,82,82,82,82,82,82,82,82,82,82,82],"card_choices":[{"not_picked":["Hologram","Ball Lightning","Reprogram"],"picked":"SKIP","floor":1},{"not_picked":["Coolheaded","Melter"],"picked":"Reinforced Body","floor":3},{"not_picked":["Cold Snap","Fusion"],"picked":"Glacier","floor":7},{"not_picked":["Sweeping Beam","Hologram"],"picked":"Streamline","floor":11},{"not_picked":["Doom and Gloom","Turbo"],"picked":"Conserve Battery","floor":12},{"not_picked":["Reinforced Body","Stack"],"picked":"Loop","floor":13},{"not_picked":["Steam","BootSequence"],"picked":"Cold Snap","floor":14},{"not_picked":["Hyperbeam","Thunder Strike"],"picked":"Reboot","floor":16},{"not_picked":["Streamline","Steam","Beam Cell+1"],"picked":"SKIP","floor":18},{"not_picked":["Undo","Compile Driver","Beam Cell"],"picked":"SKIP","floor":20},{"not_picked":["Leap+1","Go for the Eyes"],"picked":"Core Surge","floor":21},{"not_picked":["Go for the Eyes","Heatsinks"],"picked":"Reinforced Body","floor":23},{"not_picked":["Reprogram","Cold Snap"],"picked":"Conserve Battery","floor":25},{"not_picked":["Rip and Tear","Steam"],"picked":"Genetic Algorithm+1","floor":28},{"not_picked":["Hello World","Recycle"],"picked":"Cold Snap","floor":30},{"not_picked":["Stack","Go for the Eyes+1","Barrage+1"],"picked":"SKIP","floor":31},{"not_picked":["Barrage","Steam"],"picked":"FTL","floor":32},{"not_picked":["Fission","Reboot"],"picked":"Core Surge","floor":33},{"not_picked":["Cold Snap","Melter+1"],"picked":"Capacitor","floor":35},{"not_picked":["Turbo+1","Steam Power+1","Barrage+1"],"picked":"SKIP","floor":36},{"not_picked":["Barrage","BootSequence","Hologram+1"],"picked":"SKIP","floor":37},{"not_picked":["Cold Snap","Hologram+1"],"picked":"Conserve Battery","floor":39},{"not_picked":["Cold Snap+1","Ball Lightning"],"picked":"Capacitor","floor":40},{"not_picked":["Compile Driver+1","Blizzard+1"],"picked":"Electrodynamics","floor":41},{"not_picked":["Lockon+1","Go for the Eyes+1"],"picked":"Sunder+1","floor":44},{"not_picked":["Creative AI","Gash"],"picked":"Defragment+1","floor":46},{"not_picked":["Mayhem+1","Purity"],"picked":"Metamorphosis","floor":47},{"not_picked":["Ball Lightning+1","Beam Cell+1","Gash"],"picked":"SKIP","floor":48}],"player_experience":1361530,"relics_obtained":[{"floor":9,"key":"Dream Catcher"},{"floor":22,"key":"Bag of Marbles"},{"floor":26,"key":"Omamori"},{"floor":29,"key":"DataDisk"},{"floor":39,"key":"Shovel"},{"floor":46,"key":"Frozen Egg 2"},{"floor":52,"key":"Shuriken"}],"event_choices":[{"damage_healed":0,"gold_gain":75,"player_choice":"Gather Gold","damage_taken":11,"max_hp_gain":0,"max_hp_loss":0,"event_name":"World of Goop","floor":2,"gold_loss":0},{"cards_removed":["Strike_B"],"damage_healed":0,"gold_gain":0,"player_choice":"Card Removal","damage_taken":7,"max_hp_gain":0,"max_hp_loss":0,"event_name":"Golden Wing","floor":5,"gold_loss":0},{"damage_healed":0,"gold_gain":0,"player_choice":"Success","damage_taken":7,"relics_obtained":["Ancient Tea Set"],"max_hp_gain":0,"max_hp_loss":0,"event_name":"Scrap Ooze","floor":10,"gold_loss":0},{"cards_removed":["Scrape"],"damage_healed":0,"gold_gain":0,"player_choice":"Elegance","damage_taken":0,"max_hp_gain":0,"max_hp_loss":0,"event_name":"Back to Basics","floor":19,"gold_loss":0},{"damage_healed":25,"gold_gain":0,"player_choice":"Heal","damage_taken":0,"max_hp_gain":0,"max_hp_loss":0,"event_name":"The Library","floor":27,"gold_loss":0},{"damage_healed":0,"gold_gain":0,"player_choice":"Fight","damage_taken":0,"max_hp_gain":0,"max_hp_loss":0,"event_name":"MindBloom","floor":39,"gold_loss":0},{"damage_healed":0,"gold_gain":0,"player_choice":"Paid","damage_taken":0,"relics_obtained":["Red Mask"],"max_hp_gain":0,"max_hp_loss":0,"event_name":"Tomb of Lord Red Mask","floor":42,"gold_loss":112},{"damage_healed":0,"gold_gain":0,"player_choice":"Memory 1","damage_taken":0,"max_hp_gain":0,"max_hp_loss":0,"event_name":"SensoryStone","floor":47,"gold_loss":0}],"is_beta":false,"boss_relics":[{"not_picked":["Inserter","Philosopher\u0027s Stone"],"picked":"Pandora\u0027s Box"},{"not_picked":["White Beast Statue","FrozenCore"],"picked":"Eternal Feather"}],"items_purged_floors":[4,38],"is_endless":false,"potions_floor_spawned":[3,7,12,14,18,20,23,28,33,35,39,48],"killed_by":"Shield and Spear","ascension_level":5}