{"gold_per_floor":[114,77,77,252,252,285,305,318,318,335,60,77,109,127,127,202,202,222,222,240,260,260],"floor_reached":22,"playtime":2006,"items_purged":["Pain"],"score":379,"play_id":"12918451-73a8-425f-91a3-fbb204932f90","local_time":"20190227173823","is_ascension_mode":true,"campfire_choices":[{"data":"Seek","floor":15,"key":"SMITH"}],"neow_cost":"NONE","seed_source_timestamp":1028725952465259,"circlet_count":0,"master_deck":["AscendersBane","Strike_B","Strike_B","Defend_B","Defend_B","Defend_B","Defend_B","Zap","Dualcast","Go for the Eyes","Auto Shields","All For One","Doubt","Gash","Genetic Algorithm","FTL","Hologram","Coolheaded","Reprogram","Seek+1","Coolheaded","Echo Form","Beam Cell","Sunder","Hologram","Gash"],"relics":["Cracked Core","NeowsBlessing","WarpedTongs","Mummified Hand","Centennial Puzzle","Blood Vial","Pocketwatch","Black Star"],"potions_floor_usage":[12],"damage_taken":[{"damage":0,"enemies":"Jaw Worm","floor":1,"turns":1},{"damage":0,"enemies":"3 Sentries","floor":6,"turns":1},{"damage":0,"enemies":"Small Slimes","floor":7,"turns":1},{"damage":1,"enemies":"Cultist","floor":8,"turns":5},{"damage":4,"enemies":"Blue Slaver","floor":10,"turns":3},{"damage":0,"enemies":"Gremlin Gang","floor":12,"turns":2},{"damage":5,"enemies":"Lagavulin","floor":13,"turns":7},{"damage":0,"enemies":"Exordium Thugs","floor":14,"turns":5},{"damage":30,"enemies":"The Guardian","floor":16,"turns":11},{"damage":8,"enemies":"3 Byrds","floor":18,"turns":5},{"damage":7,"enemies":"Shell Parasite","floor":20,"turns":5},{"damage":42,"enemies":"Snecko","floor":21,"turns":7},{"damage":13,"enemies":"Shelled Parasite and Fungi","floor":22,"turns":1}],"seed_played":"-4714947210562290214","potions_obtained":[{"floor":6,"key":"FairyPotion"},{"floor":7,"key":"SpeedPotion"},{"floor":10,"key":"PowerPotion"},{"floor":12,"key":"Strength Potion"}],"is_trial":false,"path_per_floor":["M","$","?","?","?","E","M","M","T","M","$","M","E","M","R","B",null,"M","?","M","M","M"],"character_chosen":"DEFECT","items_purchased":["Auto Shields","Coolheaded","Blood Vial"],"campfire_rested":0,"item_purchase_floors":[2,11,11],"current_hp_per_floor":[64,64,64,64,64,64,64,63,63,59,59,61,58,60,60,32,61,55,55,50,10,0],"gold":260,"neow_bonus":"THREE_ENEMY_KILL","is_prod":false,"is_daily":false,"chose_seed":false,"campfire_upgraded":1,"win_rate":0,"timestamp":1551267503,"path_taken":["M","$","?","?","?","E","M","M","T","?","$","M","E","M","R","BOSS","M","?","M","?","?"],"build_version":"2019-01-23","purchased_purges":1,"victory":false,"max_hp_per_floor":[71,71,71,71,71,71,71,71,71,71,71,71,71,71,71,71,71,71,71,71,71,71],"card_choices":[{"not_picked":["Ball Lightning","Double Energy"],"picked":"Go for the Eyes","floor":1},{"not_picked":["Barrage","Thunder Strike"],"picked":"Gash","floor":6},{"not_picked":["Compile Driver","Sweeping Beam"],"picked":"Genetic Algorithm","floor":7},{"not_picked":["Static Discharge","Hologram"],"picked":"FTL","floor":8},{"not_picked":["Genetic Algorithm","Core Surge"],"picked":"Hologram","floor":10},{"not_picked":["Rebound","Compile Driver"],"picked":"Reprogram","floor":12},{"not_picked":["Compile Driver","Hologram"],"picked":"Seek","floor":13},{"not_picked":["Tempest","Barrage"],"picked":"Coolheaded","floor":14},{"not_picked":["Meteor Strike","Thunder Strike"],"picked":"Echo Form","floor":16},{"not_picked":["Leap","Melter"],"picked":"Beam Cell","floor":18},{"not_picked":["Chaos","Beam Cell"],"picked":"Hologram","floor":20},{"not_picked":["Barrage","Conserve Battery"],"picked":"Gash","floor":21}],"player_experience":902737,"relics_obtained":[{"floor":6,"key":"Mummified Hand"},{"floor":9,"key":"Centennial Puzzle"},{"floor":13,"key":"Pocketwatch"}],"event_choices":[{"damage_healed":0,"gold_gain":0,"cards_transformed":["Strike_B"],"player_choice":"Change","damage_taken":0,"max_hp_gain":0,"max_hp_loss":0,"event_name":"Living Wall","floor":3,"gold_loss":0,"cards_obtained":["All For One"]},{"damage_healed":0,"gold_gain":175,"player_choice":"AGREE","damage_taken":0,"max_hp_gain":0,"max_hp_loss":0,"event_name":"Liars Game","floor":4,"gold_loss":0,"cards_obtained":["Doubt"]},{"damage_healed":0,"gold_gain":0,"player_choice":"Rummage","damage_taken":0,"relics_obtained":["WarpedTongs"],"max_hp_gain":0,"max_hp_loss":0,"event_name":"Accursed Blacksmith","floor":5,"gold_loss":0,"cards_obtained":["Pain"]},{"damage_healed":0,"gold_gain":0,"cards_transformed":["Strike_B"],"player_choice":"Transformed","damage_taken":0,"max_hp_gain":0,"max_hp_loss":0,"event_name":"Transmorgrifier","floor":19,"gold_loss":0,"cards_obtained":["Sunder"]}],"is_beta":false,"boss_relics":[{"not_picked":["Runic Dome","Calling Bell"],"picked":"Black Star"}],"items_purged_floors":[11],"is_endless":false,"potions_floor_spawned":[6,7,10,12,13,20,21],"killed_by":"Shelled Parasite and Fungi","ascension_level":14}