{"gold_per_floor":[111,128,228,72,90,120,120,152,178,208,227,227,245,245,245,245],"floor_reached":16,"playtime":652,"items_purged":["Strike_B"],"score":144,"play_id":"a8f8f5b6-a82f-4e67-ba00-8823ab89cd38","local_time":"20190105211005","is_ascension_mode":true,"campfire_choices":[{"data":"Zap","floor":7,"key":"SMITH"},{"data":"Double Energy","floor":12,"key":"SMITH"},{"floor":15,"key":"REST"}],"neow_cost":"NONE","seed_source_timestamp":64453333447600,"circlet_count":0,"master_deck":["Strike_B","Strike_B","Defend_B","Defend_B","Defend_B","Defend_B","Zap+1","Dualcast","Conserve Battery","Go for the Eyes","Defragment","Glacier","Melter","Undo","Double Energy+1","Fusion","Rip and Tear"],"relics":["Cracked Core","Ancient Tea Set","PreservedInsect","Centennial Puzzle","Vajra"],"potions_floor_usage":[6],"damage_taken":[{"damage":2,"enemies":"Jaw Worm","floor":1,"turns":3},{"damage":0,"enemies":"Cultist","floor":2,"turns":4},{"damage":0,"enemies":"2 Louse","floor":5,"turns":2},{"damage":19,"enemies":"Gremlin Nob","floor":6,"turns":5},{"damage":13,"enemies":"Lagavulin","floor":8,"turns":12},{"damage":6,"enemies":"Gremlin Nob","floor":10,"turns":3},{"damage":0,"enemies":"2 Fungi Beasts","floor":11,"turns":3},{"damage":15,"enemies":"Gremlin Gang","floor":13,"turns":5},{"damage":55,"enemies":"Hexaghost","floor":16,"turns":16}],"seed_played":"349040182745694645","potions_obtained":[{"floor":1,"key":"FocusPotion"},{"floor":6,"key":"FearPotion"},{"floor":10,"key":"Energy Potion"},{"floor":11,"key":"EssenceOfSteel"}],"is_trial":false,"path_per_floor":["M","M","?","$","M","E","R","E","T","E","M","R","M","?","R","B"],"character_chosen":"DEFECT","items_purchased":["Defragment"],"campfire_rested":1,"item_purchase_floors":[4],"current_hp_per_floor":[80,80,80,80,80,61,61,48,48,42,42,42,27,27,51,0],"gold":245,"neow_bonus":"TEN_PERCENT_HP_BONUS","is_prod":false,"is_daily":false,"chose_seed":false,"campfire_upgraded":2,"win_rate":0,"timestamp":1546693805,"path_taken":["M","M","?","$","M","E","R","E","T","E","?","R","?","?","R","BOSS"],"build_version":"2019-01-03v4","purchased_purges":1,"victory":false,"max_hp_per_floor":[82,82,82,82,82,82,82,82,82,82,82,82,82,82,82,82],"card_choices":[{"not_picked":["Fusion","Gash"],"picked":"Conserve Battery","floor":1},{"not_picked":["Redo","Conserve Battery"],"picked":"Go for the Eyes","floor":2},{"not_picked":["Defragment","Rebound"],"picked":"Glacier","floor":5},{"not_picked":["Steam Power","Chaos","Barrage"],"picked":"SKIP","floor":6},{"not_picked":["Streamline","FTL"],"picked":"Melter","floor":8},{"not_picked":["Redo","Compile Driver"],"picked":"Undo","floor":10},{"not_picked":["Chill","Barrage"],"picked":"Double Energy","floor":11},{"not_picked":["Beam Cell","Chill"],"picked":"Fusion","floor":13}],"player_experience":576799,"relics_obtained":[{"floor":6,"key":"Ancient Tea Set"},{"floor":8,"key":"PreservedInsect"},{"floor":9,"key":"Centennial Puzzle"},{"floor":10,"key":"Vajra"}],"event_choices":[{"damage_healed":0,"gold_gain":100,"player_choice":"Gold","damage_taken":0,"max_hp_gain":0,"max_hp_loss":0,"event_name":"Wheel of Change","floor":3,"gold_loss":0},{"damage_healed":0,"gold_gain":0,"cards_transformed":["Strike_B"],"player_choice":"Change","damage_taken":0,"max_hp_gain":0,"max_hp_loss":0,"event_name":"Living Wall","floor":14,"gold_loss":0,"cards_obtained":["Rip and Tear"]}],"is_beta":false,"boss_relics":[],"items_purged_floors":[4],"is_endless":false,"potions_floor_spawned":[1,6,10,11],"killed_by":"Hexaghost","ascension_level":4}