{"gold_per_floor":[115,115,115,115,128,141,41,73,73,73,103,103,103,115,115,211,211,221,221,236,249,149,178,178,189,189,189,201,76,76,94,94,94],"floor_reached":33,"playtime":1008,"items_purged":["Defend_B","Parasite","Strike_B"],"score":330,"play_id":"8433a35f-de9f-4722-afb0-bb1f6bda73ba","local_time":"20180730194742","is_ascension_mode":true,"campfire_choices":[{"data":"Zap","floor":10,"key":"SMITH"},{"floor":13,"key":"REST"},{"data":"Redo","floor":15,"key":"SMITH"},{"floor":24,"key":"REST"},{"floor":27,"key":"REST"},{"data":"Buffer","floor":32,"key":"SMITH"}],"neow_cost":"NONE","seed_source_timestamp":1126692027291494,"circlet_count":0,"master_deck":["Strike_B","Strike_B+1","Strike_B+1","Defend_B","Zap+1","Dualcast","Sunder","Barrage","Go for the Eyes","Ball Lightning","Coolheaded","Conserve Battery","Buffer+1","Redo+1","Thunder Strike","Conserve Battery","Ball Lightning+1","Defragment+1","Seek","Clumsy"],"relics":["Cracked Core","NeowsBlessing","Mercury Hourglass","Art of War","Mummified Hand","Cursed Key","Bottled Flame","Gambling Chip","Meat on the Bone"],"potions_floor_usage":[23,23,33,33],"damage_taken":[{"damage":0,"enemies":"Jaw Worm","floor":1,"turns":1},{"damage":0,"enemies":"Small Slimes","floor":5,"turns":1},{"damage":0,"enemies":"2 Louse","floor":6,"turns":1},{"damage":18,"enemies":"3 Sentries","floor":8,"turns":5},{"damage":16,"enemies":"Gremlin Nob","floor":11,"turns":3},{"damage":0,"enemies":"2 Fungi Beasts","floor":14,"turns":1},{"damage":27,"enemies":"Hexaghost","floor":16,"turns":9},{"damage":15,"enemies":"Shell Parasite","floor":18,"turns":3},{"damage":4,"enemies":"Spheric Guardian","floor":20,"turns":3},{"damage":28,"enemies":"Cultist and Chosen","floor":21,"turns":5},{"damage":22,"enemies":"Slavers","floor":23,"turns":4},{"damage":9,"enemies":"Centurion and Healer","floor":25,"turns":3},{"damage":4,"enemies":"Snecko","floor":28,"turns":4},{"damage":10,"enemies":"3 Cultists","floor":31,"turns":4},{"damage":54,"enemies":"Collector","floor":33,"turns":6}],"seed_played":"1341133739156028847","potions_obtained":[{"floor":6,"key":"SkillPotion"},{"floor":11,"key":"FearPotion"},{"floor":21,"key":"FearPotion"},{"floor":25,"key":"Explosive Potion"}],"is_trial":false,"path_per_floor":["M","?","?","?","M","M","$","E","T","R","E","?","R","M","R","B",null,"M","T","M","M","$","E","R","M","T","R","M","$","?","M","R"],"character_chosen":"DEFECT","items_purchased":["Coolheaded"],"campfire_rested":3,"item_purchase_floors":[7],"current_hp_per_floor":[75,75,80,73,73,73,73,55,55,55,39,23,47,47,47,20,80,65,65,61,33,33,11,34,25,25,48,44,44,44,46,46,0],"gold":94,"neow_bonus":"THREE_ENEMY_KILL","is_prod":false,"is_daily":false,"chose_seed":false,"campfire_upgraded":3,"win_rate":0,"timestamp":1532951262,"path_taken":["M","?","?","?","?","M","?","E","T","R","E","?","R","M","R","BOSS","M","?","M","?","?","E","R","?","T","R","M","$","?","M","R","BOSS"],"build_version":"2018-07-26","purchased_purges":3,"victory":false,"max_hp_per_floor":[75,75,80,80,80,80,80,80,80,80,80,80,80,80,80,80,80,80,80,80,80,77,77,77,77,77,77,77,77,77,77,77,77],"card_choices":[{"not_picked":["Go for the Eyes","Skim"],"picked":"Sunder","floor":1},{"not_picked":["Conserve Battery","Fusion"],"picked":"Go for the Eyes","floor":5},{"not_picked":["Conserve Battery","Sweeping Beam"],"picked":"Ball Lightning","floor":6},{"not_picked":["Steam","Ball Lightning"],"picked":"Conserve Battery","floor":8},{"not_picked":["Gash","Conserve Battery"],"picked":"Buffer","floor":11},{"not_picked":["Compile Driver","Sunder"],"picked":"Redo","floor":14},{"not_picked":["Buffer","Creative AI"],"picked":"Thunder Strike","floor":16},{"not_picked":["Conserve Battery+1","Chaos","Stack"],"picked":"SKIP","floor":18},{"not_picked":["Sunder+1","Melter"],"picked":"Conserve Battery","floor":20},{"not_picked":["Steam","Genetic Algorithm+1"],"picked":"Ball Lightning+1","floor":21},{"not_picked":["Streamline","Redo"],"picked":"Defragment+1","floor":23},{"not_picked":["Melter","Aggregate"],"picked":"Seek","floor":25},{"not_picked":["Redo","Compile Driver","Conserve Battery+1"],"picked":"SKIP","floor":28},{"not_picked":["Compile Driver+1","Undo","Doom and Gloom"],"picked":"SKIP","floor":31}],"player_experience":479423,"relics_obtained":[{"floor":8,"key":"Mercury Hourglass"},{"floor":9,"key":"Art of War"},{"floor":11,"key":"Mummified Hand"},{"floor":19,"key":"Bottled Flame"},{"floor":23,"key":"Gambling Chip"},{"floor":26,"key":"Meat on the Bone"}],"event_choices":[{"event_name":"Living Wall","player_choice":"Change","floor":2,"damage_taken":0},{"event_name":"Big Fish","player_choice":"Donut","floor":3,"damage_taken":0},{"event_name":"Golden Wing","player_choice":"Card Removal","floor":4,"damage_taken":0},{"event_name":"Shining Light","player_choice":"Entered Light","floor":12,"damage_taken":0},{"event_name":"Vampires","player_choice":"Ignored","floor":30,"damage_taken":0}],"is_beta":false,"boss_relics":[{"not_picked":["Orrery","Empty Cage"],"picked":"Cursed Key"}],"items_purged_floors":[7,22,29],"is_endless":false,"potions_floor_spawned":[6,11,21,25],"killed_by":"Collector","ascension_level":4}