{"gold_per_floor":[117,128,143,68,85,85,95,95,118,135,135,135,153,206,206,306,306,325,335,335,46,64,64,91,91],"floor_reached":25,"playtime":2230,"items_purged":["Strike_R","Strike_R"],"score":215,"play_id":"533c0465-f797-4c1b-862c-438ec37da5fc","local_time":"20180801092804","is_ascension_mode":false,"campfire_choices":[{"data":"Bash","floor":6,"key":"SMITH"},{"data":"Reaper","floor":8,"key":"SMITH"},{"data":"Thunderclap","floor":11,"key":"SMITH"},{"floor":15,"key":"REST"},{"data":"Double Tap","floor":23,"key":"SMITH"}],"neow_cost":"TEN_PERCENT_HP_LOSS","seed_source_timestamp":433883790942897,"circlet_count":0,"master_deck":["Strike_R","Defend_R","Defend_R","Defend_R","Defend_R","Bash+1","Clothesline","Flex+1","Flex","Pummel","Reaper+1","Thunderclap+1","Headbutt","Double Tap+1","Uppercut","Twin Strike","Master of Strategy","Warcry","Headbutt"],"relics":["Burning Blood","Omamori","Black Star","Ancient Tea Set","Strawberry"],"potions_floor_usage":[5,5,13,16,16,16,22,24,24,25],"damage_taken":[{"damage":1,"enemies":"Cultist","floor":1,"turns":4},{"damage":8,"enemies":"2 Louse","floor":2,"turns":3},{"damage":0,"enemies":"Small Slimes","floor":3,"turns":3},{"damage":9,"enemies":"3 Louse","floor":5,"turns":3},{"damage":6,"enemies":"Blue Slaver","floor":7,"turns":4},{"damage":12,"enemies":"Looter","floor":10,"turns":3},{"damage":14,"enemies":"Red Slaver","floor":13,"turns":3},{"damage":42,"enemies":"Hexaghost","floor":16,"turns":8},{"damage":32,"enemies":"Shell Parasite","floor":18,"turns":8},{"damage":15,"enemies":"Chosen","floor":19,"turns":5},{"damage":9,"enemies":"Snake Plant","floor":22,"turns":4},{"damage":98,"enemies":"Gremlin Leader","floor":24,"turns":8},{"damage":39,"enemies":"Centurion and Healer","floor":25,"turns":4}],"seed_played":"-7415955992465754832","potions_obtained":[{"floor":3,"key":"EntropicBrew"},{"floor":7,"key":"AttackPotion"},{"floor":13,"key":"GamblersBrew"},{"floor":16,"key":"Block Potion"},{"floor":18,"key":"Strength Potion"},{"floor":19,"key":"PowerPotion"},{"floor":22,"key":"SpeedPotion"}],"is_trial":false,"path_per_floor":["M","M","M","$","M","R","M","R","T","M","R","?","M","?","R","B",null,"M","M","?","$","M","R","E"],"character_chosen":"IRONCLAD","items_purchased":["Master of Strategy"],"campfire_rested":1,"item_purchase_floors":[21],"current_hp_per_floor":[72,70,72,72,69,69,69,69,69,63,63,63,55,55,72,52,72,46,44,68,68,65,65,16,0],"gold":91,"neow_bonus":"REMOVE_TWO","is_prod":false,"is_daily":false,"chose_seed":false,"campfire_upgraded":4,"win_rate":0,"timestamp":1533140884,"path_taken":["M","M","?","$","M","R","M","R","T","M","R","?","M","?","R","BOSS","M","M","?","$","M","R","E","M"],"build_version":"2018-07-26","purchased_purges":2,"victory":false,"max_hp_per_floor":[72,72,72,72,72,72,72,72,72,72,72,72,72,72,72,72,72,72,72,72,72,72,72,79,79],"card_choices":[{"not_picked":["Body Slam","Combust"],"picked":"Clothesline","floor":1},{"not_picked":["Combust","Heavy Blade"],"picked":"Flex","floor":2},{"not_picked":["True Grit","Body Slam"],"picked":"Flex","floor":3},{"not_picked":["Inflame","Flex"],"picked":"Pummel","floor":5},{"not_picked":["Searing Blow","Sever Soul"],"picked":"Reaper","floor":7},{"not_picked":["Whirlwind","Bloodletting"],"picked":"Thunderclap","floor":10},{"not_picked":["Twin Strike","Second Wind"],"picked":"Headbutt","floor":13},{"not_picked":["Feed","Dark Embrace"],"picked":"Double Tap","floor":16},{"not_picked":["Carnage+1","Intimidate"],"picked":"Uppercut","floor":18},{"not_picked":["Shrug It Off","Heavy Blade"],"picked":"Twin Strike","floor":19},{"not_picked":["Flex+1","Juggernaut"],"picked":"Warcry","floor":22},{"not_picked":["Heavy Blade","Perfected Strike"],"picked":"Headbutt","floor":24}],"player_experience":22299,"relics_obtained":[{"floor":9,"key":"Omamori"},{"floor":24,"key":"Ancient Tea Set"},{"floor":24,"key":"Strawberry"}],"event_choices":[{"event_name":"Living Wall","player_choice":"Grow","floor":12,"damage_taken":0},{"event_name":"Golden Wing","player_choice":"Gained Gold","floor":14,"damage_taken":0},{"event_name":"The Library","player_choice":"Heal","floor":20,"damage_taken":0}],"is_beta":false,"boss_relics":[{"not_picked":["Astrolabe","Snecko Eye"],"picked":"Black Star"}],"items_purged_floors":[4,21],"is_endless":false,"potions_floor_spawned":[3,7,13,16,18,19,22],"killed_by":"Centurion and Healer","ascension_level":0}