{"gold_per_floor":[116,134,154,174,106,133,147,158,183,198,212,228,248,258,258,356,356,372,171,187,197],"floor_reached":21,"playtime":1511,"items_purged":["Strike_R"],"score":193,"play_id":"33fe84c9-5990-46f1-bcd1-8703f513dc1e","local_time":"20180925073705","is_ascension_mode":false,"campfire_choices":[{"floor":15,"key":"REST"}],"neow_cost":"","seed_source_timestamp":603997921732494,"circlet_count":0,"master_deck":["Strike_R","Strike_R","Strike_R","Strike_R","Defend_R","Defend_R","Defend_R","Defend_R","Bash","Uppercut","Headbutt","Seeing Red","Spot Weakness","Inflame","Bludgeon","Anger","Rampage","Offering","True Grit","Ghostly Armor","Reckless Charge","Limit Break","Dark Embrace","Seeing Red","Shrug It Off","Limit Break","Carnage","Clothesline"],"relics":["Burning Blood","Pen Nib","Juzu Bracelet","Cursed Key"],"potions_floor_usage":[7,11],"damage_taken":[{"damage":6,"enemies":"Cultist","floor":1,"turns":3},{"damage":5,"enemies":"Jaw Worm","floor":2,"turns":3},{"damage":0,"enemies":"Small Slimes","floor":3,"turns":2},{"damage":39,"enemies":"Gremlin Gang","floor":4,"turns":6},{"damage":31,"enemies":"Lagavulin","floor":6,"turns":5},{"damage":21,"enemies":"3 Louse","floor":7,"turns":5},{"damage":10,"enemies":"Looter","floor":8,"turns":3},{"damage":14,"enemies":"Exordium Thugs","floor":10,"turns":3},{"damage":7,"enemies":"3 Louse","floor":11,"turns":4},{"damage":6,"enemies":"2 Fungi Beasts","floor":12,"turns":2},{"damage":7,"enemies":"Large Slime","floor":13,"turns":3},{"damage":10,"enemies":"Looter","floor":14,"turns":4},{"damage":35,"enemies":"Hexaghost","floor":16,"turns":7},{"damage":13,"enemies":"Shell Parasite","floor":18,"turns":3},{"damage":25,"enemies":"Spheric Guardian","floor":20,"turns":4},{"damage":12,"enemies":"Chosen and Byrds","floor":21,"turns":4}],"seed_played":"-4137594654105334100","potions_obtained":[{"floor":1,"key":"LiquidBronze"},{"floor":3,"key":"Swift Potion"},{"floor":6,"key":"Regen Potion"},{"floor":8,"key":"Regen Potion"},{"floor":10,"key":"Energy Potion"},{"floor":18,"key":"EssenceOfSteel"},{"floor":20,"key":"Strength Potion"}],"is_trial":false,"path_per_floor":["M","M","M","M","$","E","M","M","T","M","M","M","M","M","R","B",null,"M","$","M"],"character_chosen":"IRONCLAD","items_purchased":["Inflame","Shrug It Off","Limit Break"],"campfire_rested":1,"item_purchase_floors":[5,19,19],"current_hp_per_floor":[80,80,80,47,47,22,21,17,17,9,20,20,19,15,39,10,80,73,73,54,48],"gold":197,"neow_bonus":"","is_prod":false,"is_daily":false,"chose_seed":false,"campfire_upgraded":0,"win_rate":0.0,"timestamp":1537835825,"path_taken":["M","M","M","?","$","E","M","M","T","M","M","M","M","M","R","BOSS","M","$","M","M"],"build_version":"2018-09-20","purchased_purges":1,"victory":false,"max_hp_per_floor":[80,80,80,80,80,80,80,80,80,80,80,80,80,80,80,80,80,80,80,80,80],"card_choices":[{"not_picked":["Cleave","Body Slam"],"picked":"Uppercut","floor":1},{"not_picked":["Cleave","Iron Wave"],"picked":"Headbutt","floor":2},{"not_picked":["Anger","Sword Boomerang"],"picked":"Seeing Red","floor":3},{"not_picked":["Anger","Perfected Strike"],"picked":"Spot Weakness","floor":4},{"not_picked":["Headbutt","Shrug It Off"],"picked":"Bludgeon","floor":6},{"not_picked":["Iron Wave","Sword Boomerang"],"picked":"Anger","floor":7},{"not_picked":["True Grit","Heavy Blade"],"picked":"Rampage","floor":8},{"not_picked":["Flex","Heavy Blade"],"picked":"Offering","floor":10},{"not_picked":["Blood for Blood","Rampage"],"picked":"True Grit","floor":11},{"not_picked":["Whirlwind","Pommel Strike"],"picked":"Ghostly Armor","floor":12},{"not_picked":["Cleave","Perfected Strike"],"picked":"Reckless Charge","floor":13},{"not_picked":["Thunderclap","Power Through"],"picked":"Limit Break","floor":14},{"not_picked":["Barricade","Bludgeon"],"picked":"Dark Embrace","floor":16},{"not_picked":["Headbutt","True Grit"],"picked":"Seeing Red","floor":18},{"not_picked":["Twin Strike","Armaments"],"picked":"Carnage","floor":20},{"not_picked":["Thunderclap","Heavy Blade"],"picked":"Clothesline","floor":21}],"player_experience":120407,"relics_obtained":[{"floor":6,"key":"Pen Nib"},{"floor":9,"key":"Juzu Bracelet"}],"event_choices":[],"is_beta":false,"boss_relics":[{"not_picked":["Astrolabe","Black Blood"],"picked":"Cursed Key"}],"items_purged_floors":[19],"is_endless":false,"potions_floor_spawned":[1,3,6,8,10,18,20],"killed_by":"Chosen and Byrds","ascension_level":0}