{"gold_per_floor":[116,116,38,51,51,51,83,97,97,97,122,122,133,5,5,104,104,122,82,96,96,116,116,116,116,196,223,238,238,267,287,287,391,391,405,419,429,443,193,193,222,222,248,248,278,278,312,8,8,8],"floor_reached":51,"playtime":4413,"items_purged":["Strike_R","Strike_R"],"score":819,"play_id":"6a5ac869-bf27-4818-b0d9-9a4ae626a8be","local_time":"20181023181042","is_ascension_mode":true,"campfire_choices":[{"floor":6,"key":"REST"},{"data":"Rage","floor":10,"key":"SMITH"},{"floor":12,"key":"REST"},{"data":"Demon Form","floor":15,"key":"SMITH"},{"data":"Pummel","floor":23,"key":"SMITH"},{"floor":25,"key":"REST"},{"floor":29,"key":"REST"},{"floor":32,"key":"REST"},{"floor":40,"key":"REST"},{"data":"Limit Break","floor":42,"key":"SMITH"},{"data":"Flex","floor":44,"key":"SMITH"},{"data":"Battle Trance","floor":46,"key":"SMITH"},{"data":"Entrench","floor":49,"key":"SMITH"}],"neow_cost":"PERCENT_DAMAGE","seed_source_timestamp":0,"circlet_count":0,"master_deck":["Strike_R+1","Strike_R","Strike_R+1","Defend_R","Defend_R+1","Defend_R+1","Bash","Double Tap","Shockwave","Rage+1","Shrug It Off+1","Uppercut","Inflame","Pummel+1","Demon Form+1","Flex+1","Double Tap","Ghostly Armor+1","Pommel Strike+1","Writhe","Twin Strike","Thunderclap+1","Battle Trance+1","Seeing Red","Shrug It Off+1","Limit Break+1","Iron Wave","Metallicize+1","Armaments+1","Parasite","Heavy Blade+1","Inflame","Combust+1","Injury","Juggernaut","Entrench+1"],"special_seed":0,"relics":["Burning Blood","Champion Belt","Mummified Hand","Dream Catcher","Mark of Pain","Strawberry","Pantograph","Ancient Tea Set","Shuriken","Cursed Key","Matryoshka","Red Skull","PreservedInsect","Regal Pillow","War Paint","Lee\u0027s Waffle"],"potions_floor_usage":[7,7,11,16,20,21,27,28,30,31,38,41,45,47,47,50],"damage_taken":[{"damage":7,"enemies":"2 Louse","floor":1,"turns":3},{"damage":3,"enemies":"Small Slimes","floor":4,"turns":3},{"damage":11,"enemies":"Lagavulin","floor":7,"turns":5},{"damage":2,"enemies":"Jaw Worm","floor":8,"turns":2},{"damage":20,"enemies":"3 Sentries","floor":11,"turns":8},{"damage":2,"enemies":"Looter","floor":13,"turns":4},{"damage":30,"enemies":"Hexaghost","floor":16,"turns":5},{"damage":1,"enemies":"Chosen","floor":18,"turns":2},{"damage":43,"enemies":"Spheric Guardian","floor":20,"turns":6},{"damage":8,"enemies":"Colosseum Slavers","floor":21,"turns":3},{"damage":13,"enemies":"Cultist and Chosen","floor":22,"turns":6},{"damage":42,"enemies":"Slavers","floor":27,"turns":5},{"damage":29,"enemies":"Centurion and Healer","floor":28,"turns":5},{"damage":58,"enemies":"Gremlin Leader","floor":30,"turns":7},{"damage":9,"enemies":"Snake Plant","floor":31,"turns":3},{"damage":31,"enemies":"Champ","floor":33,"turns":7},{"damage":10,"enemies":"3 Shapes","floor":35,"turns":4},{"damage":0,"enemies":"Orb Walker","floor":36,"turns":3},{"damage":30,"enemies":"3 Darklings","floor":37,"turns":9},{"damage":6,"enemies":"Writhing Mass","floor":38,"turns":5},{"damage":21,"enemies":"Giant Head","floor":41,"turns":7},{"damage":9,"enemies":"Reptomancer","floor":45,"turns":5},{"damage":42,"enemies":"Nemesis","floor":47,"turns":5},{"damage":56,"enemies":"Time Eater","floor":50,"turns":8}],"seed_played":"5759854868826531870","potions_obtained":[{"floor":1,"key":"EntropicBrew"},{"floor":7,"key":"SkillPotion"},{"floor":13,"key":"BloodPotion"},{"floor":18,"key":"SkillPotion"},{"floor":22,"key":"LiquidBronze"},{"floor":28,"key":"Regen Potion"},{"floor":30,"key":"EssenceOfSteel"},{"floor":35,"key":"EssenceOfSteel"},{"floor":38,"key":"AttackPotion"},{"floor":41,"key":"GamblersBrew"},{"floor":45,"key":"Block Potion"}],"is_trial":false,"path_per_floor":["M","?","$","M","?","R","E","M","T","R","E","R","M","$","R","B",null,"M","?","M","?","M","R","?","R","T","E","M","R","E","M","R","B",null,"M","M","M","M","$","R","E","R","T","R","E","R","E","$","R","B"],"character_chosen":"IRONCLAD","items_purchased":["Rage","Flex","Inflame","EssenceOfSteel","Lee\u0027s Waffle","Block Potion","Poison Potion"],"campfire_rested":6,"item_purchase_floors":[3,14,39,39,48,48,48],"current_hp_per_floor":[55,39,39,42,35,59,54,58,58,58,44,68,72,72,72,61,80,80,80,43,49,42,42,49,75,75,39,24,50,13,10,36,36,87,83,87,63,63,63,87,72,72,72,72,69,69,33,94,94,44],"gold":8,"neow_bonus":"THREE_RARE_CARDS","is_prod":false,"is_daily":false,"chose_seed":false,"campfire_upgraded":7,"win_rate":0,"timestamp":1540343442,"path_taken":["M","?","$","M","?","R","E","?","T","R","E","R","M","$","R","BOSS","M","?","M","?","M","R","?","R","T","E","M","R","E","?","R","BOSS","M","M","M","M","$","R","E","R","T","R","E","R","E","$","R","BOSS"],"build_version":"2018-10-18","purchased_purges":2,"victory":true,"max_hp_per_floor":[80,80,80,80,80,80,80,80,80,80,80,80,80,80,80,80,80,80,80,80,80,80,80,87,87,87,87,87,87,87,87,87,87,87,87,87,87,87,87,87,87,87,87,87,87,87,87,94,94,94],"card_choices":[{"not_picked":["Feed","Bludgeon"],"picked":"Double Tap","floor":0},{"not_picked":["Flame Barrier","Power Through"],"picked":"Shockwave","floor":1},{"not_picked":["Clash","Fire Breathing"],"picked":"Shrug It Off","floor":4},{"not_picked":["Sword Boomerang","Twin Strike"],"picked":"Uppercut","floor":7},{"not_picked":["Clash","Thunderclap","Sword Boomerang"],"picked":"SKIP","floor":8},{"not_picked":["Heavy Blade","Anger"],"picked":"Inflame","floor":11},{"not_picked":["Warcry","Perfected Strike"],"picked":"Pummel","floor":12},{"not_picked":["Shrug It Off","Sword Boomerang"],"picked":"Demon Form","floor":13},{"not_picked":["Reaper","Brutality"],"picked":"Double Tap","floor":16},{"not_picked":["Clothesline","Cleave"],"picked":"Ghostly Armor+1","floor":18},{"not_picked":["Cleave","Thunderclap"],"picked":"Pommel Strike+1","floor":20},{"not_picked":["Wild Strike+1","Perfected Strike+1","Sever Soul"],"picked":"SKIP","floor":22},{"not_picked":["Double Tap","Warcry"],"picked":"Twin Strike","floor":25},{"not_picked":["Body Slam+1","Wild Strike+1"],"picked":"Thunderclap+1","floor":27},{"not_picked":["Fire Breathing","Blood for Blood+1"],"picked":"Battle Trance","floor":28},{"not_picked":["Pommel Strike+1","Perfected Strike"],"picked":"Seeing Red","floor":30},{"not_picked":["Infernal Blade","Twin Strike","Dual Wield"],"picked":"SKIP","floor":31},{"not_picked":["Body Slam","Double Tap"],"picked":"Shrug It Off","floor":32},{"not_picked":["Fiend Fire","Dark Embrace"],"picked":"Limit Break","floor":33},{"not_picked":["Burning Pact","Perfected Strike+1"],"picked":"Iron Wave","floor":35},{"not_picked":["Power Through+1","Body Slam"],"picked":"Metallicize+1","floor":36},{"not_picked":["Dropkick+1","Searing Blow"],"picked":"Armaments+1","floor":37},{"not_picked":["Dual Wield","Blood for Blood"],"picked":"Heavy Blade+1","floor":38},{"not_picked":["Wild Strike+1","Bloodletting+1"],"picked":"Combust+1","floor":40},{"not_picked":["Warcry+1","Searing Blow+1","True Grit"],"picked":"SKIP","floor":41},{"not_picked":["Thunderclap","Twin Strike"],"picked":"Juggernaut","floor":45},{"not_picked":["Combust","Pommel Strike"],"picked":"Entrench","floor":47}],"player_experience":85669,"relics_obtained":[{"floor":7,"key":"Champion Belt"},{"floor":9,"key":"Mummified Hand"},{"floor":11,"key":"Dream Catcher"},{"floor":26,"key":"Pantograph"},{"floor":27,"key":"Ancient Tea Set"},{"floor":30,"key":"Shuriken"},{"floor":41,"key":"Matryoshka"},{"floor":43,"key":"Red Skull"},{"floor":43,"key":"PreservedInsect"},{"floor":45,"key":"Regal Pillow"},{"floor":47,"key":"War Paint"}],"event_choices":[{"damage_healed":0,"gold_gain":0,"player_choice":"Entered Light","damage_taken":16,"max_hp_gain":0,"max_hp_loss":0,"event_name":"Shining Light","floor":2,"gold_loss":0,"cards_upgraded":["Defend_R","Strike_R"]},{"cards_removed":["Defend_R"],"damage_healed":0,"gold_gain":0,"player_choice":"Card Removal","damage_taken":7,"max_hp_gain":0,"max_hp_loss":0,"event_name":"Golden Wing","floor":5,"gold_loss":0},{"damage_healed":0,"gold_gain":0,"player_choice":"Upgraded Two","damage_taken":0,"max_hp_gain":0,"max_hp_loss":0,"event_name":"Designer","floor":19,"gold_loss":40,"cards_upgraded":["Strike_R","Shrug It Off"]},{"damage_healed":0,"gold_gain":0,"player_choice":"Fight","damage_taken":0,"max_hp_gain":0,"max_hp_loss":0,"event_name":"Colosseum","floor":21,"gold_loss":0},{"damage_healed":0,"gold_gain":0,"player_choice":"Fled From Nobs","damage_taken":0,"max_hp_gain":0,"max_hp_loss":0,"event_name":"Colosseum","floor":21,"gold_loss":0},{"damage_healed":0,"gold_gain":0,"player_choice":"Opened","damage_taken":0,"relics_obtained":["Strawberry"],"max_hp_gain":0,"max_hp_loss":0,"event_name":"The Mausoleum","floor":24,"gold_loss":0,"cards_obtained":["Writhe"]}],"is_beta":false,"boss_relics":[{"not_picked":["Runic Dome","Calling Bell"],"picked":"Mark of Pain"},{"not_picked":["Black Star","Pandora\u0027s Box"],"picked":"Cursed Key"}],"items_purged_floors":[14,39],"is_endless":false,"potions_floor_spawned":[1,7,13,18,22,28,30,35,38,41,45],"ascension_level":1}