{"gold_per_floor":[116,135,53,53,63,63,96,113,113,388,405,424,424,439,439,439],"floor_reached":16,"playtime":888,"items_purged":[],"score":135,"play_id":"f29dc8ce-2da7-45c7-bddc-ba49a3fd36ca","local_time":"20190227222052","is_ascension_mode":true,"campfire_choices":[{"data":"Armaments","floor":6.0,"key":"SMITH"},{"data":"True Grit","floor":13.0,"key":"SMITH"},{"floor":15.0,"key":"REST"}],"neow_cost":"NONE","seed_source_timestamp":0,"circlet_count":0,"master_deck":["Strike_R","Strike_R","Strike_R","Strike_R","Strike_R","Defend_R","Defend_R","Defend_R","Defend_R","Bash","Body Slam","Madness","Armaments+1","Regret","Armaments","True Grit+1"],"special_seed":0,"relics":["Burning Blood","Potion Belt","Letter Opener","Mummified Hand","Kunai"],"potions_floor_usage":[16],"damage_taken":[{"damage":7.0,"enemies":"Small Slimes","floor":1.0,"turns":5.0},{"damage":1.0,"enemies":"Cultist","floor":2.0,"turns":4.0},{"damage":6.0,"enemies":"Jaw Worm","floor":5.0,"turns":5.0},{"damage":20.0,"enemies":"Lagavulin","floor":7.0,"turns":7.0},{"damage":3.0,"enemies":"Lots of Slimes","floor":8.0,"turns":3.0},{"damage":11.0,"enemies":"3 Louse","floor":11.0,"turns":3.0},{"damage":2.0,"enemies":"Exordium Thugs","floor":12.0,"turns":5.0},{"damage":22.0,"enemies":"Lots of Slimes","floor":14.0,"turns":5.0},{"damage":62,"enemies":"Hexaghost","floor":16,"turns":12}],"seed_played":"1752209175760548297","potions_obtained":[{"floor":2.0,"key":"SmokeBomb"},{"floor":5.0,"key":"GamblersBrew"},{"floor":7.0,"key":"FearPotion"},{"floor":11.0,"key":"PowerPotion"}],"is_trial":false,"path_per_floor":["?","?","M"],"character_chosen":"IRONCLAD","items_purchased":["Madness"],"campfire_rested":1,"item_purchase_floors":[3],"current_hp_per_floor":[71,76,76,64,64,64,50,53,53,53,48,52,52,36,60,0],"gold":439,"neow_bonus":"RANDOM_COMMON_RELIC","is_prod":false,"is_daily":false,"chose_seed":false,"campfire_upgraded":2,"win_rate":0,"timestamp":1551302452,"path_taken":["M","M","$","?","M","R","E","M","T","?","M","?","R","M","R","BOSS"],"build_version":"2019-01-23","purchased_purges":0,"victory":false,"max_hp_per_floor":[80,80,80,80,80,80,80,80,80,80,80,80,80,80,80,80],"card_choices":[{"not_picked":["Cleave","Thunderclap","Uppercut"],"picked":"SKIP","floor":1.0},{"not_picked":["Whirlwind","Sword Boomerang"],"picked":"Body Slam","floor":2.0},{"not_picked":["Headbutt","Feel No Pain"],"picked":"Armaments","floor":5.0},{"not_picked":["Pummel","Sword Boomerang","Thunderclap"],"picked":"SKIP","floor":7.0},{"not_picked":["Clothesline","Bludgeon","Pommel Strike"],"picked":"SKIP","floor":8.0},{"not_picked":["Flex","Headbutt"],"picked":"Armaments","floor":11.0},{"not_picked":["Havoc","Perfected Strike"],"picked":"True Grit","floor":12.0},{"not_picked":["Havoc","Spot Weakness","Wild Strike"],"picked":"SKIP","floor":14.0}],"player_experience":229593,"relics_obtained":[{"floor":7.0,"key":"Mummified Hand"},{"floor":9.0,"key":"Kunai"}],"event_choices":[{"damage_healed":0.0,"max_hp_gain":0.0,"max_hp_loss":0.0,"gold_gain":0.0,"event_name":"Scrap Ooze","player_choice":"Success","floor":4.0,"gold_loss":0.0,"damage_taken":12.0,"relics_obtained":["Letter Opener"]},{"damage_healed":0.0,"max_hp_gain":0.0,"max_hp_loss":0.0,"gold_gain":275.0,"event_name":"Golden Shrine","player_choice":"Desecrate","floor":10.0,"gold_loss":0.0,"damage_taken":0.0,"cards_obtained":["Regret"]}],"is_beta":false,"boss_relics":[],"items_purged_floors":[],"is_endless":false,"potions_floor_spawned":[2,5,7,11],"killed_by":"Hexaghost","ascension_level":6}