{"gold_per_floor":[112,122,122,139,139,139,170,170,170,203,50,50],"floor_reached":12,"playtime":719,"items_purged":[],"score":116,"play_id":"28fb5593-7635-4591-86c3-6ee00619fd09","local_time":"20190226025257","is_ascension_mode":true,"campfire_choices":[{"data":"Concentrate","floor":6,"key":"SMITH"}],"neow_cost":"CURSE","seed_source_timestamp":46321305982310,"circlet_count":0,"master_deck":["Defend_G","Defend_G","Defend_G","Defend_G","Defend_G","Strike_G","Strike_G","Strike_G","Survivor","Neutralize","All Out Attack","Well Laid Plans","Concentrate+1","Infinite Blades","All Out Attack","Injury","After Image+1","Tactician","Noxious Fumes+1"],"relics":["Ring of the Snake","Letter Opener","Unceasing Top","Golden Idol","Frozen Egg 2","PreservedInsect"],"potions_floor_usage":[7,10],"damage_taken":[{"damage":1,"enemies":"Cultist","floor":1,"turns":6},{"damage":0,"enemies":"Jaw Worm","floor":2,"turns":5},{"damage":1,"enemies":"Small Slimes","floor":4,"turns":4},{"damage":35,"enemies":"Lagavulin","floor":7,"turns":8},{"damage":10,"enemies":"3 Sentries","floor":10,"turns":4},{"damage":10,"enemies":"Gremlin Nob","floor":12,"turns":2}],"seed_played":"-214318555141476766","potions_obtained":[{"floor":4,"key":"Fire Potion"},{"floor":7,"key":"LiquidBronze"}],"is_trial":false,"path_per_floor":["M","M","?","M","T","R","E","?","T","E","$","E"],"character_chosen":"THE_SILENT","items_purchased":["Tactician","Noxious Fumes+1"],"campfire_rested":0,"item_purchase_floors":[11,11],"current_hp_per_floor":[62,62,55,54,54,54,19,19,19,9,9,0],"gold":50,"neow_bonus":"TRANSFORM_TWO_CARDS","is_prod":false,"is_daily":false,"chose_seed":false,"campfire_upgraded":1,"win_rate":0,"timestamp":1551124377,"path_taken":["M","M","?","M","?","R","E","?","T","E","$","E"],"build_version":"2019-01-23","purchased_purges":0,"victory":false,"max_hp_per_floor":[70,70,70,70,70,70,70,70,70,70,70,70],"card_choices":[{"not_picked":["Bane","Flying Knee","Slice"],"picked":"SKIP","floor":1},{"not_picked":["Quick Slash","Sucker Punch"],"picked":"Concentrate","floor":2},{"not_picked":["Blade Dance","Calculated Gamble"],"picked":"Infinite Blades","floor":4},{"not_picked":["Deflect","Blur"],"picked":"All Out Attack","floor":7},{"not_picked":["Calculated Gamble","Backstab"],"picked":"After Image+1","floor":10}],"player_experience":270576,"relics_obtained":[{"floor":5,"key":"Letter Opener"},{"floor":7,"key":"Unceasing Top"},{"floor":9,"key":"Frozen Egg 2"},{"floor":10,"key":"PreservedInsect"}],"event_choices":[{"cards_removed":["Injury"],"damage_healed":0,"gold_gain":0,"player_choice":"Card Removal","damage_taken":7,"max_hp_gain":0,"max_hp_loss":0,"event_name":"Golden Wing","floor":3,"gold_loss":0},{"damage_healed":0,"gold_gain":0,"player_choice":"Take Wound","damage_taken":0,"relics_obtained":["Golden Idol"],"max_hp_gain":0,"max_hp_loss":0,"event_name":"Golden Idol","floor":8,"gold_loss":0,"cards_obtained":["Injury"]}],"is_beta":false,"boss_relics":[],"items_purged_floors":[],"is_endless":false,"potions_floor_spawned":[4,7],"killed_by":"Gremlin Nob","ascension_level":7}