{"gold_per_floor":[117,117,192,202,202,202,246,246,270,121,121,45,66,81,81,211,211,227,271,286,305,330,330,354,367,367,418,169,268,66,84,84,213,213,233,233,1232,758,773,773,791,233,256,256,281,304,304,6,6,6],"floor_reached":51,"playtime":1383,"items_purged":["Strike_R","Strike_R","Defend_R","Normality","Normality"],"score":720,"play_id":"baf752ec-1a15-4726-9e92-42d328237ea4","local_time":"20190228232817","is_ascension_mode":false,"campfire_choices":[{"data":"Whirlwind","floor":6.0,"key":"SMITH"},{"data":"Bash","floor":8,"key":"SMITH"},{"data":"Flame Barrier","floor":11,"key":"SMITH"},{"data":"Armaments","floor":15,"key":"SMITH"},{"data":"Limit Break","floor":23,"key":"SMITH"},{"data":"Demon Form","floor":32,"key":"SMITH"},{"data":"Demon Form","floor":40,"key":"SMITH"},{"data":"Inflame","floor":49,"key":"SMITH"}],"neow_cost":"PERCENT_DAMAGE","seed_source_timestamp":4285981693716,"circlet_count":0,"master_deck":["Defend_R","Defend_R","Defend_R","Bash+1","Whirlwind+1","Headbutt","Seeing Red","Flame Barrier+1","Immolate","Disarm","Armaments+1","Limit Break+1","Shrug It Off","Power Through+1","Demon Form+1","Heavy Blade","Whirlwind","Offering+1","Demon Form+1","Inflame+1","Shrug It Off+1","Flex+1","Pummel+1","Spot Weakness+1","Whirlwind","Infernal Blade+1","Panacea+1","Apotheosis+1","Finesse+1","Whirlwind","True Grit+1"],"special_seed":0,"relics":["Burning Blood","Thread and Needle","Golden Idol","Centennial Puzzle","Potion Belt","Empty Cage","Red Mask","Toxic Egg 2","Bag of Preparation","Vajra","Coffee Dripper","Juzu Bracelet","Shuriken","Oddly Smooth Stone","Smiling Mask"],"potions_floor_usage":[22,31,33,33,33,50,50,50],"damage_taken":[{"damage":0.0,"enemies":"Small Slimes","floor":1.0,"turns":4.0},{"damage":2.0,"enemies":"Jaw Worm","floor":4.0,"turns":4.0},{"damage":7.0,"enemies":"3 Sentries","floor":7.0,"turns":3.0},{"damage":0,"enemies":"2 Louse","floor":13,"turns":2},{"damage":0,"enemies":"Exordium Wildlife","floor":14,"turns":3},{"damage":43,"enemies":"The Guardian","floor":16,"turns":14},{"damage":4,"enemies":"Chosen","floor":18,"turns":5},{"damage":6,"enemies":"Masked Bandits","floor":19,"turns":2},{"damage":3,"enemies":"Shell Parasite","floor":20,"turns":7},{"damage":0,"enemies":"Chosen and Byrds","floor":21,"turns":3},{"damage":1,"enemies":"Centurion and Healer","floor":22,"turns":5},{"damage":0,"enemies":"Snake Plant","floor":24,"turns":6},{"damage":4,"enemies":"Shelled Parasite and Fungi","floor":25,"turns":6},{"damage":16,"enemies":"Sentry and Sphere","floor":31,"turns":4},{"damage":42,"enemies":"Automaton","floor":33,"turns":9},{"damage":15,"enemies":"Orb Walker","floor":35,"turns":4},{"damage":15,"enemies":"3 Darklings","floor":39,"turns":4},{"damage":6,"enemies":"Maw","floor":41,"turns":4},{"damage":0,"enemies":"4 Shapes","floor":46,"turns":6},{"damage":13,"enemies":"Donu and Deca","floor":50,"turns":6}],"seed_played":"-5223627249944682519","potions_obtained":[{"floor":1.0,"key":"Weak Potion"},{"floor":4.0,"key":"Poison Potion"},{"floor":19,"key":"Fire Potion"},{"floor":20,"key":"BloodPotion"},{"floor":21,"key":"Swift Potion"},{"floor":25,"key":"Dexterity Potion"},{"floor":31,"key":"EssenceOfSteel"},{"floor":35,"key":"PowerPotion"},{"floor":41,"key":"Explosive Potion"}],"is_trial":false,"path_per_floor":["M","?","?","M","?","R","E","R","T","$","R","$","M","M","R","B",null,"M","?","M","M","M","R","M","M","T","T","$","?","$","M","R","B",null,"M","?","?","$","M","R","M","$","T","?","T","M","?","$","R","B",null],"character_chosen":"IRONCLAD","items_purchased":["Flame Barrier","Immolate","Vajra","Whirlwind","Juzu Bracelet","Inflame","Shrug It Off+1","Flex+1","Spot Weakness+1","Whirlwind","Shuriken","Whirlwind","LiquidBronze","FairyPotion","True Grit+1"],"campfire_rested":0,"item_purchase_floors":[10,12,28,30,38,38,38,38,42,42,42,48,48,48,48],"current_hp_per_floor":[62,55,44,48,48,48,47,47,47,47,47,47,53,59,59,22,74,74,74,74,74,74,74,74,74,74,74,74,74,74,64,64,35,74,65,65,65,65,56,56,56,56,56,56,56,62,52,52,52,45],"gold":6,"neow_bonus":"ONE_RARE_RELIC","is_prod":false,"is_daily":false,"chose_seed":false,"campfire_upgraded":8,"win_rate":0,"timestamp":1551418097,"path_taken":["M","?","?","M","?","R","E","R","T","?","R","$","M","M","R","BOSS","M","?","M","M","M","R","M","M","T","?","$","?","$","M","R","BOSS","M","?","?","$","M","R","M","$","T","?","?","M","?","$","R","BOSS"],"build_version":"2019-01-23","purchased_purges":5,"victory":true,"max_hp_per_floor":[80,80,80,80,74,74,74,74,74,74,74,74,74,74,74,74,74,74,74,74,74,74,74,74,74,74,74,74,74,74,74,74,74,74,74,70,70,70,70,70,70,70,70,70,70,70,70,70,70,70],"card_choices":[{"not_picked":["Shrug It Off","Second Wind"],"picked":"Whirlwind","floor":1.0},{"not_picked":["Havoc","Bloodletting"],"picked":"Headbutt","floor":4.0},{"not_picked":["Sword Boomerang","Evolve"],"picked":"Seeing Red","floor":7.0},{"not_picked":["Second Wind","Carnage"],"picked":"Disarm","floor":13},{"not_picked":["Clothesline","Perfected Strike"],"picked":"Armaments","floor":14},{"not_picked":["Offering","Brutality"],"picked":"Limit Break","floor":16},{"not_picked":["Twin Strike+1","Cleave"],"picked":"Shrug It Off","floor":18},{"not_picked":["Clothesline","Feel No Pain"],"picked":"Power Through+1","floor":19},{"not_picked":["Havoc","Cleave"],"picked":"Demon Form","floor":20},{"not_picked":["Anger","Havoc","Warcry"],"picked":"SKIP","floor":21},{"not_picked":["Warcry","Hemokinesis","Clash"],"picked":"SKIP","floor":22},{"not_picked":["Feel No Pain+1","Armaments"],"picked":"Heavy Blade","floor":24},{"not_picked":["Cleave","Searing Blow"],"picked":"Infernal Blade+1","floor":25},{"not_picked":["Wild Strike","Warcry+1"],"picked":"Offering+1","floor":31},{"not_picked":["Brutality","Exhume+1"],"picked":"Demon Form","floor":33},{"not_picked":["Perfected Strike+1","Feel No Pain+1","Body Slam"],"picked":"SKIP","floor":35},{"not_picked":["Wild Strike","Fire Breathing+1"],"picked":"Pummel+1","floor":39},{"not_picked":["Clash","Fire Breathing","Twin Strike+1"],"picked":"SKIP","floor":41},{"not_picked":["Body Slam","Sword Boomerang"],"picked":"Infernal Blade+1","floor":46},{"not_picked":["Deep Breath+1","Dramatic Entrance"],"picked":"Panacea+1","floor":47},{"not_picked":["Impatience+1","Bandage Up+1"],"picked":"Apotheosis+1","floor":47},{"not_picked":["Metamorphosis+1","Apotheosis+1"],"picked":"Finesse+1","floor":47}],"player_experience":951209,"relics_obtained":[{"floor":7.0,"key":"Centennial Puzzle"},{"floor":9,"key":"Potion Belt"},{"floor":19,"key":"Red Mask"},{"floor":26,"key":"Toxic Egg 2"},{"floor":27,"key":"Bag of Preparation"},{"floor":43,"key":"Oddly Smooth Stone"},{"floor":45,"key":"Smiling Mask"}],"event_choices":[{"cards_removed":["Strike_R"],"damage_healed":0.0,"max_hp_gain":0.0,"max_hp_loss":0.0,"gold_gain":0.0,"event_name":"Golden Wing","player_choice":"Card Removal","floor":2.0,"gold_loss":0.0,"damage_taken":7.0},{"damage_healed":0.0,"max_hp_gain":0.0,"max_hp_loss":0.0,"gold_gain":75.0,"event_name":"World of Goop","player_choice":"Gather Gold","floor":3.0,"gold_loss":0.0,"damage_taken":11.0},{"damage_healed":0.0,"max_hp_gain":0.0,"max_hp_loss":6.0,"gold_gain":0.0,"event_name":"Golden Idol","player_choice":"Lose Max HP","floor":5.0,"gold_loss":0.0,"damage_taken":0.0,"relics_obtained":["Golden Idol"]},{"damage_healed":0,"gold_gain":0,"player_choice":"Fought Bandits","damage_taken":0,"max_hp_gain":0,"max_hp_loss":0,"event_name":"Masked Bandits","floor":19,"gold_loss":0},{"damage_healed":0,"gold_gain":99,"player_choice":"Stole From Cult","damage_taken":0,"max_hp_gain":0,"max_hp_loss":0,"event_name":"Nest","floor":29,"gold_loss":0},{"damage_healed":0,"gold_gain":0,"player_choice":"Max HP","damage_taken":0,"max_hp_gain":0,"max_hp_loss":4,"event_name":"Winding Halls","floor":36,"gold_loss":0},{"damage_healed":0,"gold_gain":999,"player_choice":"Gold","damage_taken":0,"max_hp_gain":0,"max_hp_loss":0,"event_name":"MindBloom","floor":37,"gold_loss":0,"cards_obtained":["Normality","Normality"]},{"cards_removed":["Infernal Blade"],"damage_healed":0,"gold_gain":0,"player_choice":"Removed Skill","damage_taken":0,"max_hp_gain":0,"max_hp_loss":0,"event_name":"Falling","floor":44,"gold_loss":0},{"damage_healed":0,"gold_gain":0,"player_choice":"Memory 3","damage_taken":10,"max_hp_gain":0,"max_hp_loss":0,"event_name":"SensoryStone","floor":47,"gold_loss":0}],"is_beta":false,"boss_relics":[{"not_picked":["Lizard Tail","Orrery"],"picked":"Empty Cage"},{"not_picked":["Black Blood","White Beast Statue"],"picked":"Coffee Dripper"}],"items_purged_floors":[10,28,30,38,42],"is_endless":false,"potions_floor_spawned":[1,4,19,20,21,25,31,35,41],"ascension_level":0}