{"gold_per_floor":[115,115,132,57,57,57,57,76,76,76,86,86,98,117,117,220,220,236,249,259,259,278,278,297,297,322,322,322],"floor_reached":28,"playtime":1481,"items_purged":["Strike_B"],"score":212,"play_id":"1443317c-f140-4578-bd9c-7dbaedf05572","local_time":"20190203163853","is_ascension_mode":false,"campfire_choices":[{"data":"Darkness","floor":6,"key":"SMITH"},{"data":"Dualcast","floor":10,"key":"SMITH"},{"data":"Defend_B","floor":12,"key":"SMITH"},{"data":"Defend_B","floor":15,"key":"SMITH"},{"floor":23,"key":"REST"},{"floor":25,"key":"REST"},{"data":"Creative AI","floor":27,"key":"SMITH"}],"neow_cost":"NONE","seed_source_timestamp":1393455156433313,"circlet_count":0,"master_deck":["Strike_B","Strike_B","Defend_B+1","Defend_B","Defend_B+1","Defend_B","Zap+1","Dualcast+1","Darkness+1","Compile Driver","Electrodynamics","Darkness","Loop","White Noise","Glacier","Creative AI+1","Self Repair","Doom and Gloom","Buffer"],"relics":["Cracked Core","Bag of Marbles","Omamori","Bottled Lightning","Orrery","Pen Nib"],"potions_floor_usage":[16,20,22,24],"damage_taken":[{"damage":5,"enemies":"Small Slimes","floor":1,"turns":4},{"damage":1,"enemies":"Jaw Worm","floor":3,"turns":2},{"damage":1,"enemies":"Cultist","floor":8,"turns":4},{"damage":0,"enemies":"3 Louse","floor":11,"turns":3},{"damage":10,"enemies":"Exordium Thugs","floor":13,"turns":4},{"damage":1,"enemies":"2 Fungi Beasts","floor":14,"turns":2},{"damage":16,"enemies":"Hexaghost","floor":16,"turns":6},{"damage":27,"enemies":"2 Thieves","floor":18,"turns":3},{"damage":0,"enemies":"3 Byrds","floor":19,"turns":4},{"damage":27,"enemies":"3 Cultists","floor":20,"turns":5},{"damage":12,"enemies":"Cultist and Chosen","floor":22,"turns":6},{"damage":14,"enemies":"Snake Plant","floor":24,"turns":4},{"damage":44,"enemies":"Slavers","floor":28,"turns":2}],"seed_played":"7524415040348437211","potions_obtained":[{"floor":1,"key":"AttackPotion"},{"floor":11,"key":"SpeedPotion"},{"floor":14,"key":"LiquidBronze"},{"floor":18,"key":"Dexterity Potion"},{"floor":20,"key":"SkillPotion"}],"is_trial":false,"path_per_floor":["?","?","T","M","?"],"character_chosen":"DEFECT","items_purchased":[],"campfire_rested":2,"item_purchase_floors":[],"current_hp_per_floor":[70,63,62,62,55,55,55,54,54,54,54,54,44,43,43,27,75,48,48,21,21,9,31,17,39,39,39,0],"gold":322,"neow_bonus":"UPGRADE_CARD","is_prod":false,"is_daily":false,"chose_seed":false,"campfire_upgraded":5,"win_rate":0.0,"timestamp":1549208333,"path_taken":["M","?","M","$","?","R","?","M","T","R","?","R","M","M","R","BOSS","M","M","M","?","M","R","M","R","T","R","E"],"build_version":"2019-01-23","purchased_purges":1,"victory":false,"max_hp_per_floor":[75,75,75,75,75,75,75,75,75,75,75,75,75,75,75,75,75,75,75,75,75,75,75,75,75,75,75,75],"card_choices":[{"not_picked":["Reinforced Body","Tempest","Turbo"],"picked":"SKIP","floor":1},{"not_picked":["Hologram","Skim"],"picked":"Darkness","floor":3},{"not_picked":["Rebound","Steam Power","Go for the Eyes"],"picked":"SKIP","floor":8},{"not_picked":["Scrape","Reprogram","Static Discharge"],"picked":"SKIP","floor":11},{"not_picked":["Cold Snap","Rip and Tear"],"picked":"Compile Driver","floor":13},{"not_picked":["Ball Lightning","Aggregate","Meteor Strike"],"picked":"SKIP","floor":14},{"not_picked":["Thunder Strike","Fission"],"picked":"Electrodynamics","floor":16},{"not_picked":["Conserve Battery","Steam"],"picked":"Darkness","floor":17},{"not_picked":["Steam Power","Streamline"],"picked":"Loop","floor":17},{"not_picked":["Conserve Battery","Barrage"],"picked":"White Noise","floor":17},{"not_picked":["Rip and Tear","Steam"],"picked":"Glacier","floor":17},{"not_picked":["Go for the Eyes","Rebound+1"],"picked":"Creative AI","floor":18},{"not_picked":["Steam Power","Beam Cell"],"picked":"Self Repair","floor":19},{"not_picked":["Ball Lightning","Steam","White Noise"],"picked":"SKIP","floor":20},{"not_picked":["Conserve Battery","Hologram+1"],"picked":"Doom and Gloom","floor":22},{"not_picked":["Go for the Eyes","Capacitor"],"picked":"Buffer","floor":24}],"player_experience":103151,"relics_obtained":[{"floor":7,"key":"Omamori"},{"floor":9,"key":"Bottled Lightning"},{"floor":26,"key":"Pen Nib"}],"event_choices":[{"cards_removed":["Strike_B"],"damage_healed":0,"gold_gain":0,"player_choice":"Card Removal","damage_taken":7,"max_hp_gain":0,"max_hp_loss":0,"event_name":"Golden Wing","floor":2,"gold_loss":0},{"damage_healed":0,"gold_gain":0,"player_choice":"Success","damage_taken":7,"relics_obtained":["Bag of Marbles"],"max_hp_gain":0,"max_hp_loss":0,"event_name":"Scrap Ooze","floor":5,"gold_loss":0},{"damage_healed":0,"gold_gain":0,"player_choice":"Ignored","damage_taken":0,"max_hp_gain":0,"max_hp_loss":0,"event_name":"NoteForYourself","floor":21,"gold_loss":0}],"is_beta":false,"boss_relics":[{"not_picked":["Philosopher\u0027s Stone","Snecko Eye"],"picked":"Orrery"}],"items_purged_floors":[4],"is_endless":false,"potions_floor_spawned":[1,11,14,18,20],"killed_by":"Slavers","ascension_level":0}