{"gold_per_floor":[115,115,133,152,2,2,2,31,55,55,69,85,85],"floor_reached":13,"playtime":479,"items_purged":["Defend_B"],"score":123,"play_id":"69395ad4-278a-47fb-b158-6d2ee6c0e75d","local_time":"20181119184907","is_ascension_mode":true,"campfire_choices":[{"data":"White Noise","floor":6,"key":"SMITH"},{"floor":10,"key":"REST"}],"neow_cost":"NONE","seed_source_timestamp":0,"circlet_count":0,"master_deck":["Strike_B","Strike_B","Strike_B+1","Strike_B","Defend_B","Defend_B+1","Defend_B","Zap","Dualcast","Sunder","White Noise+1","Capacitor","Glacier","Echo Form","BootSequence"],"special_seed":0,"relics":["Cracked Core","Blood Vial","Art of War","Centennial Puzzle"],"potions_floor_usage":[],"damage_taken":[{"damage":4,"enemies":"Small Slimes","floor":1,"turns":3},{"damage":2,"enemies":"Jaw Worm","floor":3,"turns":3},{"damage":0,"enemies":"2 Louse","floor":4,"turns":2},{"damage":25,"enemies":"Gremlin Nob","floor":8,"turns":4},{"damage":1,"enemies":"Exordium Wildlife","floor":11,"turns":4},{"damage":0,"enemies":"3 Louse","floor":12,"turns":2},{"damage":60,"enemies":"3 Sentries","floor":13,"turns":6}],"seed_played":"3181134866918679051","potions_obtained":[{"floor":4,"key":"FearPotion"}],"is_trial":false,"path_per_floor":["M","?","M","M","$","R","?","E","T","R","M","M","E"],"character_chosen":"DEFECT","items_purchased":["Glacier"],"campfire_rested":1,"item_purchase_floors":[5],"current_hp_per_floor":[66,51,51,53,53,53,53,30,30,52,53,55,0],"gold":85,"neow_bonus":"RANDOM_COMMON_RELIC","is_prod":false,"is_daily":false,"chose_seed":false,"campfire_upgraded":1,"win_rate":0,"timestamp":1542682147,"path_taken":["M","?","M","M","$","R","?","E","T","R","?","M","E"],"build_version":"2018-11-15","purchased_purges":1,"victory":false,"max_hp_per_floor":[75,75,75,75,75,75,75,75,75,75,75,75,75],"card_choices":[{"not_picked":["Turbo","Reprogram"],"picked":"Sunder","floor":1},{"not_picked":["Coolheaded","Streamline"],"picked":"White Noise","floor":3},{"not_picked":["Hologram","Self Repair"],"picked":"Capacitor","floor":4},{"not_picked":["Static Discharge","Compile Driver"],"picked":"Echo Form","floor":8},{"not_picked":["Stack","Loop"],"picked":"BootSequence","floor":11},{"not_picked":["Hello World","Stack","Rip and Tear"],"picked":"SKIP","floor":12}],"player_experience":294501,"relics_obtained":[{"floor":8,"key":"Art of War"},{"floor":9,"key":"Centennial Puzzle"}],"event_choices":[{"damage_healed":0,"gold_gain":0,"player_choice":"Entered Light","damage_taken":15,"max_hp_gain":0,"max_hp_loss":0,"event_name":"Shining Light","floor":2,"gold_loss":0,"cards_upgraded":["Defend_B","Strike_B"]},{"damage_healed":0,"gold_gain":0,"player_choice":"Leave","damage_taken":0,"max_hp_gain":0,"max_hp_loss":0,"event_name":"The Cleric","floor":7,"gold_loss":0}],"is_beta":false,"boss_relics":[],"items_purged_floors":[5],"is_endless":false,"potions_floor_spawned":[4],"killed_by":"3 Sentries","ascension_level":9}