{"gold_per_floor":[113,113,128,128,128,128,93,93,93,93,114,134,134,157,157,253,253,272,187,187,210,225,225,225,500,500,518,541,541,557,557,557,648,648,673,673,686,686,101,101,124,249,249,249],"floor_reached":44,"playtime":1810,"items_purged":[],"score":697,"play_id":"6ad5bd8c-f5b3-414e-bb11-6e4bc778ecc7","local_time":"20190301012238","is_ascension_mode":true,"campfire_choices":[{"data":"True Grit","floor":10.0,"key":"SMITH"},{"data":"Bash","floor":13.0,"key":"SMITH"},{"data":"Pommel Strike","floor":15.0,"key":"SMITH"},{"floor":23.0,"key":"REST"},{"data":"Limit Break","floor":29.0,"key":"SMITH"},{"data":"Limit Break","floor":32.0,"key":"SMITH"},{"data":"Double Tap","floor":40.0,"key":"SMITH"}],"neow_cost":"NONE","seed_source_timestamp":586734132688953,"circlet_count":0,"master_deck":["AscendersBane","Bash+1","Thunderclap","True Grit+1","Headbutt","Shrug It Off","Pommel Strike+1","Reaper","Shockwave","Limit Break+1","Reckless Charge","Immolate","Evolve","Blood for Blood","Flex","Shrug It Off","Double Tap+1","True Grit+1","Limit Break+1","Limit Break","Twin Strike+1","Iron Wave+1","Bloodletting+1","Twin Strike","Flex","Flex","Heavy Blade","Headbutt"],"special_seed":0,"relics":["Burning Blood","PreservedInsect","Golden Idol","Question Card","Pandora\u0027s Box","Art of War","Astrolabe","Pen Nib","Oddly Smooth Stone","HandDrill","StoneCalendar","Toxic Egg 2"],"potions_floor_usage":[],"damage_taken":[{"damage":12.0,"enemies":"Jaw Worm","floor":1.0,"turns":3.0},{"damage":0.0,"enemies":"2 Louse","floor":3.0,"turns":2.0},{"damage":6.0,"enemies":"Small Slimes","floor":11.0,"turns":3.0},{"damage":1.0,"enemies":"2 Fungi Beasts","floor":12.0,"turns":3.0},{"damage":6.0,"enemies":"Looter","floor":14.0,"turns":4.0},{"damage":46.0,"enemies":"Slime Boss","floor":16.0,"turns":12.0},{"damage":33.0,"enemies":"Spheric Guardian","floor":18.0,"turns":4.0},{"damage":14.0,"enemies":"Shell Parasite","floor":21.0,"turns":4.0},{"damage":20.0,"enemies":"Snake Plant","floor":22.0,"turns":4.0},{"damage":0.0,"enemies":"Colosseum Slavers","floor":24.0,"turns":1.0},{"damage":15.0,"enemies":"Centurion and Healer","floor":27.0,"turns":7.0},{"damage":0.0,"enemies":"3 Cultists","floor":28.0,"turns":2.0},{"damage":8.0,"enemies":"Chosen and Byrds","floor":30.0,"turns":3.0},{"damage":98.0,"enemies":"Automaton","floor":33.0,"turns":7.0},{"damage":27.0,"enemies":"Orb Walker","floor":35.0,"turns":4.0},{"damage":33.0,"enemies":"3 Shapes","floor":37.0,"turns":7.0},{"damage":23.0,"enemies":"Spire Growth","floor":41.0,"turns":5.0},{"damage":40.0,"enemies":"Mind Bloom Boss Battle","floor":42.0,"turns":8.0},{"damage":63,"enemies":"Transient","floor":44,"turns":4}],"seed_played":"-2802996027317892421","potions_obtained":[{"floor":1.0,"key":"SpeedPotion"},{"floor":12.0,"key":"GamblersBrew"},{"floor":14.0,"key":"SkillPotion"},{"floor":16.0,"key":"FearPotion"},{"floor":21.0,"key":"EssenceOfSteel"},{"floor":22.0,"key":"SneckoOil"},{"floor":27.0,"key":"BloodPotion"},{"floor":33.0,"key":"Poison Potion"},{"floor":37.0,"key":"SkillPotion"}],"is_trial":false,"path_per_floor":["M","?","M","?","?","$","?","?","T","R","M","M","R","M","R","B",null,"M","?","?","M","M","R","?","?","T","M","M","R","M","?","R","B",null,"M","?","M","?","$","R","M","?","T","M"],"character_chosen":"IRONCLAD","items_purchased":["Flex","Pen Nib","Oddly Smooth Stone","HandDrill","SkillPotion"],"campfire_rested":1,"item_purchase_floors":[39,39,39,39,39],"current_hp_per_floor":[62,39,45,40,40,40,57,57,57,57,57,62,62,62,62,22,57,30,30,30,22,8,28,34,34,34,55,67,67,65,65,65,13,54,57,57,68,65,65,65,48,62,62,0],"gold":249,"neow_bonus":"RANDOM_COMMON_RELIC","is_prod":false,"is_daily":false,"chose_seed":false,"campfire_upgraded":6,"win_rate":0,"timestamp":1551370958,"path_taken":["M","?","M","?","?","$","?","?","T","R","M","M","R","M","R","BOSS","M","?","?","M","M","R","?","?","T","?","M","R","M","?","R","BOSS","M","?","M","?","$","R","M","?","T","M"],"build_version":"2019-01-23","purchased_purges":0,"victory":false,"max_hp_per_floor":[75,75,75,75,68,68,68,68,68,68,68,68,68,68,68,68,68,68,68,68,68,68,68,68,68,68,68,68,68,68,68,68,68,68,68,68,68,65,65,65,65,65,65,65],"card_choices":[{"not_picked":["Intimidate","Second Wind"],"picked":"Thunderclap","floor":1.0},{"not_picked":["Pommel Strike","Reckless Charge"],"picked":"True Grit","floor":3.0},{"not_picked":["True Grit","Clothesline","Flame Barrier"],"picked":"Headbutt","floor":11.0},{"not_picked":["Fire Breathing","Power Through","Havoc"],"picked":"Shrug It Off","floor":12.0},{"not_picked":["Wild Strike","Thunderclap","Barricade"],"picked":"Pommel Strike","floor":14.0},{"not_picked":["Double Tap","Dark Embrace","Barricade"],"picked":"Reaper","floor":16.0},{"not_picked":["Metallicize","Warcry","Bloodletting"],"picked":"Flex","floor":18.0},{"not_picked":["Power Through","Pommel Strike","Anger"],"picked":"Shrug It Off","floor":21.0},{"not_picked":["Cleave","Second Wind","Uppercut"],"picked":"Double Tap","floor":22.0},{"not_picked":["Clothesline","Blood for Blood","Wild Strike","Perfected Strike"],"picked":"SKIP","floor":27.0},{"not_picked":["Uppercut","Warcry","Heavy Blade"],"picked":"True Grit+1","floor":28.0},{"not_picked":["Perfected Strike","Body Slam","Headbutt"],"picked":"Limit Break","floor":30.0},{"not_picked":["Double Tap","Barricade","Demon Form"],"picked":"Limit Break","floor":33.0},{"not_picked":["Thunderclap","Feel No Pain","Clothesline"],"picked":"Twin Strike","floor":35.0},{"not_picked":["Warcry","Heavy Blade","Pommel Strike"],"picked":"Flex","floor":37.0},{"not_picked":["Fire Breathing","Shrug It Off","Bloodletting"],"picked":"Heavy Blade","floor":41.0},{"not_picked":["Twin Strike","Whirlwind+1","Havoc"],"picked":"Headbutt","floor":42.0}],"player_experience":141798,"relics_obtained":[{"floor":9.0,"key":"Question Card"},{"floor":42.0,"key":"StoneCalendar"},{"floor":43.0,"key":"Toxic Egg 2"}],"event_choices":[{"damage_healed":0.0,"max_hp_gain":0.0,"max_hp_loss":0.0,"gold_gain":0.0,"event_name":"Shining Light","player_choice":"Entered Light","floor":2.0,"gold_loss":0.0,"damage_taken":23.0,"cards_upgraded":["Strike_R","Defend_R"]},{"damage_healed":0.0,"max_hp_gain":0.0,"max_hp_loss":0.0,"gold_gain":0.0,"event_name":"Scrap Ooze","player_choice":"Fled","floor":4.0,"gold_loss":0.0,"damage_taken":5.0},{"damage_healed":0.0,"max_hp_gain":0.0,"max_hp_loss":7.0,"gold_gain":0.0,"event_name":"Golden Idol","player_choice":"Lose Max HP","floor":5.0,"gold_loss":0.0,"damage_taken":0.0,"relics_obtained":["Golden Idol"]},{"damage_healed":17.0,"max_hp_gain":0.0,"max_hp_loss":0.0,"gold_gain":0.0,"event_name":"The Cleric","player_choice":"Healed","floor":7.0,"gold_loss":35.0,"damage_taken":0.0},{"damage_healed":0.0,"max_hp_gain":0.0,"max_hp_loss":0.0,"gold_gain":0.0,"event_name":"Liars Game","player_choice":"Ignored","floor":8.0,"gold_loss":0.0,"damage_taken":0.0},{"damage_healed":0.0,"max_hp_gain":0.0,"max_hp_loss":0.0,"gold_gain":0.0,"event_name":"Addict","player_choice":"Obtained Relic","floor":19.0,"gold_loss":85.0,"damage_taken":0.0,"relics_obtained":["Art of War"]},{"damage_healed":0.0,"max_hp_gain":0.0,"max_hp_loss":0.0,"gold_gain":0.0,"event_name":"Vampires","player_choice":"Ignored","floor":20.0,"gold_loss":0.0,"damage_taken":0.0},{"damage_healed":0.0,"max_hp_gain":0.0,"max_hp_loss":0.0,"gold_gain":0.0,"event_name":"Colosseum","player_choice":"Fight","floor":24.0,"gold_loss":0.0,"damage_taken":0.0},{"damage_healed":0.0,"max_hp_gain":0.0,"max_hp_loss":0.0,"gold_gain":0.0,"event_name":"Colosseum","player_choice":"Fled From Nobs","floor":24.0,"gold_loss":0.0,"damage_taken":0.0},{"damage_healed":0.0,"max_hp_gain":0.0,"max_hp_loss":0.0,"gold_gain":275.0,"event_name":"Golden Shrine","player_choice":"Desecrate","floor":25.0,"gold_loss":0.0,"damage_taken":0.0,"cards_obtained":["Regret"]},{"cards_removed":["Regret"],"damage_healed":0.0,"max_hp_gain":0.0,"max_hp_loss":0.0,"gold_gain":0.0,"event_name":"Back to Basics","player_choice":"Elegance","floor":31.0,"gold_loss":0.0,"damage_taken":0.0},{"damage_healed":0.0,"max_hp_gain":0.0,"max_hp_loss":0.0,"gold_gain":0.0,"event_name":"Mysterious Sphere","player_choice":"Ignored","floor":36.0,"gold_loss":0.0,"damage_taken":0.0},{"damage_healed":0.0,"max_hp_gain":0.0,"max_hp_loss":3.0,"gold_gain":0.0,"event_name":"Winding Halls","player_choice":"Max HP","floor":38.0,"gold_loss":0.0,"damage_taken":0.0},{"damage_healed":0.0,"max_hp_gain":0.0,"max_hp_loss":0.0,"gold_gain":0.0,"event_name":"MindBloom","player_choice":"Fight","floor":42.0,"gold_loss":0.0,"damage_taken":0.0}],"is_beta":false,"boss_relics":[{"not_picked":["Fusion Hammer","Ectoplasm"],"picked":"Pandora\u0027s Box"},{"not_picked":["Runic Cube","Black Star"],"picked":"Astrolabe"}],"items_purged_floors":[],"is_endless":false,"potions_floor_spawned":[1,12,14,16,21,22,27,33,37],"killed_by":"Transient","ascension_level":15}