{"gold_per_floor":[110,127,145,145,145,145,162,189,189,189,202,217,217,104,104,176,176,188,188,40,40,40,70,86,86,111,111,126,126],"floor_reached":29,"playtime":1035,"items_purged":["Strike_G"],"score":425,"play_id":"48304b3b-b571-447e-988d-1bc8775fb093","local_time":"20190125234513","is_ascension_mode":true,"campfire_choices":[{"floor":6,"key":"REST"},{"floor":13,"key":"DIG"},{"floor":15,"key":"REST"},{"floor":25,"key":"REST"},{"floor":27,"key":"DIG"}],"neow_cost":"NONE","seed_source_timestamp":103994159944300,"circlet_count":0,"master_deck":["AscendersBane","Defend_G+1","Defend_G","Defend_G","Defend_G","Defend_G","Strike_G","Strike_G","Strike_G","Strike_G+1","Survivor","Neutralize","Unload","Dodge and Roll","Terror","Caltrops","Backflip","Noxious Fumes","Noxious Fumes","Envenom","Writhe","Doubt","Concentrate","Dagger Spray","Dodge and Roll","Acrobatics","Escape Plan","Blade Dance"],"relics":["Ring of the Snake","Bird Faced Urn","Shovel","Darkstone Periapt","Ninja Scroll","Calling Bell","Anchor","Mummified Hand","Ginger","Dream Catcher","Paper Crane","Mercury Hourglass","Bag of Preparation","Shuriken"],"potions_floor_usage":[8,23,28,29],"damage_taken":[{"damage":3,"enemies":"2 Louse","floor":1,"turns":4},{"damage":0,"enemies":"Jaw Worm","floor":2,"turns":4},{"damage":5,"enemies":"Small Slimes","floor":3,"turns":4},{"damage":7,"enemies":"Looter","floor":7,"turns":3},{"damage":19,"enemies":"Lagavulin","floor":8,"turns":7},{"damage":6,"enemies":"3 Louse","floor":11,"turns":3},{"damage":8,"enemies":"Red Slaver","floor":12,"turns":3},{"damage":32,"enemies":"The Guardian","floor":16,"turns":9},{"damage":35,"enemies":"Shell Parasite","floor":18,"turns":8},{"damage":55,"enemies":"Slavers","floor":23,"turns":6},{"damage":16,"enemies":"Chosen","floor":24,"turns":6},{"damage":18,"enemies":"Snecko","floor":28,"turns":5},{"damage":28,"enemies":"Book of Stabbing","floor":29,"turns":4}],"seed_played":"707064025898531898","potions_obtained":[{"floor":3,"key":"GhostInAJar"},{"floor":12,"key":"Regen Potion"},{"floor":16,"key":"SpeedPotion"},{"floor":24,"key":"GhostInAJar"},{"floor":28,"key":"Swift Potion"}],"is_trial":false,"path_per_floor":["M","M","M","?","T","R","M","E","T","?","M","M","R","$","R","B",null,"M","?","$","?","?","E","M","R","T","R","M","E"],"character_chosen":"THE_SILENT","items_purchased":["Noxious Fumes","Dream Catcher"],"campfire_rested":3,"item_purchase_floors":[14,20],"current_hp_per_floor":[56,56,51,31,31,50,45,28,28,28,22,14,14,14,33,7,69,42,42,42,42,42,10,2,27,27,27,15,0],"gold":126,"neow_bonus":"ONE_RANDOM_RARE_CARD","is_prod":false,"is_daily":false,"chose_seed":false,"campfire_upgraded":0,"win_rate":0,"timestamp":1548431113,"path_taken":["M","M","M","?","?","R","M","E","T","?","M","M","R","$","R","BOSS","M","?","$","?","?","E","M","R","T","R","?","E"],"build_version":"2019-01-23","purchased_purges":1,"victory":false,"max_hp_per_floor":[66,66,66,66,66,66,66,66,66,66,66,66,66,66,66,66,84,84,84,84,84,84,84,84,84,84,84,84,84],"card_choices":[{"not_picked":["Underhanded Strike","Deflect"],"picked":"Dodge and Roll","floor":1},{"not_picked":["Underhanded Strike","Finisher"],"picked":"Terror","floor":2},{"not_picked":["Blur","Tactician"],"picked":"Caltrops","floor":3},{"not_picked":["Quick Slash","Blade Dance","Dagger Throw"],"picked":"SKIP","floor":7},{"not_picked":["Dagger Spray","Sucker Punch"],"picked":"Cloak And Dagger","floor":8},{"not_picked":["Distraction","Calculated Gamble"],"picked":"Backflip","floor":11},{"not_picked":["Tactician","Heel Hook"],"picked":"Noxious Fumes","floor":12},{"not_picked":["Night Terror","Venomology"],"picked":"Envenom","floor":16},{"not_picked":["Dagger Throw+1","Flying Knee"],"picked":"Concentrate","floor":18},{"not_picked":["Slice","A Thousand Cuts"],"picked":"Dodge and Roll","floor":23},{"not_picked":["Terror","Outmaneuver"],"picked":"Acrobatics","floor":24},{"not_picked":["Slice","Distraction"],"picked":"Escape Plan","floor":25},{"not_picked":["Eviscerate","Prepared"],"picked":"Blade Dance","floor":28}],"player_experience":670754,"relics_obtained":[{"floor":5,"key":"Bird Faced Urn"},{"floor":8,"key":"Shovel"},{"floor":9,"key":"Darkstone Periapt"},{"floor":13,"key":"Ninja Scroll"},{"floor":17,"key":"Anchor"},{"floor":17,"key":"Mummified Hand"},{"floor":17,"key":"Ginger"},{"floor":23,"key":"Mercury Hourglass"},{"floor":26,"key":"Bag of Preparation"},{"floor":27,"key":"Shuriken"}],"event_choices":[{"damage_healed":0,"gold_gain":0,"player_choice":"Entered Light","damage_taken":20,"max_hp_gain":0,"max_hp_loss":0,"event_name":"Shining Light","floor":4,"gold_loss":0,"cards_upgraded":["Strike_G","Defend_G"]},{"damage_healed":0,"gold_gain":0,"player_choice":"Ignored","damage_taken":0,"max_hp_gain":0,"max_hp_loss":0,"event_name":"Liars Game","floor":10,"gold_loss":0},{"cards_removed":["Shame"],"damage_healed":0,"gold_gain":0,"player_choice":"Elegance","damage_taken":0,"max_hp_gain":0,"max_hp_loss":0,"event_name":"Back to Basics","floor":19,"gold_loss":0},{"damage_healed":0,"gold_gain":0,"player_choice":"Read","damage_taken":0,"max_hp_gain":0,"max_hp_loss":0,"event_name":"The Library","floor":21,"gold_loss":0,"cards_obtained":["Dagger Spray"]},{"cards_removed":["Cloak And Dagger"],"damage_healed":0,"gold_gain":0,"player_choice":"Gave Card","damage_taken":0,"relics_obtained":["Paper Crane"],"max_hp_gain":0,"max_hp_loss":0,"event_name":"WeMeetAgain","floor":22,"gold_loss":0}],"is_beta":false,"boss_relics":[{"not_picked":["Pandora\u0027s Box","Runic Pyramid"],"picked":"Calling Bell"}],"items_purged_floors":[14],"is_endless":false,"potions_floor_spawned":[3,12,16,24,28],"killed_by":"Book of Stabbing","ascension_level":15}