{"gold_per_floor":[216,231,306,325,343,343,343,443,466,479,536,536,552,552,552,552],"floor_reached":16,"playtime":959,"items_purged":[],"score":128,"play_id":"00609857-33e3-4922-99b2-004269c8eea1","local_time":"20190120165707","is_ascension_mode":true,"campfire_choices":[{"data":"Bash","floor":6.0,"key":"SMITH"},{"data":"Uppercut","floor":12,"key":"SMITH"},{"data":"Pommel Strike","floor":15,"key":"SMITH"}],"neow_cost":"NONE","seed_source_timestamp":156638873967407,"circlet_count":0,"master_deck":["Strike_R","Strike_R","Strike_R","Strike_R","Strike_R","Defend_R","Defend_R","Defend_R","Defend_R","Bash+1","Spot Weakness","Sword Boomerang","Pommel Strike+1","Rampage","Twin Strike","Uppercut+1"],"special_seed":0,"relics":["Burning Blood","Tiny Chest"],"potions_floor_usage":[11,16,16],"damage_taken":[{"damage":1.0,"enemies":"Cultist","floor":1.0,"turns":3.0},{"damage":10.0,"enemies":"2 Louse","floor":2.0,"turns":3.0},{"damage":9.0,"enemies":"Jaw Worm","floor":4.0,"turns":4.0},{"damage":9.0,"enemies":"Red Slaver","floor":5.0,"turns":3.0},{"damage":8,"enemies":"Blue Slaver","floor":10,"turns":2},{"damage":26,"enemies":"Gremlin Nob","floor":11,"turns":4},{"damage":15,"enemies":"3 Louse","floor":13,"turns":3},{"damage":45,"enemies":"Hexaghost","floor":16,"turns":9}],"seed_played":"-5461043831116319910","potions_obtained":[{"floor":1.0,"key":"Regen Potion"},{"floor":10,"key":"Weak Potion"},{"floor":11,"key":"PowerPotion"}],"is_trial":false,"path_per_floor":["M","M","?","M","M","R","?","?","T","M","E","R","M","?","R","B"],"character_chosen":"IRONCLAD","items_purchased":[],"campfire_rested":0,"item_purchase_floors":[],"current_hp_per_floor":[80,76,65,62,59,59,59,59,59,57,37,37,28,28,28,0],"gold":552,"neow_bonus":"HUNDRED_GOLD","is_prod":false,"is_daily":false,"chose_seed":false,"campfire_upgraded":3,"win_rate":0,"timestamp":1548032227,"path_taken":["M","M","?","M","M","R","?","?","T","?","E","R","M","?","R","BOSS"],"build_version":"2019-01-17v2","purchased_purges":0,"victory":false,"max_hp_per_floor":[80,80,80,80,80,80,80,80,80,80,80,80,80,80,80,80],"card_choices":[{"not_picked":["Sword Boomerang","Blood for Blood"],"picked":"Spot Weakness","floor":1.0},{"not_picked":["Wild Strike","Fire Breathing"],"picked":"Sword Boomerang","floor":2.0},{"not_picked":["Whirlwind","Body Slam"],"picked":"Pommel Strike","floor":4.0},{"not_picked":["Corruption","Power Through"],"picked":"Rampage","floor":5.0},{"not_picked":["Rage","Pummel"],"picked":"Twin Strike","floor":10},{"not_picked":["Corruption","Shrug It Off"],"picked":"Uppercut","floor":11},{"not_picked":["Body Slam","Spot Weakness","Uppercut"],"picked":"SKIP","floor":13}],"player_experience":350587,"relics_obtained":[{"floor":11,"key":"Tiny Chest"}],"event_choices":[{"damage_healed":0.0,"max_hp_gain":0.0,"max_hp_loss":0.0,"gold_gain":75.0,"event_name":"World of Goop","player_choice":"Gather Gold","floor":3.0,"gold_loss":0.0,"damage_taken":11.0},{"damage_healed":0,"gold_gain":0,"player_choice":"Ignored","damage_taken":0,"max_hp_gain":0,"max_hp_loss":0,"event_name":"Shining Light","floor":7,"gold_loss":0},{"damage_healed":0,"gold_gain":100,"player_choice":"Gold","damage_taken":0,"max_hp_gain":0,"max_hp_loss":0,"event_name":"Wheel of Change","floor":8,"gold_loss":0},{"damage_healed":0,"gold_gain":0,"player_choice":"Searched \u00271\u0027 times","damage_taken":0,"max_hp_gain":0,"max_hp_loss":0,"event_name":"Dead Adventurer","floor":14,"gold_loss":0}],"is_beta":false,"boss_relics":[],"items_purged_floors":[],"is_endless":false,"potions_floor_spawned":[1,10,11],"killed_by":"Hexaghost","ascension_level":5}