{"gold_per_floor":[119,130,130,130,143,169,169,202,202,214,6,26,59,76,76,177,177,191,210,210,229,243,271,289,315,367,381,395,423,423,423,423,523,523,534,545,558,69,89,114,125,125,152,152,152,181,19,34,34,34],"floor_reached":51,"playtime":4552,"items_purged":["Defend_R","Pain"],"score":855,"play_id":"f9fbfdb0-0f48-4248-a3a2-8ba763eb040b","local_time":"20180925143225","is_ascension_mode":true,"campfire_choices":[{"data":"True Grit","floor":7,"key":"SMITH"},{"data":"1","floor":15,"key":"LIFT"},{"data":"2","floor":32,"key":"LIFT"},{"data":"3","floor":44,"key":"LIFT"},{"data":"Double Tap","floor":49,"key":"SMITH"}],"neow_cost":"","seed_source_timestamp":625861077717010,"circlet_count":0,"master_deck":["Strike_R","Strike_R","Strike_R+1","Strike_R","Strike_R","Bash+1","Clash","Shrug It Off","Seeing Red","True Grit+1","Infernal Blade","Shockwave","Wild Strike","Headbutt","Dual Wield","Pommel Strike","Reaper","Corruption","Pommel Strike","Shrug It Off","Armaments+1","Flex+1","Headbutt","Twin Strike+1","Feed","Heavy Blade+1","Ghostly Armor","Perfected Strike+1","Impervious","Battle Trance","Headbutt+1","Pummel+1","Pommel Strike","Double Tap+1","Feel No Pain","Second Wind+1","Perfected Strike+1","Twin Strike+1","Discovery","Mind Blast","Chrysalis","Flex+1","Twin Strike","Corruption","Headbutt+1"],"relics":["Burning Blood","Dodecahedron","The Courier","Girya","Kunai","Gremlin Horn","Question Card","Empty Cage","Self Forming Clay","Vajra","Boot","Whetstone","MutagenicStrength","Nilry\u0027s Codex","Cursed Key","Blood Vial","Centennial Puzzle","Ancient Tea Set","Strawberry","Sundial"],"potions_floor_usage":[16,16,23,23,25,28,33,48,50,50],"damage_taken":[{"damage":5,"enemies":"Cultist","floor":1,"turns":4},{"damage":6,"enemies":"Jaw Worm","floor":2,"turns":2},{"damage":0,"enemies":"2 Louse","floor":5,"turns":1},{"damage":20,"enemies":"3 Sentries","floor":6,"turns":12},{"damage":18,"enemies":"Lagavulin","floor":8,"turns":4},{"damage":18,"enemies":"Exordium Thugs","floor":10,"turns":5},{"damage":0,"enemies":"2 Fungi Beasts","floor":12,"turns":3},{"damage":9,"enemies":"3 Sentries","floor":13,"turns":8},{"damage":6,"enemies":"3 Louse","floor":14,"turns":3},{"damage":35,"enemies":"Hexaghost","floor":16,"turns":6},{"damage":0,"enemies":"Spheric Guardian","floor":18,"turns":3},{"damage":0,"enemies":"3 Byrds","floor":19,"turns":4},{"damage":16,"enemies":"Snecko","floor":21,"turns":4},{"damage":1,"enemies":"Cultist and Chosen","floor":22,"turns":6},{"damage":18,"enemies":"Gremlin Leader","floor":23,"turns":4},{"damage":17,"enemies":"Snake Plant","floor":24,"turns":4},{"damage":36,"enemies":"Slavers","floor":25,"turns":6},{"damage":9,"enemies":"Snecko","floor":27,"turns":5},{"damage":16,"enemies":"Chosen and Byrds","floor":28,"turns":6},{"damage":26,"enemies":"Gremlin Leader","floor":29,"turns":5},{"damage":20,"enemies":"Automaton","floor":33,"turns":6},{"damage":5,"enemies":"3 Shapes","floor":35,"turns":3},{"damage":0,"enemies":"Orb Walker","floor":36,"turns":2},{"damage":2,"enemies":"3 Darklings","floor":37,"turns":3},{"damage":3,"enemies":"Reptomancer","floor":39,"turns":2},{"damage":38,"enemies":"Nemesis","floor":40,"turns":5},{"damage":12,"enemies":"4 Shapes","floor":41,"turns":4},{"damage":30,"enemies":"2 Orb Walkers","floor":46,"turns":3},{"damage":11,"enemies":"Maw","floor":48,"turns":4},{"damage":44,"enemies":"Donu and Deca","floor":50,"turns":5}],"seed_played":"-684266447393492268","potions_obtained":[{"floor":1,"key":"Fire Potion"},{"floor":10,"key":"Ancient Potion"},{"floor":12,"key":"PowerPotion"},{"floor":13,"key":"SkillPotion"},{"floor":18,"key":"SteroidPotion"},{"floor":21,"key":"Explosive Potion"},{"floor":27,"key":"Regen Potion"},{"floor":29,"key":"FearPotion"},{"floor":33,"key":"SpeedPotion"},{"floor":40,"key":"PowerPotion"},{"floor":41,"key":"Swift Potion"},{"floor":46,"key":"EssenceOfSteel"}],"is_trial":false,"path_per_floor":["M","M","T","?","M","E","R","E","T","M","$","M","E","M","R","B",null,"M","M","?","M","M","E","M","E","T","M","M","E","?","?","R","B",null,"M","M","M","$","M","E","M","?","T","R","?","E","$","M","R","B"],"character_chosen":"IRONCLAD","items_purchased":["Gremlin Horn","Pommel Strike","Blood Vial","Centennial Puzzle","Double Tap","Feel No Pain","Twin Strike","Corruption"],"campfire_rested":0,"item_purchase_floors":[11,38,38,38,38,38,47,47],"current_hp_per_floor":[80,80,80,80,80,66,66,54,54,50,50,56,53,53,53,24,80,80,80,80,78,80,68,57,34,34,40,58,50,50,34,34,20,83,86,86,89,89,89,57,83,83,90,90,80,72,72,98,98,61],"gold":34,"neow_bonus":"","is_prod":false,"is_daily":false,"chose_seed":false,"campfire_upgraded":2,"win_rate":0,"timestamp":1537860745,"path_taken":["M","M","?","?","?","E","R","E","T","M","$","M","E","M","R","BOSS","M","M","?","M","M","E","M","E","T","M","M","E","?","?","R","BOSS","M","?","M","$","M","E","M","?","T","R","?","E","$","M","R","BOSS"],"build_version":"2018-09-20","purchased_purges":2,"victory":true,"max_hp_per_floor":[80,80,80,80,80,80,80,80,80,80,80,80,80,80,80,80,80,80,80,80,80,80,80,80,80,80,80,80,83,83,83,83,83,83,86,86,89,89,89,89,89,89,96,96,96,96,96,99,99,99],"card_choices":[{"not_picked":["Power Through","True Grit"],"picked":"Clash","floor":1},{"not_picked":["Combust","Metallicize"],"picked":"Shrug It Off","floor":2},{"not_picked":["Iron Wave","Whirlwind"],"picked":"True Grit","floor":5},{"not_picked":["Hemokinesis","Inflame"],"picked":"Infernal Blade","floor":6},{"not_picked":["Blood for Blood","Exhume"],"picked":"Shockwave","floor":8},{"not_picked":["Havoc","Anger"],"picked":"Wild Strike","floor":10},{"not_picked":["Anger","Clash"],"picked":"Headbutt","floor":12},{"not_picked":["Dropkick","Anger"],"picked":"Dual Wield","floor":13},{"not_picked":["Reckless Charge","Thunderclap","Cleave"],"picked":"Pommel Strike","floor":14},{"not_picked":["Barricade","Berserk","Dark Embrace"],"picked":"Reaper","floor":16},{"not_picked":["Hemokinesis","Clothesline","Sentinel"],"picked":"Corruption","floor":18},{"not_picked":["Cleave","Whirlwind","Anger"],"picked":"Pommel Strike","floor":19},{"not_picked":["Sever Soul","Intimidate","Headbutt"],"picked":"Armaments+1","floor":21},{"not_picked":["Blood for Blood","Warcry","Heavy Blade+1"],"picked":"Flex+1","floor":22},{"not_picked":["Sever Soul","Flex","Sword Boomerang+1"],"picked":"Headbutt","floor":23},{"not_picked":["Sword Boomerang","Blood for Blood+1","Havoc"],"picked":"Twin Strike+1","floor":24},{"not_picked":["Sentinel","Pummel","Dual Wield"],"picked":"Feed","floor":25},{"not_picked":["Iron Wave","Rampage","True Grit"],"picked":"Heavy Blade+1","floor":27},{"not_picked":["Clash","Infernal Blade","Body Slam"],"picked":"Ghostly Armor","floor":28},{"not_picked":["Brutality","Flex","Clash"],"picked":"Perfected Strike","floor":29},{"not_picked":["Double Tap","Fiend Fire","Immolate"],"picked":"Impervious","floor":33},{"not_picked":["Twin Strike","Clash","Anger+1"],"picked":"Battle Trance","floor":35},{"not_picked":["Iron Wave","Inflame","Disarm+1"],"picked":"Headbutt+1","floor":36},{"not_picked":["Carnage+1","Armaments","Clothesline+1"],"picked":"Pummel+1","floor":37},{"not_picked":["Anger+1","Thunderclap","Clash"],"picked":"Second Wind+1","floor":39},{"not_picked":["Flex+1","Warcry+1","Heavy Blade"],"picked":"Perfected Strike+1","floor":40},{"not_picked":["Clash+1","Inflame","Uppercut+1"],"picked":"Twin Strike+1","floor":41},{"not_picked":["Finesse","Forethought","Trip"],"picked":"Discovery","floor":45},{"not_picked":["Thinking Ahead","Good Instincts","Sadistic Nature"],"picked":"Mind Blast","floor":45},{"not_picked":["Madness","Enlightenment","HandOfGreed"],"picked":"Chrysalis","floor":45},{"not_picked":["Anger","Clash+1","Whirlwind"],"picked":"Flex+1","floor":46},{"not_picked":["Clothesline","Iron Wave+1","Shrug It Off"],"picked":"Headbutt+1","floor":48}],"player_experience":141909,"relics_obtained":[{"floor":3,"key":"Dodecahedron"},{"floor":6,"key":"The Courier"},{"floor":8,"key":"Girya"},{"floor":9,"key":"Kunai"},{"floor":13,"key":"Question Card"},{"floor":23,"key":"Self Forming Clay"},{"floor":25,"key":"Vajra"},{"floor":26,"key":"Boot"},{"floor":29,"key":"Whetstone"},{"floor":31,"key":"Nilry\u0027s Codex"},{"floor":40,"key":"Ancient Tea Set"},{"floor":43,"key":"Strawberry"},{"floor":46,"key":"Sundial"}],"event_choices":[{"event_name":"Living Wall","player_choice":"Change","floor":4,"damage_taken":0},{"event_name":"The Library","player_choice":"Read","floor":20,"damage_taken":0},{"event_name":"Drug Dealer","player_choice":"Inject Mutagens","floor":30,"damage_taken":0},{"event_name":"Cursed Tome","player_choice":"Obtained Book","floor":31,"damage_taken":0},{"event_name":"Upgrade Shrine","player_choice":"Upgraded","floor":42,"damage_taken":0},{"event_name":"SensoryStone","player_choice":"Memory 3","floor":45,"damage_taken":0}],"is_beta":false,"boss_relics":[{"not_picked":["Tiny House","Ectoplasm"],"picked":"Empty Cage"},{"not_picked":["Runic Cube","Lizard Tail"],"picked":"Cursed Key"}],"items_purged_floors":[38,47],"is_endless":false,"potions_floor_spawned":[1,10,12,13,14,18,21,27,29,33,40,41,46],"ascension_level":1}