{"gold_per_floor":[116,116,188,205,220,251,251,263,341,357,357,381,381,381,381,480,480,492,510,425,34,51,51,71,71,124,124,150,81,81,81,81,184,184,202,215,261,273,292,320,320,346,393,138,156,171,171,171,171,171],"floor_reached":51,"playtime":3201,"items_purged":["Strike_B","Strike_B"],"score":750,"play_id":"61678111-c3af-4980-8e1a-1a1cc992f9d2","local_time":"20180928054727","is_ascension_mode":false,"campfire_choices":[{"data":"Storm","floor":7,"key":"SMITH"},{"floor":11,"key":"REST"},{"data":"Defragment","floor":13,"key":"SMITH"},{"data":"Self Repair","floor":15,"key":"SMITH"},{"data":"Zap","floor":23,"key":"SMITH"},{"data":"Genetic Algorithm","floor":27,"key":"SMITH"},{"data":"Capacitor","floor":30,"key":"SMITH"},{"data":"Seek","floor":32,"key":"SMITH"},{"floor":47,"key":"DIG"},{"floor":49,"key":"DIG"}],"neow_cost":"NONE","seed_source_timestamp":854928178176590,"circlet_count":0,"master_deck":["Strike_B","Strike_B","Defend_B","Defend_B","Defend_B+1","Defend_B+1","Zap+1","Dualcast","Electrodynamics","Storm+1","FTL","Storm","Self Repair+1","Defragment+1","Seek+1","Turbo","Coolheaded","Conserve Battery","Genetic Algorithm+1","Reinforced Body","Necronomicurse","Steam Power+1","Capacitor+1","Thunder Strike","Steam+1","BootSequence+1","Defragment","Defragment+1","Tempest","Madness","Madness","White Noise","Undo","Loop","Coolheaded","Steam+1"],"relics":["Cracked Core","Kunai","Anchor","Dodecahedron","Boot","Art of War","Coffee Dripper","Dream Catcher","Bird Faced Urn","Necronomicon","Tiny Chest","Calipers","Meat on the Bone","Inserter","Shovel","Pen Nib","Sundial","Omamori","Orichalcum","Lantern"],"potions_floor_usage":[8,16,22,28,28,33,42,42,42,50,50],"damage_taken":[{"damage":1,"enemies":"Cultist","floor":1,"turns":3},{"damage":8,"enemies":"2 Louse","floor":4,"turns":2},{"damage":3,"enemies":"Jaw Worm","floor":5,"turns":3},{"damage":30,"enemies":"Gremlin Nob","floor":6,"turns":4},{"damage":0,"enemies":"Gremlin Gang","floor":8,"turns":2},{"damage":12,"enemies":"Exordium Wildlife","floor":10,"turns":4},{"damage":15,"enemies":"Hexaghost","floor":16,"turns":6},{"damage":0,"enemies":"Chosen","floor":18,"turns":3},{"damage":0,"enemies":"Spheric Guardian","floor":19,"turns":3},{"damage":0,"enemies":"3 Cultists","floor":22,"turns":2},{"damage":6,"enemies":"Snake Plant","floor":24,"turns":3},{"damage":28,"enemies":"Slavers","floor":28,"turns":4},{"damage":40,"enemies":"Champ","floor":33,"turns":12},{"damage":2,"enemies":"3 Darklings","floor":35,"turns":2},{"damage":2,"enemies":"Orb Walker","floor":36,"turns":4},{"damage":17,"enemies":"Mysterious Sphere","floor":37,"turns":4},{"damage":0,"enemies":"Sphere and 2 Shapes","floor":38,"turns":3},{"damage":6,"enemies":"4 Shapes","floor":39,"turns":4},{"damage":0,"enemies":"Giant Head","floor":40,"turns":6},{"damage":8,"enemies":"2 Orb Walkers","floor":42,"turns":3},{"damage":14,"enemies":"Maw","floor":45,"turns":5},{"damage":0,"enemies":"Sphere and 2 Shapes","floor":46,"turns":3},{"damage":26,"enemies":"Donu and Deca","floor":50,"turns":6}],"seed_played":"8812452903000523684","potions_obtained":[{"floor":5,"key":"Explosive Potion"},{"floor":6,"key":"Poison Potion"},{"floor":8,"key":"PowerPotion"},{"floor":16,"key":"Swift Potion"},{"floor":18,"key":"SteroidPotion"},{"floor":24,"key":"Fire Potion"},{"floor":33,"key":"Weak Potion"},{"floor":35,"key":"Strength Potion"},{"floor":37,"key":"AttackPotion"},{"floor":38,"key":"Explosive Potion"},{"floor":42,"key":"SkillPotion"},{"floor":46,"key":"AttackPotion"}],"is_trial":false,"path_per_floor":["M","?","T","M","M","E","R","M","T","M","R","T","R","?","R","B",null,"M","M","?","$","M","R","M","?","T","R","E","$","R","T","R","B",null,"M","M","?","M","M","E","?","E","T","$","M","M","R","?","R","B"],"character_chosen":"DEFECT","items_purchased":["Bird Faced Urn","Conserve Battery","Capacitor","Undo","Loop","Ball Lightning"],"campfire_rested":1,"item_purchase_floors":[21,21,29,44,44,44],"current_hp_per_floor":[74,59,59,51,48,18,18,18,18,13,35,35,35,28,28,13,75,75,75,75,75,75,75,75,59,59,59,51,51,51,51,51,45,75,73,75,71,75,75,75,66,68,68,68,75,75,75,75,75,69],"gold":171,"neow_bonus":"ONE_RANDOM_RARE_CARD","is_prod":false,"is_daily":false,"chose_seed":false,"campfire_upgraded":7,"win_rate":0,"timestamp":1538088447,"path_taken":["M","?","?","M","M","E","R","?","T","M","R","?","R","?","R","BOSS","M","M","?","$","M","R","M","?","T","R","E","?","R","?","R","BOSS","M","M","?","M","?","E","?","E","T","$","M","M","R","?","R","BOSS"],"build_version":"2018-09-20","purchased_purges":2,"victory":true,"max_hp_per_floor":[75,75,75,75,75,75,75,75,75,75,75,75,75,75,75,75,75,75,75,75,75,75,75,75,75,75,75,75,75,75,75,75,75,75,75,75,75,75,75,75,75,75,75,75,75,75,75,75,75,75],"card_choices":[{"not_picked":["Ball Lightning","Conserve Battery"],"picked":"Storm","floor":1},{"not_picked":["Chaos","Reprogram"],"picked":"FTL","floor":4},{"not_picked":["Gash","Darkness","Streamline"],"picked":"SKIP","floor":5},{"not_picked":["Seek","Darkness"],"picked":"Storm","floor":6},{"not_picked":["Hologram","Sweeping Beam"],"picked":"Self Repair","floor":8},{"not_picked":["Go for the Eyes","FTL"],"picked":"Defragment","floor":10},{"not_picked":["Machine Learning","Thunder Strike"],"picked":"Seek","floor":16},{"not_picked":["Compile Driver","Steam"],"picked":"Turbo","floor":18},{"not_picked":["Compile Driver","Ball Lightning"],"picked":"Coolheaded","floor":19},{"not_picked":["Go for the Eyes","Gash+1"],"picked":"Genetic Algorithm","floor":22},{"not_picked":["Cold Snap","Hologram"],"picked":"Reinforced Body","floor":24},{"not_picked":["Blizzard+1","Hologram"],"picked":"Steam Power+1","floor":28},{"not_picked":["Seek","Meteor Strike"],"picked":"Thunder Strike","floor":33},{"not_picked":["Streamline","Cold Snap"],"picked":"Steam+1","floor":35},{"not_picked":["Undo","Leap+1"],"picked":"BootSequence+1","floor":36},{"not_picked":["Ball Lightning+1","Rip and Tear"],"picked":"Defragment","floor":38},{"not_picked":["Core Surge","Consume+1"],"picked":"Defragment+1","floor":39},{"not_picked":["Go for the Eyes","Hyperbeam"],"picked":"Tempest","floor":40},{"not_picked":["Aggregate","Stack+1"],"picked":"White Noise","floor":42},{"not_picked":["Auto Shields","Sweeping Beam"],"picked":"Coolheaded","floor":45},{"not_picked":["Streamline+1","Leap"],"picked":"Steam+1","floor":46}],"player_experience":227932,"relics_obtained":[{"floor":3,"key":"Kunai"},{"floor":6,"key":"Anchor"},{"floor":9,"key":"Dodecahedron"},{"floor":12,"key":"Boot"},{"floor":25,"key":"Necronomicon"},{"floor":26,"key":"Tiny Chest"},{"floor":28,"key":"Calipers"},{"floor":31,"key":"Meat on the Bone"},{"floor":37,"key":"Shovel"},{"floor":40,"key":"Pen Nib"},{"floor":42,"key":"Sundial"},{"floor":43,"key":"Omamori"},{"floor":47,"key":"Orichalcum"},{"floor":49,"key":"Lantern"}],"event_choices":[{"event_name":"Shining Light","player_choice":"Entered Light","floor":2,"damage_taken":0},{"event_name":"Scrap Ooze","player_choice":"success","floor":14,"damage_taken":7},{"event_name":"Addict","player_choice":"Obtained Relic","floor":20,"damage_taken":0},{"event_name":"Cursed Tome","player_choice":"Obtained Book","floor":25,"damage_taken":0},{"event_name":"Mysterious Sphere","player_choice":"Fight","floor":37,"damage_taken":0},{"event_name":"Winding Halls","player_choice":"Embrace Madness","floor":41,"damage_taken":0},{"event_name":"Falling","player_choice":"Removed Attack","floor":48,"damage_taken":0}],"is_beta":false,"boss_relics":[{"not_picked":["Runic Dome","Nuclear Battery"],"picked":"Coffee Dripper"},{"not_picked":["Lizard Tail","Astrolabe"],"picked":"Inserter"}],"items_purged_floors":[21,44],"is_endless":false,"potions_floor_spawned":[5,6,8,16,18,24,33,35,37,38,42,46],"ascension_level":0}