{"gold_per_floor":[117,67,15,15,15,15,47,63,115,115,129,129,146,158,158,262,262],"floor_reached":17,"playtime":1431,"items_purged":[],"score":163,"play_id":"9707702f-f220-4d98-9bfd-851e96556b89","local_time":"20180904162737","is_ascension_mode":true,"campfire_choices":[{"data":"Creative AI","floor":6,"key":"SMITH"},{"floor":10,"key":"REST"},{"data":"Conserve Battery","floor":12,"key":"SMITH"},{"floor":15,"key":"REST"}],"neow_cost":"NONE","seed_source_timestamp":1721806821644360,"circlet_count":0,"master_deck":["Zap","Dualcast","Creative AI+1","Consume","Leap","Hologram","Conserve Battery+1","Loop","Cold Snap","Rebound","Amplify","Redo","Amplify","Streamline","Aggregate","Capacitor","Barrage","Chaos","Ball Lightning"],"relics":["Cracked Core","Dodecahedron","Prayer Wheel","Boot","Pandora\u0027s Box"],"potions_floor_usage":[16],"damage_taken":[{"damage":0,"enemies":"2 Louse","floor":1,"turns":2},{"damage":21,"enemies":"Lagavulin","floor":7,"turns":6},{"damage":4,"enemies":"Jaw Worm","floor":8,"turns":4},{"damage":3,"enemies":"Small Slimes","floor":11,"turns":5},{"damage":2,"enemies":"3 Louse","floor":13,"turns":4},{"damage":36,"enemies":"Gremlin Gang","floor":14,"turns":8},{"damage":57,"enemies":"The Guardian","floor":16,"turns":13}],"seed_played":"-1389433347089147256","potions_obtained":[{"floor":14,"key":"Fruit Juice"},{"floor":16,"key":"Weak Potion"}],"is_trial":false,"path_per_floor":["M","?","?","?","$","R","E","M","T","R","M","R","M","M","R","B"],"character_chosen":"DEFECT","items_purchased":[],"campfire_rested":2,"item_purchase_floors":[],"current_hp_per_floor":[75,75,75,75,75,75,54,50,50,72,69,69,67,31,53,1,80],"gold":262,"neow_bonus":"ONE_RANDOM_RARE_CARD","is_prod":false,"is_daily":false,"chose_seed":false,"campfire_upgraded":2,"win_rate":0,"timestamp":1536103657,"path_taken":["M","?","?","?","$","R","E","M","T","R","M","R","M","M","R","BOSS"],"build_version":"2018-08-30","purchased_purges":0,"victory":false,"max_hp_per_floor":[75,75,75,75,75,75,75,75,75,75,75,75,75,75,75,80,80],"card_choices":[{"not_picked":["Stack","Go for the Eyes"],"picked":"Consume","floor":1},{"not_picked":["Steam","Barrage"],"picked":"Leap","floor":7},{"not_picked":["Stack","Compile Driver"],"picked":"Hologram","floor":8},{"not_picked":["Reinforced Body","Reprogram"],"picked":"Conserve Battery","floor":8},{"not_picked":["Redo","Darkness"],"picked":"Loop","floor":11},{"not_picked":["Turbo","Double Energy","Sweeping Beam"],"picked":"SKIP","floor":11},{"not_picked":["Hello World","Chaos"],"picked":"Cold Snap","floor":13},{"not_picked":["Compile Driver","Sweeping Beam"],"picked":"Rebound","floor":13},{"not_picked":["Rip and Tear","Auto Shields"],"picked":"Amplify","floor":14},{"not_picked":["Barrage","Cold Snap"],"picked":"Redo","floor":14},{"not_picked":["Multi-Cast","Thunder Strike"],"picked":"Amplify","floor":16}],"player_experience":147801,"relics_obtained":[{"floor":7,"key":"Prayer Wheel"},{"floor":9,"key":"Boot"}],"event_choices":[{"event_name":"The Cleric","player_choice":"Card Removal","floor":2,"damage_taken":0},{"event_name":"WeMeetAgain","player_choice":"Gold","floor":3,"damage_taken":0},{"event_name":"Bonfire Elementals","player_choice":"BASIC","floor":4,"damage_taken":0}],"is_beta":false,"boss_relics":[{"not_picked":["Fusion Hammer","Busted Crown"],"picked":"Pandora\u0027s Box"}],"items_purged_floors":[],"is_endless":false,"potions_floor_spawned":[14,16],"ascension_level":1}