{"gold_per_floor":[109,121,38,88,88,88,115,115,185,110,110,110,35,35,35,112,112,112],"floor_reached":18,"playtime":317,"items_purged":[],"score":358,"play_id":"461b1799-0ca1-4f72-b0fe-250e7a41c883","local_time":"20190227172336","is_ascension_mode":true,"campfire_choices":[{"data":"Defragment","floor":6,"key":"SMITH"},{"data":"Thunder Strike","floor":8,"key":"SMITH"},{"data":"Zap","floor":11,"key":"SMITH"},{"data":"Doom and Gloom","floor":15,"key":"SMITH"}],"neow_cost":"NONE","seed_source_timestamp":16137387172824,"circlet_count":0,"master_deck":["AscendersBane","Strike_B","Strike_B","Strike_B","Strike_B+1","Defend_B","Defend_B","Defend_B+1","Defend_B","Zap+1","Dualcast","Doom and Gloom+1","Go for the Eyes","Defragment+1","Thunder Strike+1","Glacier","Buffer"],"relics":["Cracked Core","NeowsBlessing","Regal Pillow","Mercury Hourglass","Letter Opener","Sozu"],"potions_floor_usage":[],"damage_taken":[{"damage":0,"enemies":"2 Louse","floor":1,"turns":1},{"damage":0,"enemies":"Small Slimes","floor":2,"turns":1},{"damage":0,"enemies":"3 Sentries","floor":7,"turns":1},{"damage":4,"enemies":"The Guardian","floor":16,"turns":10},{"damage":29,"enemies":"Shell Parasite","floor":18,"turns":3}],"seed_played":"-3413914379100508458","potions_obtained":[{"floor":7,"key":"SpeedPotion"}],"is_trial":false,"path_per_floor":["M","M","$","?","?","R","E","R","T","$","R","?","?","$","R","B",null,"M"],"character_chosen":"DEFECT","items_purchased":["Defragment","Glacier"],"campfire_rested":0,"item_purchase_floors":[3,10],"current_hp_per_floor":[64,64,64,64,43,43,43,43,43,43,43,43,43,43,43,39,63,34],"gold":112,"neow_bonus":"THREE_ENEMY_KILL","is_prod":false,"is_daily":false,"chose_seed":false,"campfire_upgraded":4,"win_rate":0,"timestamp":1551284616,"path_taken":["M","M","$","?","?","R","E","R","T","$","R","?","?","?","R","BOSS","M"],"build_version":"2019-02-06","purchased_purges":0,"victory":false,"max_hp_per_floor":[71,71,71,71,71,71,71,71,71,71,71,71,71,71,71,71,71,71],"card_choices":[{"not_picked":["Leap","Lockon"],"picked":"Doom and Gloom","floor":1},{"not_picked":["Skim","Reinforced Body"],"picked":"Go for the Eyes","floor":2},{"not_picked":["Redo","Recycle"],"picked":"Thunder Strike","floor":7},{"not_picked":["Thunder Strike","Biased Cognition"],"picked":"Buffer","floor":16}],"player_experience":955680,"relics_obtained":[{"floor":7,"key":"Regal Pillow"},{"floor":9,"key":"Mercury Hourglass"}],"event_choices":[{"damage_healed":0,"gold_gain":50,"player_choice":"Gained Gold","damage_taken":0,"max_hp_gain":0,"max_hp_loss":0,"event_name":"Golden Wing","floor":4,"gold_loss":0},{"damage_healed":0,"gold_gain":0,"player_choice":"Entered Light","damage_taken":21,"max_hp_gain":0,"max_hp_loss":0,"event_name":"Shining Light","floor":5,"gold_loss":0,"cards_upgraded":["Defend_B","Strike_B"]},{"damage_healed":0,"gold_gain":0,"player_choice":"Box","damage_taken":0,"relics_obtained":["Letter Opener"],"max_hp_gain":0,"max_hp_loss":0,"event_name":"Big Fish","floor":12,"gold_loss":0,"cards_obtained":["Regret"]},{"cards_removed":["Regret"],"damage_healed":0,"gold_gain":0,"player_choice":"Card Removal","damage_taken":0,"max_hp_gain":0,"max_hp_loss":0,"event_name":"The Cleric","floor":13,"gold_loss":75}],"is_beta":true,"boss_relics":[{"not_picked":["FrozenCore","Nuclear Battery"],"picked":"Sozu"}],"items_purged_floors":[],"is_endless":false,"potions_floor_spawned":[7],"killed_by":"Shell Parasite","ascension_level":20}