{"gold_per_floor":[115,49,67,30,49,49,81,81,106,181,181,208,208,228,228,329,329,342,342,326,338,352,383,383,151,151,165,10,27,56,56,56,156,156,168,67,0,52,69,101,101,134,186,117,117,135,135,165,165,165],"floor_reached":51,"playtime":4306,"items_purged":["Strike_R"],"score":1022,"play_id":"957473a0-ca47-4938-b6f8-7b135f2e3804","local_time":"20181111180515","is_ascension_mode":true,"campfire_choices":[{"data":"Bash","floor":6,"key":"SMITH"},{"data":"True Grit","floor":8,"key":"SMITH"},{"data":"Uppercut","floor":13,"key":"SMITH"},{"floor":15,"key":"REST"},{"floor":24,"key":"REST"},{"floor":32,"key":"REST"},{"floor":41,"key":"REST"},{"floor":47,"key":"DIG"},{"floor":49,"key":"REST"}],"neow_cost":"NONE","seed_source_timestamp":169246776462033,"circlet_count":0,"master_deck":["Defend_R","Defend_R+1","Defend_R","Defend_R","Bash+1","True Grit+1","Clothesline","Feel No Pain","Metallicize","Corruption+1","Uppercut+1","Barricade","Battle Trance+1","Entrench+1","Headbutt+1","Spot Weakness","Pommel Strike+1","Offering","Infernal Blade+1","Shrug It Off+1","Juggernaut+1","Shrug It Off+1","Feel No Pain","Battle Trance","Body Slam+1","Heavy Blade","Seeing Red+1","Spot Weakness+1","Ghostly Armor","Disarm+1"],"relics":["Burning Blood","NeowsBlessing","Vajra","Thread and Needle","Art of War","Unceasing Top","Fusion Hammer","Mango","Centennial Puzzle","PreservedInsect","War Paint","Ancient Tea Set","Astrolabe","Red Mask","Ginger","Shovel","Juzu Bracelet","Bronze Scales","Strawberry","Letter Opener","Turnip"],"potions_floor_usage":[12,16,16,30,33,35,50],"damage_taken":[{"damage":0,"enemies":"Jaw Worm","floor":1,"turns":1},{"damage":0,"enemies":"Cultist","floor":3,"turns":1},{"damage":0,"enemies":"Small Slimes","floor":5,"turns":1},{"damage":29,"enemies":"3 Sentries","floor":7,"turns":10},{"damage":19,"enemies":"Gremlin Nob","floor":12,"turns":5},{"damage":4,"enemies":"Looter","floor":14,"turns":4},{"damage":20,"enemies":"Hexaghost","floor":16,"turns":11},{"damage":8,"enemies":"Chosen","floor":18,"turns":7},{"damage":10,"enemies":"2 Thieves","floor":20,"turns":4},{"damage":14,"enemies":"Centurion and Healer","floor":21,"turns":8},{"damage":5,"enemies":"Snake Plant","floor":22,"turns":5},{"damage":28,"enemies":"Book of Stabbing","floor":23,"turns":7},{"damage":0,"enemies":"Cultist and Chosen","floor":27,"turns":6},{"damage":6,"enemies":"Snecko","floor":29,"turns":5},{"damage":36,"enemies":"Slavers","floor":30,"turns":6},{"damage":51,"enemies":"Collector","floor":33,"turns":10},{"damage":35,"enemies":"3 Darklings","floor":35,"turns":4},{"damage":23,"enemies":"2 Orb Walkers","floor":38,"turns":5},{"damage":11,"enemies":"Orb Walker","floor":39,"turns":3},{"damage":6,"enemies":"Reptomancer","floor":40,"turns":4},{"damage":6,"enemies":"Giant Head","floor":42,"turns":2},{"damage":16,"enemies":"Transient","floor":46,"turns":5},{"damage":6,"enemies":"Nemesis","floor":48,"turns":5},{"damage":49,"enemies":"Time Eater","floor":50,"turns":7}],"seed_played":"-6349073546780898064","potions_obtained":[{"floor":3,"key":"GamblersBrew"},{"floor":5,"key":"Strength Potion"},{"floor":12,"key":"GamblersBrew"},{"floor":14,"key":"Block Potion"},{"floor":18,"key":"Strength Potion"},{"floor":20,"key":"Fire Potion"},{"floor":22,"key":"Dexterity Potion"},{"floor":33,"key":"SteroidPotion"},{"floor":35,"key":"Fruit Juice"},{"floor":40,"key":"Dexterity Potion"},{"floor":48,"key":"EssenceOfSteel"}],"is_trial":false,"path_per_floor":["M","?","M","$","M","R","E","R","T","?","?","E","R","M","R","B",null,"M","?","M","M","M","E","R","$","T","M","$","M","E","?","R","B",null,"M","$","?","?","M","E","R","E","T","$","T","M","R","E","R","B",null],"character_chosen":"IRONCLAD","items_purchased":["Feel No Pain","Centennial Puzzle","War Paint","Feel No Pain","Battle Trance","Ghostly Armor"],"campfire_rested":5,"item_purchase_floors":[4,25,28,36,36,44],"current_hp_per_floor":[80,80,80,80,80,80,57,57,57,46,46,33,33,35,59,45,80,78,78,74,66,67,59,87,87,87,93,93,93,63,63,91,46,94,70,70,70,53,48,48,77,77,77,77,84,74,74,74,105,62],"gold":165,"neow_bonus":"THREE_ENEMY_KILL","is_prod":false,"is_daily":false,"chose_seed":false,"campfire_upgraded":3,"win_rate":0,"timestamp":1541988315,"path_taken":["M","?","?","$","M","R","E","R","T","?","?","E","R","M","R","BOSS","M","?","M","M","M","E","R","$","T","M","?","M","E","?","R","BOSS","M","?","?","?","M","E","R","E","T","?","?","M","R","E","R","BOSS"],"build_version":"2018-11-08","purchased_purges":1,"victory":true,"max_hp_per_floor":[80,80,80,80,80,80,80,80,80,80,80,80,80,80,80,80,80,80,80,80,80,80,94,94,94,94,94,94,94,94,94,94,94,94,99,99,99,99,99,99,99,99,99,99,106,106,106,106,106,106],"card_choices":[{"not_picked":["Clash","Body Slam"],"picked":"True Grit","floor":1},{"not_picked":["Rupture","Flex"],"picked":"Clothesline","floor":3},{"not_picked":["Flex","Iron Wave"],"picked":"Metallicize","floor":5},{"not_picked":["Blood for Blood","Feel No Pain"],"picked":"Corruption","floor":7},{"not_picked":["Rage","Hemokinesis"],"picked":"Uppercut","floor":12},{"not_picked":["Heavy Blade","Hemokinesis","True Grit"],"picked":"SKIP","floor":14},{"not_picked":["Impervious","Limit Break"],"picked":"Barricade","floor":16},{"not_picked":["Reckless Charge","Uppercut","Twin Strike"],"picked":"SKIP","floor":18},{"not_picked":["Rage","Carnage"],"picked":"Entrench+1","floor":20},{"not_picked":["Rage","Sword Boomerang","Anger"],"picked":"SKIP","floor":21},{"not_picked":["Body Slam","Shockwave+1"],"picked":"Headbutt+1","floor":22},{"not_picked":["Immolate","Burning Pact+1"],"picked":"Spot Weakness","floor":23},{"not_picked":["Sever Soul","Perfected Strike","Reckless Charge"],"picked":"SKIP","floor":27},{"not_picked":["Wild Strike","Battle Trance"],"picked":"Pommel Strike+1","floor":29},{"not_picked":["Hemokinesis","Sentinel","Dropkick+1"],"picked":"SKIP","floor":30},{"not_picked":["Juggernaut","Exhume"],"picked":"Offering","floor":33},{"not_picked":["Flex","Dropkick+1"],"picked":"Shrug It Off+1","floor":35},{"not_picked":["Reaper","Wild Strike+1"],"picked":"Body Slam+1","floor":38},{"not_picked":["Uppercut","Flex"],"picked":"Heavy Blade","floor":39},{"not_picked":["Feel No Pain","Thunderclap+1"],"picked":"Seeing Red+1","floor":40},{"not_picked":["Power Through","Limit Break"],"picked":"Spot Weakness+1","floor":42},{"not_picked":["Dual Wield+1","Armaments+1"],"picked":"Disarm+1","floor":46},{"not_picked":["Pummel+1","Thunderclap","Ghostly Armor"],"picked":"SKIP","floor":48}],"player_experience":207487,"relics_obtained":[{"floor":7,"key":"Thread and Needle"},{"floor":9,"key":"Art of War"},{"floor":12,"key":"Unceasing Top"},{"floor":23,"key":"Mango"},{"floor":26,"key":"PreservedInsect"},{"floor":30,"key":"Ancient Tea Set"},{"floor":38,"key":"Ginger"},{"floor":40,"key":"Shovel"},{"floor":42,"key":"Juzu Bracelet"},{"floor":43,"key":"Bronze Scales"},{"floor":45,"key":"Strawberry"},{"floor":47,"key":"Letter Opener"},{"floor":48,"key":"Turnip"}],"event_choices":[{"damage_healed":0,"gold_gain":0,"player_choice":"Paid Gold","damage_taken":0,"relics_obtained":["Vajra"],"max_hp_gain":0,"max_hp_loss":0,"event_name":"WeMeetAgain","floor":2,"gold_loss":66},{"damage_healed":0,"gold_gain":75,"player_choice":"Gather Gold","damage_taken":11,"max_hp_gain":0,"max_hp_loss":0,"event_name":"World of Goop","floor":10,"gold_loss":0},{"damage_healed":0,"gold_gain":0,"player_choice":"Grow","damage_taken":0,"max_hp_gain":0,"max_hp_loss":0,"event_name":"Living Wall","floor":11,"gold_loss":0,"cards_upgraded":["Corruption"]},{"damage_healed":0,"gold_gain":0,"player_choice":"Read","damage_taken":0,"max_hp_gain":0,"max_hp_loss":0,"event_name":"The Library","floor":19,"gold_loss":0,"cards_obtained":["Battle Trance"]},{"cards_removed":["Strike_R"],"damage_healed":0,"gold_gain":0,"player_choice":"Purged","damage_taken":0,"max_hp_gain":0,"max_hp_loss":0,"event_name":"Purifier","floor":31,"gold_loss":0},{"damage_healed":0,"gold_gain":0,"player_choice":"Paid","damage_taken":0,"relics_obtained":["Red Mask"],"max_hp_gain":0,"max_hp_loss":0,"event_name":"Tomb of Lord Red Mask","floor":37,"gold_loss":67},{"damage_healed":0,"gold_gain":0,"player_choice":"Fight","damage_taken":0,"max_hp_gain":0,"max_hp_loss":0,"event_name":"Mysterious Sphere","floor":38,"gold_loss":0}],"is_beta":false,"boss_relics":[{"not_picked":["Lizard Tail","Snecko Eye"],"picked":"Fusion Hammer"},{"not_picked":["White Beast Statue","Pandora\u0027s Box"],"picked":"Astrolabe"}],"items_purged_floors":[25],"is_endless":false,"potions_floor_spawned":[3,5,12,14,18,20,22,33,35,40,48],"ascension_level":4}