{"gold_per_floor":[13,13,13,23,23,23,48,48,74,84,98,108,108,127,127,256,256,280,280,305,323,25,25,48,48,122,141,157,157,171,96,96,216,216,230,244,0,14,14],"floor_reached":39,"playtime":3038,"items_purged":[],"score":453,"play_id":"64d7631d-b9b6-4e3b-a8d6-2d91dd2a7268","local_time":"20181024005853","is_ascension_mode":true,"campfire_choices":[{"data":"Heavy Blade","floor":6,"key":"SMITH"},{"data":"Bash","floor":8,"key":"SMITH"},{"floor":15,"key":"REST"},{"floor":23,"key":"REST"},{"floor":25,"key":"REST"},{"floor":32,"key":"REST"}],"neow_cost":"NO_GOLD","seed_source_timestamp":1197485679071837,"circlet_count":0,"master_deck":["Strike_R+1","Strike_R","Strike_R","Defend_R+1","Defend_R+1","Bash+1","Demon Form+1","Heavy Blade+1","Inflame+1","Reaper","Flex","Heavy Blade","Thunderclap","Flex","Feed","Sever Soul+1","Havoc+1","Anger","Pummel","Shrug It Off","Burning Pact","Inflame","True Grit+1","Iron Wave","Shockwave+1","Armaments+1","Cleave+1"],"relics":["Burning Blood","Ginger","War Paint","Golden Idol","Astrolabe","Darkstone Periapt","Runic Pyramid","Red Mask"],"potions_floor_usage":[16,16,18,20,24,28,28,33,38],"damage_taken":[{"damage":1,"enemies":"Cultist","floor":1,"turns":3},{"damage":0,"enemies":"Small Slimes","floor":4,"turns":3},{"damage":14,"enemies":"Gremlin Nob","floor":7,"turns":3},{"damage":4,"enemies":"Jaw Worm","floor":10,"turns":2},{"damage":22,"enemies":"Large Slime","floor":11,"turns":5},{"damage":6,"enemies":"2 Fungi Beasts","floor":12,"turns":3},{"damage":15,"enemies":"Red Slaver","floor":14,"turns":3},{"damage":28,"enemies":"The Guardian","floor":16,"turns":5},{"damage":38,"enemies":"Spheric Guardian","floor":18,"turns":5},{"damage":36,"enemies":"3 Byrds","floor":20,"turns":5},{"damage":55,"enemies":"Shelled Parasite and Fungi","floor":21,"turns":4},{"damage":18,"enemies":"Snecko","floor":24,"turns":3},{"damage":24,"enemies":"Snake Plant","floor":27,"turns":2},{"damage":23,"enemies":"Shelled Parasite and Fungi","floor":28,"turns":4},{"damage":18,"enemies":"3 Cultists","floor":30,"turns":4},{"damage":66,"enemies":"Champ","floor":33,"turns":9},{"damage":17,"enemies":"3 Shapes","floor":35,"turns":3},{"damage":58,"enemies":"3 Darklings","floor":36,"turns":6},{"damage":49,"enemies":"4 Shapes","floor":38,"turns":6},{"damage":29,"enemies":"Spire Growth","floor":39,"turns":4}],"seed_played":"-9160183716148063475","potions_obtained":[{"floor":10,"key":"FearPotion"},{"floor":11,"key":"PowerPotion"},{"floor":12,"key":"Poison Potion"},{"floor":16,"key":"Fire Potion"},{"floor":18,"key":"FairyPotion"},{"floor":24,"key":"SpeedPotion"},{"floor":27,"key":"EssenceOfSteel"},{"floor":28,"key":"Fire Potion"},{"floor":38,"key":"GamblersBrew"}],"is_trial":false,"path_per_floor":["M","$","?","M","?","R","E","R","T","M","M","M","?","M","R","B",null,"M","?","M","M","$","R","M","R","T","M","M","?","M","?","R","B",null,"M","M","?","M"],"character_chosen":"IRONCLAD","items_purchased":["Shrug It Off","Burning Pact","SkillPotion","Energy Potion","Inflame"],"campfire_rested":4,"item_purchase_floors":[22,22,22,22,22],"current_hp_per_floor":[80,80,64,70,70,70,62,62,62,64,80,80,60,51,75,53,80,48,48,35,7,7,31,25,49,49,31,14,40,28,28,52,23,80,81,69,69,29,0],"gold":14,"neow_bonus":"THREE_RARE_CARDS","is_prod":false,"is_daily":false,"chose_seed":false,"campfire_upgraded":2,"win_rate":0,"timestamp":1540367933,"path_taken":["M","?","?","M","?","R","E","R","T","M","M","?","?","M","R","BOSS","M","?","M","M","$","R","M","R","T","M","M","?","?","?","R","BOSS","M","?","?","M","?"],"build_version":"2018-10-18","purchased_purges":0,"victory":false,"max_hp_per_floor":[80,80,80,80,80,80,80,80,80,80,80,80,80,80,80,80,80,80,80,80,80,80,80,80,80,80,80,80,80,80,80,80,80,80,83,83,83,86,86],"card_choices":[{"not_picked":["Fiend Fire","Bludgeon"],"picked":"Demon Form","floor":0},{"not_picked":["Clash","Blood for Blood"],"picked":"Heavy Blade","floor":1},{"not_picked":["Infernal Blade","Intimidate"],"picked":"Inflame","floor":4},{"not_picked":["Warcry","Havoc"],"picked":"Reaper","floor":7},{"not_picked":["Sword Boomerang","Evolve"],"picked":"Flex","floor":10},{"not_picked":["Headbutt","Flame Barrier"],"picked":"Heavy Blade","floor":11},{"not_picked":["Evolve","Cleave"],"picked":"Thunderclap","floor":12},{"not_picked":["Brutality","Inflame"],"picked":"Flex","floor":14},{"not_picked":["Demon Form","Berserk"],"picked":"Feed","floor":16},{"not_picked":["Thunderclap","Feel No Pain"],"picked":"Anger","floor":18},{"not_picked":["Rupture","Feel No Pain"],"picked":"Pummel","floor":20},{"not_picked":["Cleave","True Grit","Clothesline"],"picked":"SKIP","floor":21},{"not_picked":["Whirlwind","Heavy Blade"],"picked":"True Grit+1","floor":24},{"not_picked":["Body Slam+1","Twin Strike"],"picked":"Iron Wave","floor":27},{"not_picked":["Anger","Sword Boomerang"],"picked":"Shockwave+1","floor":28},{"not_picked":["Shockwave","Pummel","Wild Strike"],"picked":"SKIP","floor":30},{"not_picked":["Corruption+1","Sword Boomerang+1"],"picked":"Armaments+1","floor":35},{"not_picked":["Clash","Entrench"],"picked":"Cleave+1","floor":36},{"not_picked":["Pommel Strike+1","Twin Strike+1","Clothesline"],"picked":"SKIP","floor":38}],"player_experience":102679,"relics_obtained":[{"floor":7,"key":"Ginger"},{"floor":9,"key":"War Paint"},{"floor":26,"key":"Darkstone Periapt"}],"event_choices":[{"damage_healed":0,"gold_gain":0,"player_choice":"Entered Light","damage_taken":16,"max_hp_gain":0,"max_hp_loss":0,"event_name":"Shining Light","floor":3,"gold_loss":0,"cards_upgraded":["Strike_R","Demon Form"]},{"damage_healed":0,"gold_gain":0,"player_choice":"Grow","damage_taken":0,"max_hp_gain":0,"max_hp_loss":0,"event_name":"Living Wall","floor":5,"gold_loss":0,"cards_upgraded":["Inflame"]},{"damage_healed":0,"gold_gain":0,"player_choice":"Take Damage","damage_taken":20,"relics_obtained":["Golden Idol"],"max_hp_gain":0,"max_hp_loss":0,"event_name":"Golden Idol","floor":13,"gold_loss":0},{"cards_removed":["Strike_R"],"damage_healed":0,"gold_gain":0,"player_choice":"Elegance","damage_taken":0,"max_hp_gain":0,"max_hp_loss":0,"event_name":"Back to Basics","floor":19,"gold_loss":0},{"damage_healed":26,"gold_gain":0,"player_choice":"Heal","damage_taken":0,"max_hp_gain":0,"max_hp_loss":0,"event_name":"The Library","floor":29,"gold_loss":0},{"cards_removed":["Berserk"],"damage_healed":0,"gold_gain":0,"player_choice":"Gave Gold","damage_taken":0,"max_hp_gain":0,"max_hp_loss":0,"event_name":"Beggar","floor":31,"gold_loss":75},{"damage_healed":0,"gold_gain":0,"player_choice":"Paid","damage_taken":0,"relics_obtained":["Red Mask"],"max_hp_gain":0,"max_hp_loss":0,"event_name":"Tomb of Lord Red Mask","floor":37,"gold_loss":244}],"is_beta":false,"boss_relics":[{"not_picked":["Calling Bell","Pandora\u0027s Box"],"picked":"Astrolabe"},{"not_picked":["Black Star","Tiny House"],"picked":"Runic Pyramid"}],"items_purged_floors":[],"is_endless":false,"potions_floor_spawned":[10,11,12,16,18,24,27,28,38],"killed_by":"Spire Growth","ascension_level":2}