{"gold_per_floor":[116,134,148,148,159,179,179,179,252,67,67,91,56,89,89,210,210,231,231,231,246,64,95,115,43,124,158,31,31,56,99,99,230,230,246,246,0,0,14,54,73,73,73,96,24,49,49,68,68,68],"floor_reached":51,"playtime":5035,"items_purged":["Strike_G","Strike_G"],"score":737,"play_id":"cbccf3a0-2bee-4e8b-baa8-1eed0023c668","local_time":"20180925042226","is_ascension_mode":false,"campfire_choices":[{"data":"Neutralize","floor":7,"key":"SMITH"},{"data":"Distraction","floor":15,"key":"SMITH"},{"floor":32,"key":"REST"},{"floor":42,"key":"REST"},{"floor":49,"key":"REST"}],"neow_cost":"","seed_source_timestamp":588778533219940,"circlet_count":0,"master_deck":["Defend_G","Defend_G","Defend_G","Defend_G","Strike_G","Strike_G","Survivor","Neutralize+1","Backflip","Outmaneuver","Escape Plan","Deflect","Distraction+1","Well Laid Plans+1","Flechettes+1","Noxious Fumes+1","Footwork+1","Envenom+1","Calculated Gamble","Escape Plan","PiercingWail+1","Predator+1","Escape Plan+1","Dodge and Roll+1","Noxious Fumes+1","Malaise","Infinite Blades+1","Dodge and Roll+1","Skewer+1","Phantasmal Killer","Acrobatics","Flechettes+1","Glass Knife+1","Underhanded Strike+1","Setup","Poisoned Stab+1","Tactician","Terror+1"],"relics":["Ring of the Snake","Meat on the Bone","Golden Idol","Frozen Egg 2","Art of War","Molten Egg 2","Vajra","Fusion Hammer","Nunchaku","Oddly Smooth Stone","Orichalcum","Pantograph","Smiling Mask","MutagenicStrength","Ancient Tea Set","Busted Crown","Red Mask","The Specimen","Tingsha","Mercury Hourglass"],"potions_floor_usage":[12,23,33,33,33,38,38,40,41,50,50,50],"damage_taken":[{"damage":4,"enemies":"Cultist","floor":1,"turns":5},{"damage":0,"enemies":"Jaw Worm","floor":2,"turns":6},{"damage":0,"enemies":"Small Slimes","floor":3,"turns":5},{"damage":0,"enemies":"3 Louse","floor":5,"turns":4},{"damage":0,"enemies":"Looter","floor":6,"turns":4},{"damage":23,"enemies":"Gremlin Gang","floor":12,"turns":8},{"damage":9,"enemies":"3 Sentries","floor":14,"turns":7},{"damage":2,"enemies":"Slime Boss","floor":16,"turns":10},{"damage":2,"enemies":"2 Thieves","floor":18,"turns":5},{"damage":0,"enemies":"Spheric Guardian","floor":21,"turns":6},{"damage":8,"enemies":"Slavers","floor":23,"turns":7},{"damage":0,"enemies":"Cultist and Chosen","floor":24,"turns":7},{"damage":10,"enemies":"Gremlin Leader","floor":27,"turns":6},{"damage":0,"enemies":"Snecko","floor":30,"turns":5},{"damage":4,"enemies":"Book of Stabbing","floor":31,"turns":5},{"damage":27,"enemies":"Collector","floor":33,"turns":7},{"damage":0,"enemies":"3 Shapes","floor":35,"turns":6},{"damage":0,"enemies":"Mind Bloom Boss Battle","floor":38,"turns":6},{"damage":0,"enemies":"Orb Walker","floor":39,"turns":3},{"damage":6,"enemies":"Nemesis","floor":40,"turns":7},{"damage":2,"enemies":"Sphere and 2 Shapes","floor":41,"turns":5},{"damage":0,"enemies":"3 Darklings","floor":44,"turns":3},{"damage":0,"enemies":"Maw","floor":46,"turns":6},{"damage":5,"enemies":"Transient","floor":48,"turns":5},{"damage":20,"enemies":"Time Eater","floor":50,"turns":6}],"seed_played":"-8476700970402666855","potions_obtained":[{"floor":2,"key":"Weak Potion"},{"floor":6,"key":"GhostInAJar"},{"floor":14,"key":"Dexterity Potion"},{"floor":16,"key":"Energy Potion"},{"floor":21,"key":"Poison Potion"},{"floor":23,"key":"Dexterity Potion"},{"floor":31,"key":"FearPotion"},{"floor":35,"key":"SpeedPotion"},{"floor":36,"key":"Swift Potion"},{"floor":36,"key":"Explosive Potion"},{"floor":38,"key":"EssenceOfSteel"},{"floor":44,"key":"PowerPotion"},{"floor":46,"key":"GamblersBrew"}],"is_trial":false,"path_per_floor":["M","M","M","T","M","M","R","?","T","$","?","M","$","E","R","B",null,"M","?","?","M","$","E","M","$","T","E","$","?","M","E","R","B",null,"M","?","?","?","M","E","M","R","T","M","$","M","?","M","R","B"],"character_chosen":"THE_SILENT","items_purchased":["Well Laid Plans+1","Art of War","Noxious Fumes+1","Predator+1","Oddly Smooth Stone","Noxious Fumes+1","Infinite Blades+1","Poisoned Stab+1"],"campfire_rested":3,"item_purchase_floors":[10,10,13,22,22,25,28,45],"current_hp_per_floor":[66,66,66,66,66,66,66,49,49,49,49,38,38,41,41,39,70,68,68,68,68,68,60,60,60,60,50,50,50,50,46,67,43,70,70,70,70,70,70,64,62,70,70,70,70,70,70,65,70,50],"gold":68,"neow_bonus":"","is_prod":false,"is_daily":false,"chose_seed":false,"campfire_upgraded":2,"win_rate":0,"timestamp":1537824146,"path_taken":["M","M","?","?","M","M","R","?","T","$","?","?","?","E","R","BOSS","M","?","?","M","$","E","?","$","T","E","$","?","M","E","R","BOSS","M","?","?","?","M","E","M","R","T","?","$","M","?","M","R","BOSS"],"build_version":"2018-09-20","purchased_purges":2,"victory":true,"max_hp_per_floor":[70,70,70,70,70,70,70,70,70,70,70,70,70,70,70,70,70,70,70,70,70,70,70,70,70,70,70,70,70,70,70,70,70,70,70,70,70,70,70,70,70,70,70,70,70,70,70,70,70,70],"card_choices":[{"not_picked":["Dagger Spray","Deadly Poison"],"picked":"Backflip","floor":1},{"not_picked":["Slice","Dash"],"picked":"Outmaneuver","floor":2},{"not_picked":["Flying Knee","Leg Sweep"],"picked":"Escape Plan","floor":3},{"not_picked":["Masterful Stab","Phantasmal Killer"],"picked":"Deflect","floor":5},{"not_picked":["Predator","Quick Slash"],"picked":"Distraction","floor":6},{"not_picked":["Blade Dance","Masterful Stab+1"],"picked":"Flechettes+1","floor":12},{"not_picked":["Dodge and Roll","Underhanded Strike+1"],"picked":"Footwork+1","floor":14},{"not_picked":["Burst","Unload+1"],"picked":"Envenom+1","floor":16},{"not_picked":["Well Laid Plans+1","Acrobatics"],"picked":"Calculated Gamble","floor":18},{"not_picked":["Setup","Accuracy+1"],"picked":"PiercingWail+1","floor":21},{"not_picked":["Finisher+1","Prepared+1"],"picked":"Escape Plan+1","floor":23},{"not_picked":["Underhanded Strike+1","Sucker Punch+1"],"picked":"Dodge and Roll+1","floor":24},{"not_picked":["Deflect","Prepared"],"picked":"Malaise","floor":27},{"not_picked":["Dagger Spray+1","Backflip"],"picked":"Dodge and Roll+1","floor":30},{"not_picked":["Wraith Form v2+1","Leg Sweep"],"picked":"Skewer+1","floor":31},{"not_picked":["Die Die Die+1","Envenom+1"],"picked":"Phantasmal Killer","floor":33},{"not_picked":[],"picked":"Acrobatics","floor":35},{"not_picked":[],"picked":"Flechettes+1","floor":38},{"not_picked":["Blade Dance"],"picked":"SKIP","floor":39},{"not_picked":[],"picked":"Glass Knife+1","floor":40},{"not_picked":[],"picked":"Underhanded Strike+1","floor":41},{"not_picked":[],"picked":"Setup","floor":44},{"not_picked":[],"picked":"Tactician","floor":46},{"not_picked":[],"picked":"Terror+1","floor":48}],"player_experience":108621,"relics_obtained":[{"floor":4,"key":"Meat on the Bone"},{"floor":9,"key":"Frozen Egg 2"},{"floor":14,"key":"Vajra"},{"floor":23,"key":"Orichalcum"},{"floor":26,"key":"Pantograph"},{"floor":27,"key":"Smiling Mask"},{"floor":31,"key":"Ancient Tea Set"},{"floor":38,"key":"The Specimen"},{"floor":40,"key":"Tingsha"},{"floor":43,"key":"Mercury Hourglass"}],"event_choices":[{"event_name":"Golden Idol","player_choice":"Take Damage","floor":8,"damage_taken":0},{"event_name":"WeMeetAgain","player_choice":"Potion","floor":11,"damage_taken":0},{"event_name":"Transmorgrifier","player_choice":"Transform","floor":19,"damage_taken":0},{"event_name":"The Mausoleum","player_choice":"Yes","floor":20,"damage_taken":0},{"event_name":"Drug Dealer","player_choice":"Inject Mutagens","floor":29,"damage_taken":0},{"event_name":"The Lab","player_choice":"Got Potions","floor":36,"damage_taken":0},{"event_name":"Tomb of Lord Red Mask","player_choice":"Paid","floor":37,"damage_taken":0},{"event_name":"MindBloom","player_choice":"Fight","floor":38,"damage_taken":0},{"event_name":"Falling","player_choice":"Removed Skill","floor":47,"damage_taken":0}],"is_beta":false,"boss_relics":[{"not_picked":["Tiny House","Eternal Feather"],"picked":"Fusion Hammer"},{"not_picked":["Calling Bell","Ring of the Serpent"],"picked":"Busted Crown"}],"items_purged_floors":[28,45],"is_endless":false,"potions_floor_spawned":[2,6,14,16,21,23,30,31,35,38,44,46],"ascension_level":0}