{"path_per_floor":["M","?","M","?","M","E","M","M","T","M","R","M","R","E","R","B",null,"M","?","?","$","M","R","M","R","T","E","?","R","M","M","R"],"character_chosen":"DEFECT","items_purchased":["Go for the Eyes","White Noise"],"gold_per_floor":[116,116,133,133,153,179,193,208,276,290,290,302,302,334,334,439,439,458,458,458,287,305,305,325,325,325,351,351,351,369,387,387,387],"floor_reached":33,"campfire_rested":4,"playtime":1261,"item_purchase_floors":[21,21],"current_hp_per_floor":[74,74,74,71,75,50,57,50,50,48,48,46,46,52,52,30,75,68,68,74,74,33,57,32,56,56,24,24,48,49,27,51,0],"items_purged":["Strike_B"],"gold":387,"score":307,"play_id":"3c3d02bf-6a1f-4c0c-9d30-d192f72f275b","local_time":"20180523181437","is_prod":false,"is_daily":false,"chose_seed":false,"is_ascension_mode":true,"campfire_upgraded":3,"win_rate":0.09677419,"timestamp":1527070477,"campfire_choices":[{"data":"Static Discharge","floor":11,"key":"SMITH"},{"data":"Zap","floor":13,"key":"SMITH"},{"data":"Redo","floor":15,"key":"SMITH"},{"floor":23,"key":"REST"},{"floor":25,"key":"REST"},{"floor":29,"key":"REST"},{"floor":32,"key":"REST"}],"path_taken":["M","?","M","?","M","E","?","?","T","?","R","M","R","E","R","BOSS","M","?","?","$","M","R","M","R","T","E","?","R","?","M","R","BOSS"],"build_version":"2018-05-22","seed_source_timestamp":434566087151126,"purchased_purges":1,"victory":false,"master_deck":["Strike_B","Strike_B","Strike_B","Defend_B","Defend_B","Defend_B","Defend_B","Zap+1","Dualcast","Static Discharge+1","Self Repair","Leap","Redo+1","Beam Cell","Ball Lightning","Amplify","Thunder Strike","Defragment+1","Go for the Eyes","White Noise","Hologram+1","Static Discharge","Self Repair","Loop+1"],"max_hp_per_floor":[75,75,75,75,75,75,75,75,75,75,75,75,75,75,75,75,75,75,75,81,81,81,81,81,81,81,81,81,81,81,81,81,81],"relics":["Cracked Core","Happy Flower","Thread and Needle","Darkstone Periapt","Boot","Philosopher\u0027s Stone","Centennial Puzzle","Molten Egg 2","Vajra"],"card_choices":[{"not_picked":["BootSequence","Reinforced Body"],"picked":"Static Discharge","floor":0},{"not_picked":["Sweeping Beam","Cold Snap"],"picked":"Self Repair","floor":1},{"not_picked":["Aggregate","Stack"],"picked":"Leap","floor":3},{"not_picked":["Axe Kick","Stack"],"picked":"Redo","floor":5},{"not_picked":["Glacier","Compile Driver","All For One"],"picked":"SKIP","floor":6},{"not_picked":["Turbo","Compile Driver"],"picked":"Beam Cell","floor":7},{"not_picked":["Beam Cell","Tempest"],"picked":"Ball Lightning","floor":8},{"not_picked":["Capacitor","Leap","Rebound"],"picked":"SKIP","floor":10},{"not_picked":["Redo","Leap"],"picked":"Amplify","floor":12},{"not_picked":["Steam","Barrage","Steam Power"],"picked":"SKIP","floor":14},{"not_picked":["Creative AI","Multi-Cast"],"picked":"Thunder Strike","floor":16},{"not_picked":["Coolheaded","Barrage+1"],"picked":"Defragment+1","floor":18},{"not_picked":["Steam","Darkness"],"picked":"Hologram+1","floor":22},{"not_picked":["BootSequence","Beam Cell"],"picked":"Static Discharge","floor":24},{"not_picked":["Recycle+1","Scrape+1"],"picked":"Self Repair","floor":27},{"not_picked":["Cold Snap+1","Recycle"],"picked":"Loop+1","floor":30},{"not_picked":["Chill","Turbo+1","Axe Kick+1"],"picked":"SKIP","floor":31}],"player_experience":46804,"potions_floor_usage":[14,14,22,31],"damage_taken":[{"damage":1,"enemies":"Cultist","floor":1,"turns":3},{"damage":7,"enemies":"Small Slimes","floor":3,"turns":4},{"damage":1,"enemies":"2 Louse","floor":5,"turns":4},{"damage":32,"enemies":"Lagavulin","floor":6,"turns":7},{"damage":0,"enemies":"Blue Slaver","floor":7,"turns":4},{"damage":14,"enemies":"Large Slime","floor":8,"turns":5},{"damage":9,"enemies":"Red Slaver","floor":10,"turns":3},{"damage":2,"enemies":"Lots of Slimes","floor":12,"turns":3},{"damage":1,"enemies":"3 Sentries","floor":14,"turns":6},{"damage":29,"enemies":"Hexaghost","floor":16,"turns":7},{"damage":7,"enemies":"Chosen","floor":18,"turns":3},{"damage":41,"enemies":"3 Byrds","floor":22,"turns":3},{"damage":32,"enemies":"Centurion and Healer","floor":24,"turns":6},{"damage":39,"enemies":"Slavers","floor":27,"turns":4},{"damage":13,"enemies":"Cultist and Chosen","floor":30,"turns":4},{"damage":36,"enemies":"Chosen and Byrds","floor":31,"turns":4},{"damage":64,"enemies":"Automaton","floor":33,"turns":6}],"relics_obtained":[{"floor":6,"key":"Thread and Needle"},{"floor":9,"key":"Darkstone Periapt"},{"floor":14,"key":"Boot"},{"floor":26,"key":"Molten Egg 2"},{"floor":27,"key":"Vajra"}],"event_choices":[{"event_name":"Liars Game","player_choice":"disagreed","floor":2,"damage_taken":0},{"event_name":"Scrap Ooze","player_choice":"success","floor":4,"damage_taken":3},{"event_name":"Ghosts","player_choice":"Ignored","floor":19,"damage_taken":0},{"event_name":"The Mausoleum","player_choice":"Yes","floor":20,"damage_taken":0},{"event_name":"Purifier","player_choice":"One Purge","floor":28,"damage_taken":0}],"boss_relics":[{"not_picked":["Eternal Feather","Runic Pyramid"],"picked":"Philosopher\u0027s Stone"}],"items_purged_floors":[21],"potions_floor_spawned":[6,8,10,12,14,18,30,31],"seed_played":"-7993985998675470718","killed_by":"Automaton","ascension_level":2,"potions_obtained":[{"floor":6,"key":"Poison Potion"},{"floor":8,"key":"Poison Potion"},{"floor":10,"key":"Poison Potion"},{"floor":14,"key":"Strength Potion"},{"floor":18,"key":"SteroidPotion"},{"floor":30,"key":"SkillPotion"},{"floor":31,"key":"Explosive Potion"}],"is_trial":false}