{"gold_per_floor":[115,40,40,40,40,40,72,83,83,83,103,178,191,206,206,206],"floor_reached":16,"playtime":584,"items_purged":["Dualcast"],"score":125,"play_id":"0eb7b088-14c5-41da-9486-debe75ef9505","local_time":"20181112191400","is_ascension_mode":false,"campfire_choices":[{"data":"Zap","floor":6,"key":"SMITH"},{"floor":15,"key":"REST"}],"neow_cost":"NONE","seed_source_timestamp":2922609397370990,"circlet_count":0,"master_deck":["Strike_B","Strike_B","Strike_B","Defend_B","Defend_B","Defend_B","Defend_B","Zap+1","Cold Snap"],"relics":["Cracked Core","NeowsBlessing","Boot","Bag of Marbles"],"potions_floor_usage":[16,16,16],"damage_taken":[{"damage":0,"enemies":"Jaw Worm","floor":1,"turns":1},{"damage":0,"enemies":"3 Sentries","floor":7,"turns":1},{"damage":0,"enemies":"Small Slimes","floor":8,"turns":1},{"damage":0,"enemies":"Cultist","floor":11,"turns":4},{"damage":13,"enemies":"Lots of Slimes","floor":13,"turns":4},{"damage":7,"enemies":"Large Slime","floor":14,"turns":6},{"damage":65,"enemies":"Hexaghost","floor":16,"turns":14}],"seed_played":"3079446781076026834","potions_obtained":[{"floor":7,"key":"Dexterity Potion"},{"floor":11,"key":"SpeedPotion"},{"floor":13,"key":"SpeedPotion"}],"is_trial":false,"path_per_floor":["M","$","?","?","$","R","E","M","T","$","M","?","M","M","R","B"],"character_chosen":"DEFECT","items_purchased":[],"campfire_rested":1,"item_purchase_floors":[],"current_hp_per_floor":[75,75,68,68,68,68,68,68,68,68,68,57,44,37,59,0],"gold":206,"neow_bonus":"THREE_ENEMY_KILL","is_prod":false,"is_daily":false,"chose_seed":false,"campfire_upgraded":1,"win_rate":0.0,"timestamp":1542071640,"path_taken":["M","$","?","?","?","R","E","M","T","?","M","?","M","M","R","BOSS"],"build_version":"2018-11-08","purchased_purges":1,"victory":false,"max_hp_per_floor":[75,75,75,75,75,75,75,75,75,75,75,75,75,75,75,75],"card_choices":[{"not_picked":["Leap","Conserve Battery","Barrage"],"picked":"SKIP","floor":1},{"not_picked":["Sweeping Beam","Beam Cell","Amplify"],"picked":"SKIP","floor":7},{"not_picked":["Rip and Tear","Ball Lightning","Hologram"],"picked":"SKIP","floor":8},{"not_picked":["Barrage","Leap","Hologram"],"picked":"SKIP","floor":11},{"not_picked":["Rebound","Go for the Eyes","Hello World"],"picked":"SKIP","floor":13},{"not_picked":["Compile Driver","Coolheaded"],"picked":"Cold Snap","floor":14}],"player_experience":159604,"relics_obtained":[{"floor":7,"key":"Boot"},{"floor":9,"key":"Bag of Marbles"}],"event_choices":[{"cards_removed":["Strike_B"],"damage_healed":0,"gold_gain":0,"player_choice":"Card Removal","damage_taken":7,"max_hp_gain":0,"max_hp_loss":0,"event_name":"Golden Wing","floor":3,"gold_loss":0},{"damage_healed":0,"gold_gain":0,"player_choice":"Leave","damage_taken":0,"max_hp_gain":0,"max_hp_loss":0,"event_name":"The Cleric","floor":4,"gold_loss":0},{"damage_healed":0,"gold_gain":75,"player_choice":"Gather Gold","damage_taken":11,"max_hp_gain":0,"max_hp_loss":0,"event_name":"World of Goop","floor":12,"gold_loss":0}],"is_beta":false,"boss_relics":[],"items_purged_floors":[2],"is_endless":false,"potions_floor_spawned":[7,11,13],"killed_by":"Hexaghost","ascension_level":0}