{"gold_per_floor":[113,125,145,16,31,31,31,106,106,106,121,69,69,69,69,171,171,185,185,202,222,222,222,202,214,239,254,37,37,53,64,64,166,166,183,183,26,26,26,26,36,36,36,36,36,56,56,56,56,56],"floor_reached":51,"playtime":1676,"items_purged":["Strike_B","Clumsy"],"score":760,"play_id":"a5a6315f-4718-433a-8f16-bd2f51e6e99c","local_time":"20190301014139","is_ascension_mode":false,"campfire_choices":[{"data":"Zap","floor":6,"key":"SMITH"},{"data":"Consume","floor":10,"key":"SMITH"},{"data":"Dualcast","floor":15,"key":"SMITH"},{"data":"Conserve Battery","floor":23,"key":"SMITH"},{"floor":32,"key":"REST"},{"data":"Coolheaded","floor":40,"key":"SMITH"},{"data":"Blizzard","floor":42,"key":"SMITH"},{"data":"Reboot","floor":47,"key":"SMITH"},{"floor":49,"key":"REST"}],"neow_cost":"NONE","seed_source_timestamp":13512800706984,"circlet_count":0,"master_deck":["Defend_B","Defend_B","Defend_B","Zap+1","Dualcast+1","Ball Lightning+1","Consume+1","Streamline+1","Cold Snap","Capacitor+1","Cold Snap","Loop+1","Conserve Battery+1","Melter","Capacitor+1","Reboot+1","Cold Snap","Buffer+1","Hologram","Streamline","Blizzard+1","Coolheaded+1","Defragment+1","Coolheaded+1","Capacitor+1"],"relics":["Cracked Core","Frozen Egg 2","Cursed Key","Dream Catcher","Nuclear Battery"],"potions_floor_usage":[16,20,25,30,33,35,50],"damage_taken":[{"damage":0,"enemies":"2 Louse","floor":1,"turns":1},{"damage":0,"enemies":"Small Slimes","floor":2,"turns":2},{"damage":0,"enemies":"Cultist","floor":3,"turns":4},{"damage":1,"enemies":"2 Fungi Beasts","floor":5,"turns":3},{"damage":0,"enemies":"Looter","floor":11,"turns":2},{"damage":0,"enemies":"Hexaghost","floor":16,"turns":8},{"damage":6,"enemies":"Shell Parasite","floor":18,"turns":4},{"damage":15,"enemies":"2 Thieves","floor":20,"turns":3},{"damage":1,"enemies":"Shelled Parasite and Fungi","floor":21,"turns":6},{"damage":9,"enemies":"Snake Plant","floor":25,"turns":3},{"damage":9,"enemies":"Sentry and Sphere","floor":27,"turns":4},{"damage":20,"enemies":"Shelled Parasite and Fungi","floor":30,"turns":5},{"damage":0,"enemies":"Snecko","floor":31,"turns":4},{"damage":0,"enemies":"Champ","floor":33,"turns":10},{"damage":0,"enemies":"3 Darklings","floor":35,"turns":6},{"damage":0,"enemies":"3 Shapes","floor":41,"turns":5},{"damage":15,"enemies":"3 Darklings","floor":46,"turns":7},{"damage":9,"enemies":"Time Eater","floor":50,"turns":11}],"seed_played":"2387715326125668529","potions_obtained":[{"floor":3,"key":"Block Potion"},{"floor":5,"key":"FocusPotion"},{"floor":18,"key":"Energy Potion"},{"floor":24,"key":"Fire Potion"},{"floor":27,"key":"Explosive Potion"},{"floor":30,"key":"FairyPotion"},{"floor":33,"key":"Swift Potion"},{"floor":41,"key":"SteroidPotion"}],"is_trial":false,"path_per_floor":["M","M","M","$","M","R","?","?","T","R","M","$","?","?","R","B",null,"M","?","M","M","?","R","?","M","T","M","$","?","M","M","R","B",null,"M","?","$","?","?","R","M","R","T","?","$","M","R","?","R","B",null],"character_chosen":"DEFECT","items_purchased":["Cold Snap","Cold Snap","Capacitor+1","PowerPotion","Blizzard","Coolheaded","Defragment+1"],"campfire_rested":2,"item_purchase_floors":[4,12,28,28,37,37,37],"current_hp_per_floor":[75,75,75,75,74,74,59,48,48,48,48,48,48,41,41,41,75,69,69,54,53,53,53,53,44,44,35,35,35,15,15,37,37,75,75,75,75,75,71,71,71,71,71,71,71,56,56,56,71,62],"gold":56,"neow_bonus":"REMOVE_CARD","is_prod":false,"is_daily":false,"chose_seed":false,"campfire_upgraded":7,"win_rate":0,"timestamp":1551372099,"path_taken":["M","M","M","$","M","R","?","?","T","R","M","$","?","?","R","BOSS","M","?","M","M","?","R","?","?","T","M","$","?","M","M","R","BOSS","M","?","?","?","?","R","?","R","T","?","$","M","R","?","R","BOSS"],"build_version":"2019-01-23","purchased_purges":2,"victory":true,"max_hp_per_floor":[75,75,75,75,75,75,75,75,75,75,75,75,75,75,75,75,75,75,75,75,75,75,75,75,75,75,75,75,75,75,75,75,75,75,75,75,75,75,71,71,71,71,71,71,71,71,71,71,71,71],"card_choices":[{"not_picked":["Blizzard","Compile Driver"],"picked":"Ball Lightning","floor":1},{"not_picked":["Steam","Turbo"],"picked":"Consume","floor":2},{"not_picked":["White Noise","Barrage"],"picked":"Streamline","floor":3},{"not_picked":["Sunder","Steam","Compile Driver"],"picked":"SKIP","floor":5},{"not_picked":["Beam Cell","Buffer+1"],"picked":"Capacitor+1","floor":11},{"not_picked":["Multi-Cast","Amplify"],"picked":"All For One","floor":16},{"not_picked":["Leap+1","Redo"],"picked":"Loop+1","floor":18},{"not_picked":["Rebound+1","Steam"],"picked":"Conserve Battery","floor":20},{"not_picked":["Skim","Sweeping Beam","Gash"],"picked":"SKIP","floor":21},{"not_picked":["Gash","Rebound","Streamline+1"],"picked":"SKIP","floor":25},{"not_picked":["Compile Driver","Go for the Eyes"],"picked":"Melter","floor":27},{"not_picked":["Reinforced Body","Redo"],"picked":"Reboot","floor":30},{"not_picked":["Skim","Sweeping Beam+1","Steam Power"],"picked":"SKIP","floor":31},{"not_picked":["Skim","Sweeping Beam+1","Steam Power"],"picked":"SKIP","floor":31},{"not_picked":["Conserve Battery","Stack+1"],"picked":"Cold Snap","floor":32},{"not_picked":["Multi-Cast","Electrodynamics+1"],"picked":"Buffer+1","floor":33},{"not_picked":["Streamline+1","Scrape"],"picked":"Hologram","floor":35},{"not_picked":["Tempest+1","Double Energy","Self Repair+1"],"picked":"SKIP","floor":41},{"not_picked":["Force Field","Steam+1"],"picked":"Coolheaded+1","floor":46},{"not_picked":["Turbo","Chill"],"picked":"Capacitor+1","floor":49}],"player_experience":533593,"relics_obtained":[{"floor":9,"key":"Frozen Egg 2"},{"floor":26,"key":"Dream Catcher"}],"event_choices":[{"damage_healed":0,"gold_gain":0,"player_choice":"Entered Light","damage_taken":15,"max_hp_gain":0,"max_hp_loss":0,"event_name":"Shining Light","floor":7,"gold_loss":0,"cards_upgraded":["Ball Lightning","Streamline"]},{"damage_healed":0,"gold_gain":75,"player_choice":"Gather Gold","damage_taken":11,"max_hp_gain":0,"max_hp_loss":0,"event_name":"World of Goop","floor":8,"gold_loss":0},{"cards_removed":["Strike_B"],"damage_healed":0,"gold_gain":0,"player_choice":"Forget","damage_taken":0,"max_hp_gain":0,"max_hp_loss":0,"event_name":"Living Wall","floor":13,"gold_loss":0},{"cards_removed":["Strike_B"],"damage_healed":0,"gold_gain":0,"player_choice":"Card Removal","damage_taken":7,"max_hp_gain":0,"max_hp_loss":0,"event_name":"Golden Wing","floor":14,"gold_loss":0},{"damage_healed":0,"gold_gain":0,"player_choice":"Ignored","damage_taken":0,"max_hp_gain":0,"max_hp_loss":0,"event_name":"The Mausoleum","floor":19,"gold_loss":0},{"damage_healed":0,"gold_gain":0,"player_choice":"Ignored","damage_taken":0,"max_hp_gain":0,"max_hp_loss":0,"event_name":"Vampires","floor":22,"gold_loss":0},{"damage_healed":0,"gold_gain":0,"player_choice":"Bought 1 Potion","damage_taken":0,"max_hp_gain":0,"max_hp_loss":0,"event_name":"The Woman in Blue","floor":24,"gold_loss":0},{"damage_healed":0,"gold_gain":0,"player_choice":"Ignored","damage_taken":0,"max_hp_gain":0,"max_hp_loss":0,"event_name":"Beggar","floor":29,"gold_loss":0},{"damage_healed":0,"gold_gain":0,"cards_transformed":["Defend_B"],"player_choice":"Transformed","damage_taken":0,"max_hp_gain":0,"max_hp_loss":0,"event_name":"Transmorgrifier","floor":36,"gold_loss":0,"cards_obtained":["Streamline"]},{"damage_healed":0,"gold_gain":0,"player_choice":"Memory 1","damage_taken":0,"max_hp_gain":0,"max_hp_loss":0,"event_name":"SensoryStone","floor":38,"gold_loss":0},{"damage_healed":0,"gold_gain":0,"player_choice":"Max HP","damage_taken":0,"max_hp_gain":0,"max_hp_loss":4,"event_name":"Winding Halls","floor":39,"gold_loss":0},{"cards_removed":["All For One"],"damage_healed":0,"gold_gain":0,"player_choice":"Removed Attack","damage_taken":0,"max_hp_gain":0,"max_hp_loss":0,"event_name":"Falling","floor":44,"gold_loss":0},{"damage_healed":0,"gold_gain":0,"player_choice":"Ignored","damage_taken":0,"max_hp_gain":0,"max_hp_loss":0,"event_name":"Mysterious Sphere","floor":48,"gold_loss":0}],"is_beta":false,"boss_relics":[{"not_picked":["Velvet Choker","Coffee Dripper"],"picked":"Cursed Key"},{"not_picked":["Tiny House","Calling Bell"],"picked":"Nuclear Battery"}],"items_purged_floors":[4,28],"is_endless":false,"potions_floor_spawned":[3,5,18,27,30,31,33,41],"ascension_level":0}