{"gold_per_floor":[113,130,2,12,38,50,76,88,100,127,139],"floor_reached":11,"playtime":417,"items_purged":["Strike_G"],"score":114,"play_id":"42ed1783-31c0-40fc-bfa5-9b959d72a466","local_time":"20190221210354","is_ascension_mode":true,"campfire_choices":[{"data":"After Image","floor":6.0,"key":"SMITH"},{"data":"Neutralize","floor":8.0,"key":"SMITH"}],"neow_cost":"PERCENT_DAMAGE","seed_source_timestamp":617442194063300,"circlet_count":0,"master_deck":["AscendersBane","Defend_G","Defend_G","Defend_G","Defend_G","Defend_G","Strike_G","Strike_G","Strike_G","Strike_G","Survivor","Neutralize+1","After Image+1","Cloak And Dagger","Cloak And Dagger","Cloak And Dagger","Backflip","Escape Plan","Malaise"],"special_seed":0,"relics":["Ring of the Snake","MawBank","Ginger"],"potions_floor_usage":[11],"damage_taken":[{"damage":0.0,"enemies":"Cultist","floor":1.0,"turns":5.0},{"damage":0.0,"enemies":"Small Slimes","floor":2.0,"turns":4.0},{"damage":2.0,"enemies":"2 Louse","floor":4.0,"turns":3.0},{"damage":2.0,"enemies":"Large Slime","floor":7.0,"turns":8.0},{"damage":0.0,"enemies":"Blue Slaver","floor":10.0,"turns":5.0},{"damage":72,"enemies":"Gremlin Nob","floor":11,"turns":8}],"seed_played":"-3904361663255565665","potions_obtained":[{"floor":2.0,"key":"FairyPotion"},{"floor":4.0,"key":"Ancient Potion"},{"floor":7.0,"key":"Regen Potion"}],"is_trial":false,"path_per_floor":["M","M","$","M","T","R","M","R","T","M","E"],"character_chosen":"THE_SILENT","items_purchased":["Cloak And Dagger"],"campfire_rested":0,"item_purchase_floors":[3],"current_hp_per_floor":[44,44,44,42,42,42,40,40,40,40,0],"gold":139,"neow_bonus":"THREE_RARE_CARDS","is_prod":false,"is_daily":false,"chose_seed":false,"campfire_upgraded":2,"win_rate":0,"timestamp":1550754234,"path_taken":["M","?","$","M","?","R","M","R","T","M","E"],"build_version":"2019-01-23","purchased_purges":1,"victory":false,"max_hp_per_floor":[66,66,66,66,66,66,66,66,66,66,66],"card_choices":[{"not_picked":["Burst","Grand Finale"],"picked":"After Image","floor":0.0},{"not_picked":["Outmaneuver","Crippling Poison"],"picked":"Cloak And Dagger","floor":1.0},{"not_picked":["Deadly Poison","Distraction"],"picked":"Cloak And Dagger","floor":2.0},{"not_picked":["Underhanded Strike","Flechettes"],"picked":"Backflip","floor":4.0},{"not_picked":["Blur","Outmaneuver"],"picked":"Escape Plan","floor":7.0},{"not_picked":["Blade Dance","Bane"],"picked":"Malaise","floor":10.0}],"player_experience":709447,"relics_obtained":[{"floor":5.0,"key":"MawBank"},{"floor":9.0,"key":"Ginger"}],"event_choices":[],"is_beta":false,"boss_relics":[],"items_purged_floors":[3],"is_endless":false,"potions_floor_spawned":[2,4,7],"killed_by":"Gremlin Nob","ascension_level":15}