{"gold_per_floor":[18,88,105,125,135,135,160,160,185,185,195,146,174,274,274,370,370,380,305,305,318,233,244,244,244],"floor_reached":25,"playtime":831,"items_purged":[],"score":289,"play_id":"5ec555fb-aaf4-43c0-9a51-fed474372aba","local_time":"20190113211548","is_ascension_mode":true,"campfire_choices":[{"data":"Zap","floor":6,"key":"SMITH"},{"floor":8,"key":"REST"},{"floor":15,"key":"REST"},{"floor":24,"key":"REST"}],"neow_cost":"NO_GOLD","seed_source_timestamp":272196804423899,"circlet_count":0,"master_deck":["Strike_B+1","Strike_B","Strike_B","Defend_B","Defend_B+1","Defend_B","Defend_B","Zap+1","Dualcast","Static Discharge","Self Repair","Coolheaded","Go for the Eyes","Hologram","Rainbow","Barrage"],"relics":["Cracked Core","Singing Bowl","Ice Cream","Blood Vial","Pen Nib","Inserter","Potion Belt"],"potions_floor_usage":[11,13,21,23,25],"damage_taken":[{"damage":0,"enemies":"Cultist","floor":1,"turns":4},{"damage":7,"enemies":"Jaw Worm","floor":3,"turns":3},{"damage":16,"enemies":"2 Louse","floor":4,"turns":2},{"damage":9,"enemies":"2 Fungi Beasts","floor":5,"turns":3},{"damage":42,"enemies":"Gremlin Nob","floor":7,"turns":5},{"damage":23,"enemies":"Exordium Wildlife","floor":11,"turns":4},{"damage":22,"enemies":"3 Sentries","floor":13,"turns":8},{"damage":32,"enemies":"The Guardian","floor":16,"turns":13},{"damage":34,"enemies":"Chosen","floor":18,"turns":5},{"damage":6,"enemies":"3 Byrds","floor":21,"turns":5},{"damage":25,"enemies":"Centurion and Healer","floor":23,"turns":7},{"damage":60,"enemies":"Slavers","floor":25,"turns":3}],"seed_played":"6176377705522816636","potions_obtained":[{"floor":1,"key":"EssenceOfSteel"},{"floor":3,"key":"GamblersBrew"},{"floor":5,"key":"Regen Potion"},{"floor":11,"key":"Weak Potion"},{"floor":21,"key":"Block Potion"},{"floor":23,"key":"EssenceOfSteel"}],"is_trial":false,"path_per_floor":["M","T","M","M","M","R","E","R","T","?","M","$","E","?","R","B",null,"M","?","?","M","?","M","R","E"],"character_chosen":"DEFECT","items_purchased":["Hologram"],"campfire_rested":3,"item_purchase_floors":[12],"current_hp_per_floor":[89,89,84,68,66,66,31,58,58,40,40,40,29,29,57,34,80,57,57,38,41,41,27,58,0],"gold":244,"neow_bonus":"TWENTY_PERCENT_HP_BONUS","is_prod":false,"is_daily":false,"chose_seed":false,"campfire_upgraded":1,"win_rate":0,"timestamp":1547385348,"path_taken":["M","?","M","M","M","R","E","R","T","?","M","$","E","?","R","BOSS","M","?","?","M","?","M","R","E"],"build_version":"2019-01-10","purchased_purges":0,"victory":false,"max_hp_per_floor":[89,89,91,91,91,91,91,91,91,91,93,93,95,95,95,95,95,97,97,102,102,102,104,104,104],"card_choices":[{"not_picked":["Doom and Gloom","Cold Snap"],"picked":"Static Discharge","floor":1},{"not_picked":["Double Energy","Go for the Eyes","Fusion"],"picked":"Singing Bowl","floor":3},{"not_picked":["Rebound","Reinforced Body"],"picked":"Self Repair","floor":4},{"not_picked":["Sunder","Conserve Battery"],"picked":"Coolheaded","floor":5},{"not_picked":["Rip and Tear","Sweeping Beam"],"picked":"Go for the Eyes","floor":7},{"not_picked":["Hello World","Thunder Strike","Coolheaded"],"picked":"Singing Bowl","floor":11},{"not_picked":["Compile Driver","Turbo","All For One"],"picked":"Singing Bowl","floor":13},{"not_picked":["Reboot","All For One"],"picked":"Rainbow","floor":16},{"not_picked":["Compile Driver","Turbo+1","Conserve Battery+1"],"picked":"Singing Bowl","floor":18},{"not_picked":["Rip and Tear","Darkness"],"picked":"Barrage","floor":21},{"not_picked":["Barrage+1","Leap","Rebound"],"picked":"Singing Bowl","floor":23}],"player_experience":638197,"relics_obtained":[{"floor":2,"key":"Singing Bowl"},{"floor":7,"key":"Ice Cream"},{"floor":9,"key":"Blood Vial"},{"floor":13,"key":"Pen Nib"}],"event_choices":[{"damage_healed":0,"gold_gain":0,"player_choice":"Entered Light","damage_taken":18,"max_hp_gain":0,"max_hp_loss":0,"event_name":"Shining Light","floor":10,"gold_loss":0,"cards_upgraded":["Strike_B","Defend_B"]},{"damage_healed":0,"gold_gain":100,"player_choice":"Pray","damage_taken":0,"max_hp_gain":0,"max_hp_loss":0,"event_name":"Golden Shrine","floor":14,"gold_loss":0},{"cards_removed":["Strike_B"],"damage_healed":0,"gold_gain":0,"player_choice":"Gave Gold","damage_taken":0,"max_hp_gain":0,"max_hp_loss":0,"event_name":"Beggar","floor":19,"gold_loss":75},{"damage_healed":0,"gold_gain":0,"player_choice":"Shed Blood","damage_taken":24,"max_hp_gain":5,"max_hp_loss":0,"event_name":"Forgotten Altar","floor":20,"gold_loss":0},{"damage_healed":0,"gold_gain":0,"player_choice":"Obtained Relic","damage_taken":0,"relics_obtained":["Potion Belt"],"max_hp_gain":0,"max_hp_loss":0,"event_name":"Addict","floor":22,"gold_loss":85}],"is_beta":false,"boss_relics":[{"not_picked":["Pandora\u0027s Box","Runic Pyramid"],"picked":"Inserter"}],"items_purged_floors":[],"is_endless":false,"potions_floor_spawned":[1,3,5,11,21,23],"killed_by":"Slavers","ascension_level":5}