{"gold_per_floor":[117,117,117,42,57,86,102,113,113,113,63,63,63,16,16,116,116,136,136,136,136,151,151,151,184,207,207,219,219,239,139,139,243,243,254,254,268,282,25,25,35,50,50,150,150,150,164,183,183,183],"floor_reached":51,"playtime":2581,"items_purged":["Strike_R","Defend_R+1"],"score":1040,"play_id":"0d5a76ae-032a-4d78-8f1c-4131448571d5","local_time":"20190224161118","is_ascension_mode":true,"campfire_choices":[{"data":"Strike_R","floor":10,"key":"PURGE"},{"data":"Bash","floor":13,"key":"PURGE"},{"data":"Strike_R+1","floor":15,"key":"PURGE"},{"data":"Defend_R","floor":23,"key":"PURGE"},{"floor":27,"key":"REST"},{"data":"Defend_R","floor":29,"key":"PURGE"},{"data":"Demon Form","floor":32,"key":"SMITH"},{"data":"Body Slam","floor":40,"key":"SMITH"},{"data":"Body Slam","floor":45,"key":"SMITH"},{"data":"Seeing Red","floor":49,"key":"SMITH"}],"neow_cost":"NONE","seed_source_timestamp":1012744813095231,"circlet_count":0,"master_deck":["Flame Barrier","Shrug It Off","Demon Form+1","Whirlwind","Body Slam+1","Shrug It Off","Reaper","Necronomicurse","Entrench","Seeing Red+1","Flame Barrier","Impervious","Impervious","Body Slam+1","Entrench+1"],"relics":["Burning Blood","NeowsBlessing","Peace Pipe","Meat on the Bone","Velvet Choker","Necronomicon","Kunai","Omamori","Busted Crown","DollysMirror","Charon\u0027s Ashes"],"potions_floor_usage":[16,16,16,33,33,42,50,50,50],"damage_taken":[{"damage":0,"enemies":"Cultist","floor":1,"turns":1},{"damage":0,"enemies":"Small Slimes","floor":5,"turns":1},{"damage":0,"enemies":"3 Sentries","floor":6,"turns":2},{"damage":0,"enemies":"2 Louse","floor":7,"turns":5},{"damage":5,"enemies":"2 Fungi Beasts","floor":8,"turns":7},{"damage":63,"enemies":"Hexaghost","floor":16,"turns":16},{"damage":6,"enemies":"Shell Parasite","floor":18,"turns":14},{"damage":8,"enemies":"Colosseum Slavers","floor":20,"turns":7},{"damage":0,"enemies":"3 Byrds","floor":22,"turns":3},{"damage":64,"enemies":"Gremlin Leader","floor":25,"turns":9},{"damage":0,"enemies":"3 Cultists","floor":28,"turns":2},{"damage":3,"enemies":"Snake Plant","floor":30,"turns":6},{"damage":51,"enemies":"Collector","floor":33,"turns":7},{"damage":75,"enemies":"3 Shapes","floor":35,"turns":3},{"damage":0,"enemies":"Orb Walker","floor":37,"turns":3},{"damage":0,"enemies":"Jaw Worm Horde","floor":38,"turns":1},{"damage":14,"enemies":"3 Darklings","floor":41,"turns":3},{"damage":28,"enemies":"Spire Growth","floor":42,"turns":5},{"damage":0,"enemies":"Mind Bloom Boss Battle","floor":44,"turns":5},{"damage":0,"enemies":"4 Shapes","floor":47,"turns":2},{"damage":0,"enemies":"3 Darklings","floor":48,"turns":3},{"damage":0,"enemies":"Awakened One","floor":50,"turns":8}],"seed_played":"4811413156322448673","potions_obtained":[{"floor":1,"key":"Poison Potion"},{"floor":5,"key":"Block Potion"},{"floor":7,"key":"SpeedPotion"},{"floor":22,"key":"Fire Potion"},{"floor":30,"key":"Ancient Potion"},{"floor":36,"key":"EssenceOfSteel"},{"floor":36,"key":"GamblersBrew"},{"floor":36,"key":"SkillPotion"},{"floor":41,"key":"BloodPotion"},{"floor":42,"key":"Energy Potion"}],"is_trial":false,"path_per_floor":["M","?","?","$","M","E","M","M","T","R","?","?","R","$","R","B",null,"M","?","?","?","M","R","?","E","T","R","M","R","M","$","R","B",null,"M","?","M","M","$","R","M","M","T","?","R","?","M","M","R","B",null],"character_chosen":"IRONCLAD","items_purchased":["Shrug It Off","DollysMirror","Body Slam"],"campfire_rested":1,"item_purchase_floors":[14,39,39],"current_hp_per_floor":[78,62,62,62,68,74,80,80,80,80,80,80,80,80,80,35,69,69,53,67,67,75,75,75,49,49,73,79,79,80,80,80,48,72,23,23,49,55,55,55,47,47,47,53,53,53,59,80,80,80],"gold":183,"neow_bonus":"THREE_ENEMY_KILL","is_prod":false,"is_daily":false,"chose_seed":false,"campfire_upgraded":4,"win_rate":0,"timestamp":1551046278,"path_taken":["M","?","?","$","M","E","M","M","T","R","?","?","R","?","R","BOSS","M","?","?","?","?","R","?","E","T","R","M","R","M","?","R","BOSS","M","?","M","?","$","R","M","M","T","?","R","?","M","M","R","BOSS"],"build_version":"2019-01-23","purchased_purges":2,"victory":true,"max_hp_per_floor":[80,80,80,80,80,80,80,80,80,80,80,80,80,80,80,80,80,80,80,80,80,80,80,80,80,80,80,80,80,80,80,80,80,80,80,80,80,80,80,80,80,80,80,80,80,80,80,80,80,80],"card_choices":[{"not_picked":["Evolve","Searing Blow"],"picked":"Flame Barrier","floor":1},{"not_picked":["Disarm","Corruption"],"picked":"Shrug It Off","floor":5},{"not_picked":["Shrug It Off","Clothesline"],"picked":"Demon Form","floor":6},{"not_picked":["Havoc","Headbutt"],"picked":"Whirlwind","floor":7},{"not_picked":["Havoc","Flex"],"picked":"Body Slam","floor":8},{"not_picked":["Dark Embrace","Exhume"],"picked":"Reaper","floor":16},{"not_picked":["Pummel","Wild Strike","Heavy Blade"],"picked":"SKIP","floor":18},{"not_picked":["Sword Boomerang","Headbutt"],"picked":"Seeing Red","floor":22},{"not_picked":["Carnage","Body Slam","Dropkick"],"picked":"SKIP","floor":25},{"not_picked":["Heavy Blade+1","Shrug It Off+1"],"picked":"Flame Barrier","floor":28},{"not_picked":["Searing Blow","Disarm","Havoc"],"picked":"SKIP","floor":30},{"not_picked":["Double Tap","Dark Embrace"],"picked":"Impervious","floor":33},{"not_picked":["Uppercut+1"],"picked":"SKIP","floor":35},{"not_picked":["Corruption+1"],"picked":"SKIP","floor":37},{"not_picked":["Thunderclap"],"picked":"SKIP","floor":38},{"not_picked":["Iron Wave"],"picked":"SKIP","floor":41},{"not_picked":["Carnage"],"picked":"SKIP","floor":42},{"not_picked":[],"picked":"Entrench+1","floor":44},{"not_picked":["Havoc"],"picked":"SKIP","floor":47},{"not_picked":["Thunderclap+1"],"picked":"SKIP","floor":48}],"player_experience":1504544,"relics_obtained":[{"floor":6,"key":"Peace Pipe"},{"floor":9,"key":"Meat on the Bone"},{"floor":19,"key":"Necronomicon"},{"floor":25,"key":"Kunai"},{"floor":26,"key":"Omamori"},{"floor":44,"key":"Charon\u0027s Ashes"}],"event_choices":[{"damage_healed":0,"gold_gain":0,"player_choice":"Entered Light","damage_taken":16,"max_hp_gain":0,"max_hp_loss":0,"event_name":"Shining Light","floor":2,"gold_loss":0,"cards_upgraded":["Defend_R","Strike_R"]},{"cards_removed":["Strike_R"],"damage_healed":0,"gold_gain":0,"player_choice":"Forget","damage_taken":0,"max_hp_gain":0,"max_hp_loss":0,"event_name":"Living Wall","floor":3,"gold_loss":0},{"cards_removed":["Strike_R"],"damage_healed":0,"gold_gain":0,"player_choice":"Card Removal","damage_taken":0,"max_hp_gain":0,"max_hp_loss":0,"event_name":"The Cleric","floor":11,"gold_loss":50},{"damage_healed":0,"gold_gain":0,"player_choice":"Ignored","damage_taken":0,"max_hp_gain":0,"max_hp_loss":0,"event_name":"Liars Game","floor":12,"gold_loss":0},{"damage_healed":0,"gold_gain":0,"player_choice":"Obtained Book","damage_taken":16,"max_hp_gain":0,"max_hp_loss":0,"event_name":"Cursed Tome","floor":19,"gold_loss":0},{"damage_healed":0,"gold_gain":0,"player_choice":"Fight","damage_taken":0,"max_hp_gain":0,"max_hp_loss":0,"event_name":"Colosseum","floor":20,"gold_loss":0},{"damage_healed":0,"gold_gain":0,"player_choice":"Fled From Nobs","damage_taken":0,"max_hp_gain":0,"max_hp_loss":0,"event_name":"Colosseum","floor":20,"gold_loss":0},{"damage_healed":0,"gold_gain":0,"player_choice":"Read","damage_taken":0,"max_hp_gain":0,"max_hp_loss":0,"event_name":"The Library","floor":21,"gold_loss":0,"cards_obtained":["Entrench"]},{"cards_removed":["Defend_R"],"damage_healed":0,"gold_gain":0,"player_choice":"Elegance","damage_taken":0,"max_hp_gain":0,"max_hp_loss":0,"event_name":"Back to Basics","floor":24,"gold_loss":0},{"damage_healed":0,"gold_gain":0,"player_choice":"Got Potions","damage_taken":0,"max_hp_gain":0,"max_hp_loss":0,"event_name":"Lab","floor":36,"gold_loss":0},{"damage_healed":0,"gold_gain":0,"player_choice":"Fight","damage_taken":0,"max_hp_gain":0,"max_hp_loss":0,"event_name":"MindBloom","floor":44,"gold_loss":0},{"damage_healed":0,"gold_gain":0,"player_choice":"Memory 1","damage_taken":0,"max_hp_gain":0,"max_hp_loss":0,"event_name":"SensoryStone","floor":46,"gold_loss":0}],"is_beta":false,"boss_relics":[{"not_picked":["Tiny House","Mark of Pain"],"picked":"Velvet Choker"},{"not_picked":["Orrery","White Beast Statue"],"picked":"Busted Crown"}],"items_purged_floors":[4,31],"is_endless":false,"potions_floor_spawned":[1,5,7,22,30,38,41,42,44],"ascension_level":7}