{"gold_per_floor":[110,185,201,201,219,219,236,236,261,261,277,295,295,305,305,403,403,419,42,42,42,42,42,52,67,67,67,83,83,83],"floor_reached":30,"playtime":1321,"items_purged":["Strike_R"],"score":278,"play_id":"bb05cafb-2a06-4c05-8d13-e1f2cd5caf6c","local_time":"20190202181511","is_ascension_mode":true,"campfire_choices":[{"data":"Bash","floor":6,"key":"SMITH"},{"data":"Defend_R","floor":8,"key":"SMITH"},{"data":"Defend_R","floor":10,"key":"SMITH"},{"data":"Entrench","floor":15,"key":"SMITH"},{"floor":23,"key":"REST"},{"floor":27,"key":"REST"}],"neow_cost":"NONE","seed_source_timestamp":2036267710421754,"circlet_count":0,"master_deck":["Strike_R","Strike_R","Defend_R+1","Defend_R+1","Defend_R+1","Defend_R+1","Bash+1","Entrench+1","Offering","Second Wind","Second Wind","Ghostly Armor+1","Inflame+1"],"relics":["Burning Blood","NeowsBlessing","War Paint","Oddly Smooth Stone","Letter Opener","Fusion Hammer","Incense Burner","Dodecahedron"],"potions_floor_usage":[16,16],"damage_taken":[{"damage":0,"enemies":"Jaw Worm","floor":1,"turns":1},{"damage":0,"enemies":"Small Slimes","floor":3,"turns":1},{"damage":0,"enemies":"Cultist","floor":5,"turns":1},{"damage":0,"enemies":"Exordium Wildlife","floor":7,"turns":5},{"damage":0,"enemies":"3 Louse","floor":11,"turns":5},{"damage":0,"enemies":"Looter","floor":12,"turns":5},{"damage":0,"enemies":"2 Fungi Beasts","floor":14,"turns":4},{"damage":52,"enemies":"Hexaghost","floor":16,"turns":11},{"damage":33,"enemies":"Shell Parasite","floor":18,"turns":8},{"damage":11,"enemies":"3 Byrds","floor":24,"turns":7},{"damage":33,"enemies":"Centurion and Healer","floor":25,"turns":13},{"damage":43,"enemies":"Cultist and Chosen","floor":28,"turns":14},{"damage":56,"enemies":"Gremlin Leader","floor":30,"turns":10}],"seed_played":"-6835881621717331523","potions_obtained":[{"floor":3,"key":"Energy Potion"},{"floor":7,"key":"LiquidBronze"},{"floor":12,"key":"LiquidBronze"},{"floor":16,"key":"SkillPotion"},{"floor":25,"key":"Swift Potion"}],"is_trial":false,"path_per_floor":["M","?","M","?","M","R","M","R","T","R","M","M","?","M","R","B",null,"M","$","?","?","$","R","M","M","T","R","M","?","E"],"character_chosen":"IRONCLAD","items_purchased":["Incense Burner"],"campfire_rested":2,"item_purchase_floors":[19],"current_hp_per_floor":[80,69,75,68,74,74,80,80,80,80,80,80,80,80,80,34,69,42,42,42,27,27,52,47,20,20,45,8,36,0],"gold":83,"neow_bonus":"THREE_ENEMY_KILL","is_prod":false,"is_daily":false,"chose_seed":false,"campfire_upgraded":4,"win_rate":0,"timestamp":1549152911,"path_taken":["M","?","M","?","M","R","M","R","T","R","M","M","?","?","R","BOSS","M","$","?","?","$","R","M","M","T","R","M","?","E"],"build_version":"2019-01-23","purchased_purges":1,"victory":false,"max_hp_per_floor":[80,80,80,80,80,80,80,80,80,80,80,80,80,80,80,80,80,80,80,80,85,85,85,85,85,85,85,85,85,85],"card_choices":[{"not_picked":["Sword Boomerang","Perfected Strike","Dropkick"],"picked":"SKIP","floor":1},{"not_picked":["True Grit","Havoc","Sever Soul"],"picked":"SKIP","floor":3},{"not_picked":["Pommel Strike","Bloodletting","Power Through"],"picked":"SKIP","floor":5},{"not_picked":["Rage","Heavy Blade","Anger"],"picked":"SKIP","floor":7},{"not_picked":["Sword Boomerang","Clothesline","Thunderclap"],"picked":"SKIP","floor":11},{"not_picked":["Pommel Strike","Wild Strike","Perfected Strike"],"picked":"SKIP","floor":12},{"not_picked":["Bludgeon","Bloodletting"],"picked":"Entrench","floor":14},{"not_picked":["Bludgeon","Fiend Fire"],"picked":"Offering","floor":16},{"not_picked":["Sentinel","Iron Wave+1","Blood for Blood"],"picked":"SKIP","floor":18},{"not_picked":["Clash","Rage"],"picked":"Ghostly Armor+1","floor":24},{"not_picked":["Pommel Strike","Sword Boomerang","Flex"],"picked":"SKIP","floor":25},{"not_picked":["Headbutt","Power Through"],"picked":"Inflame+1","floor":28}],"player_experience":1240268,"relics_obtained":[{"floor":9,"key":"Oddly Smooth Stone"},{"floor":26,"key":"Dodecahedron"}],"event_choices":[{"damage_healed":0,"gold_gain":75,"player_choice":"Gather Gold","damage_taken":11,"max_hp_gain":0,"max_hp_loss":0,"event_name":"World of Goop","floor":2,"gold_loss":0},{"damage_healed":0,"gold_gain":0,"player_choice":"Success","damage_taken":7,"relics_obtained":["War Paint"],"max_hp_gain":0,"max_hp_loss":0,"event_name":"Scrap Ooze","floor":4,"gold_loss":0},{"damage_healed":0,"gold_gain":0,"player_choice":"Gave Potion","damage_taken":0,"relics_obtained":["Letter Opener"],"max_hp_gain":0,"max_hp_loss":0,"event_name":"WeMeetAgain","floor":13,"gold_loss":0},{"damage_healed":0,"gold_gain":0,"cards_transformed":["Strike_R","Strike_R"],"player_choice":"Became Test Subject","damage_taken":0,"max_hp_gain":0,"max_hp_loss":0,"event_name":"Drug Dealer","floor":20,"gold_loss":0,"cards_obtained":["Second Wind","Second Wind"]},{"damage_healed":0,"gold_gain":0,"player_choice":"Shed Blood","damage_taken":20,"max_hp_gain":5,"max_hp_loss":0,"event_name":"Forgotten Altar","floor":21,"gold_loss":0},{"damage_healed":28,"gold_gain":0,"player_choice":"Heal","damage_taken":0,"max_hp_gain":0,"max_hp_loss":0,"event_name":"The Library","floor":29,"gold_loss":0}],"is_beta":false,"boss_relics":[{"not_picked":["Coffee Dripper","Black Star"],"picked":"Fusion Hammer"}],"items_purged_floors":[19],"is_endless":false,"potions_floor_spawned":[3,7,12,16,25],"killed_by":"Gremlin Leader","ascension_level":5}