{"gold_per_floor":[114,289,289,305,376,410,410,424,492,519,292,292,86,104,104,180,180,191,290,290,143,143,143,156,156,156,172,187,199,224,240,240,240],"floor_reached":33,"playtime":1835,"items_purged":["Doubt","Strike_R"],"score":513,"play_id":"3cf5b720-bcd1-48f3-9e1a-90084534215c","local_time":"20190226003018","is_ascension_mode":true,"campfire_choices":[{"data":"Iron Wave","floor":7,"key":"SMITH"},{"data":"Armaments","floor":15,"key":"SMITH"},{"data":"Warcry","floor":23,"key":"SMITH"},{"floor":25,"key":"REST"},{"floor":32,"key":"REST"}],"neow_cost":"NONE","seed_source_timestamp":324462074015513,"circlet_count":0,"master_deck":["AscendersBane","Strike_R","Strike_R","Strike_R","Defend_R","Defend_R","Defend_R","Defend_R","Bash+1","Iron Wave+1","Evolve","Twin Strike","Headbutt","Armaments+1","Finesse","Flex","Double Tap","Warcry+1","Pommel Strike","Corruption+1","Intimidate","Impervious","True Grit"],"relics":["Burning Blood","NeowsBlessing","Frozen Egg 2","Omamori","Blue Candle","Gremlin Horn","Vajra","Singing Bowl","Mark of Pain","Regal Pillow","Bag of Preparation","FossilizedHelix"],"potions_floor_usage":[10,10,10,18,22,28,29,33,33],"damage_taken":[{"damage":0,"enemies":"Jaw Worm","floor":1,"turns":1},{"damage":0,"enemies":"2 Louse","floor":4,"turns":1},{"damage":0,"enemies":"Lagavulin","floor":6,"turns":1},{"damage":6,"enemies":"Cultist","floor":8,"turns":3},{"damage":7,"enemies":"Gremlin Nob","floor":10,"turns":3},{"damage":15,"enemies":"Exordium Thugs","floor":14,"turns":3},{"damage":66,"enemies":"The Guardian","floor":16,"turns":12},{"damage":15,"enemies":"Spheric Guardian","floor":18,"turns":4},{"damage":0,"enemies":"2 Thieves","floor":22,"turns":1},{"damage":42,"enemies":"Snake Plant","floor":24,"turns":5},{"damage":23,"enemies":"Snecko","floor":27,"turns":5},{"damage":15,"enemies":"Sentry and Sphere","floor":28,"turns":5},{"damage":3,"enemies":"3 Cultists","floor":29,"turns":5},{"damage":7,"enemies":"Slavers","floor":30,"turns":6},{"damage":0,"enemies":"Snecko","floor":31,"turns":5},{"damage":93,"enemies":"Collector","floor":33,"turns":9}],"seed_played":"3930059113052834694","potions_obtained":[{"floor":1,"key":"EntropicBrew"},{"floor":4,"key":"Dexterity Potion"},{"floor":16,"key":"AttackPotion"},{"floor":27,"key":"EssenceOfSteel"},{"floor":28,"key":"LiquidBronze"},{"floor":30,"key":"Swift Potion"},{"floor":31,"key":"Ancient Potion"}],"is_trial":false,"path_per_floor":["M","?","?","M","T","E","R","M","T","E","$","T","$","M","R","B",null,"M","?","?","$","M","R","M","R","T","M","M","M","E","M","R","B"],"character_chosen":"IRONCLAD","items_purchased":["Vajra","Finesse","Flex","Regal Pillow"],"campfire_rested":2,"item_purchase_floors":[11,13,13,21],"current_hp_per_floor":[74,74,74,75,75,75,75,75,75,74,74,74,74,67,67,7,60,51,51,51,51,57,57,21,59,59,42,33,36,35,43,79,0],"gold":240,"neow_bonus":"THREE_ENEMY_KILL","is_prod":false,"is_daily":false,"chose_seed":false,"campfire_upgraded":3,"win_rate":0,"timestamp":1551108618,"path_taken":["M","?","?","?","?","E","R","M","T","E","$","?","?","?","R","BOSS","M","?","?","$","M","R","M","R","T","M","?","M","E","M","R","BOSS"],"build_version":"2019-01-23","purchased_purges":2,"victory":false,"max_hp_per_floor":[75,75,75,75,75,75,75,75,75,75,75,75,75,77,77,77,77,77,77,77,77,77,77,77,77,77,77,77,77,77,79,79,79],"card_choices":[{"not_picked":["Wild Strike","Rage"],"picked":"Iron Wave","floor":1},{"not_picked":["Sentinel","Uppercut"],"picked":"Evolve","floor":4},{"not_picked":["Wild Strike","Heavy Blade"],"picked":"Twin Strike","floor":6},{"not_picked":["Flex","Reckless Charge"],"picked":"Headbutt","floor":8},{"not_picked":["Immolate","True Grit"],"picked":"Armaments","floor":10},{"not_picked":["Heavy Blade","Power Through","Carnage"],"picked":"Singing Bowl","floor":14},{"not_picked":["Exhume","Dark Embrace+1"],"picked":"Double Tap","floor":16},{"not_picked":["Corruption+1","Flame Barrier"],"picked":"Warcry","floor":18},{"not_picked":["Clash","Headbutt"],"picked":"Pommel Strike","floor":24},{"not_picked":["Armaments","Entrench"],"picked":"Corruption+1","floor":27},{"not_picked":["Flex","Pommel Strike"],"picked":"Intimidate","floor":28},{"not_picked":["Thunderclap","Sword Boomerang"],"picked":"Impervious","floor":29},{"not_picked":["Cleave","Pommel Strike"],"picked":"True Grit","floor":30},{"not_picked":["Heavy Blade+1","Headbutt","Twin Strike+1"],"picked":"Singing Bowl","floor":31}],"player_experience":106607,"relics_obtained":[{"floor":5,"key":"Frozen Egg 2"},{"floor":6,"key":"Omamori"},{"floor":9,"key":"Blue Candle"},{"floor":10,"key":"Gremlin Horn"},{"floor":12,"key":"Singing Bowl"},{"floor":26,"key":"Bag of Preparation"},{"floor":30,"key":"FossilizedHelix"}],"event_choices":[{"damage_healed":0,"gold_gain":175,"player_choice":"AGREE","damage_taken":0,"max_hp_gain":0,"max_hp_loss":0,"event_name":"Liars Game","floor":2,"gold_loss":0,"cards_obtained":["Doubt"]},{"damage_healed":0,"gold_gain":0,"player_choice":"Upgraded","damage_taken":0,"max_hp_gain":0,"max_hp_loss":0,"event_name":"Upgrade Shrine","floor":3,"gold_loss":0,"cards_upgraded":["Bash"]},{"damage_healed":0,"gold_gain":99,"player_choice":"Stole From Cult","damage_taken":0,"max_hp_gain":0,"max_hp_loss":0,"event_name":"Nest","floor":19,"gold_loss":0},{"cards_removed":["Strike_R"],"damage_healed":0,"gold_gain":0,"player_choice":"Purged","damage_taken":0,"max_hp_gain":0,"max_hp_loss":0,"event_name":"Purifier","floor":20,"gold_loss":0}],"is_beta":false,"boss_relics":[{"not_picked":["Pandora\u0027s Box","Sozu"],"picked":"Mark of Pain"}],"items_purged_floors":[11,13],"is_endless":false,"potions_floor_spawned":[1,4,16,22,27,28,30,31],"killed_by":"Collector","ascension_level":14}