{"gold_per_floor":[110,128,140,159,84,111,111,125,125,25,39,98,153,118,118,219,219,232,232,25,36,53,53,86,98,110,122,134,146,158,188,200,212],"floor_reached":33,"playtime":2207,"items_purged":["Strike_R","Defend_R","Strike_R"],"score":289,"play_id":"bdc43a3a-a22a-4be7-ab35-6905d0912cd4","local_time":"20181019202424","is_ascension_mode":true,"campfire_choices":[{"data":"Bash","floor":7,"key":"SMITH"},{"data":"Rampage","floor":15,"key":"SMITH"},{"data":"Rampage","floor":23,"key":"SMITH"},{"data":"Flex","floor":25,"key":"SMITH"},{"floor":27,"key":"REST"},{"data":"Anger","floor":29,"key":"SMITH"},{"floor":32,"key":"REST"}],"neow_cost":"NONE","seed_source_timestamp":836211558623203,"circlet_count":0,"master_deck":["Strike_R","Strike_R","Strike_R","Defend_R","Defend_R","Bash+1","Headbutt","Cleave","Rampage+1","Anger+1","Flex+1","J.A.X.","Rampage+1","Warcry","Inflame+1","Headbutt"],"relics":["Burning Blood","Blood Vial","Meat on the Bone","Frozen Egg 2","Tiny Chest","Sozu","MawBank","Ornamental Fan"],"potions_floor_usage":[12,13,16,21,24],"damage_taken":[{"damage":1,"enemies":"Cultist","floor":1,"turns":3},{"damage":7,"enemies":"Small Slimes","floor":2,"turns":5},{"damage":9,"enemies":"Jaw Worm","floor":3,"turns":4},{"damage":5,"enemies":"Looter","floor":4,"turns":4},{"damage":15,"enemies":"Gremlin Nob","floor":6,"turns":4},{"damage":8,"enemies":"2 Fungi Beasts","floor":8,"turns":3},{"damage":23,"enemies":"Large Slime","floor":11,"turns":6},{"damage":24,"enemies":"Lagavulin Event","floor":12,"turns":5},{"damage":24,"enemies":"Lagavulin","floor":13,"turns":5},{"damage":48,"enemies":"Hexaghost","floor":16,"turns":6},{"damage":20,"enemies":"2 Thieves","floor":18,"turns":4},{"damage":16,"enemies":"3 Byrds","floor":21,"turns":3},{"damage":36,"enemies":"Centurion and Healer","floor":22,"turns":5},{"damage":25,"enemies":"Book of Stabbing","floor":24,"turns":3},{"damage":20,"enemies":"Colosseum Slavers","floor":28,"turns":3},{"damage":24,"enemies":"Snake Plant","floor":31,"turns":3},{"damage":80,"enemies":"Champ","floor":33,"turns":7}],"seed_played":"-7947541538760400772","potions_obtained":[{"floor":1,"key":"Block Potion"},{"floor":3,"key":"Fire Potion"},{"floor":12,"key":"Block Potion"},{"floor":13,"key":"Strength Potion"},{"floor":16,"key":"Fire Potion"}],"is_trial":false,"path_per_floor":["M","M","M","M","$","E","R","M","T","$","M","?","E","?","R","B",null,"M","?","$","M","M","R","E","R","T","R","?","R","$","M","R"],"character_chosen":"IRONCLAD","items_purchased":["Rampage"],"campfire_rested":2,"item_purchase_floors":[20],"current_hp_per_floor":[80,79,76,77,77,68,68,68,68,68,53,49,45,65,65,37,80,66,66,66,58,42,42,37,37,37,61,49,49,49,45,69,0],"gold":212,"neow_bonus":"REMOVE_CARD","is_prod":false,"is_daily":false,"chose_seed":false,"campfire_upgraded":5,"win_rate":0,"timestamp":1540005864,"path_taken":["M","M","?","M","$","E","R","?","T","$","M","?","E","?","R","BOSS","M","?","$","?","?","R","E","R","T","R","?","R","?","M","R","BOSS"],"build_version":"2018-10-18","purchased_purges":3,"victory":false,"max_hp_per_floor":[80,80,80,80,80,80,80,80,80,80,80,80,80,80,80,80,80,80,80,80,80,80,80,80,80,80,80,80,80,80,80,80,80],"card_choices":[{"not_picked":["Intimidate","Sword Boomerang","Perfected Strike"],"picked":"SKIP","floor":1},{"not_picked":["Clash","True Grit"],"picked":"Headbutt","floor":2},{"not_picked":["Metallicize","Armaments","Combust"],"picked":"SKIP","floor":3},{"not_picked":["Impervious","Uppercut"],"picked":"Cleave","floor":4},{"not_picked":["Uppercut","Burning Pact","Bloodletting"],"picked":"SKIP","floor":6},{"not_picked":["Dual Wield","Heavy Blade","Cleave"],"picked":"SKIP","floor":8},{"not_picked":["Flex","True Grit"],"picked":"Rampage","floor":11},{"not_picked":["Second Wind","Spot Weakness"],"picked":"Anger","floor":13},{"not_picked":["True Grit","Headbutt"],"picked":"Flex","floor":18},{"not_picked":["Sword Boomerang+1","Heavy Blade"],"picked":"Warcry","floor":21},{"not_picked":["Spot Weakness","Warcry"],"picked":"Inflame+1","floor":22},{"not_picked":["Shockwave","Fiend Fire"],"picked":"Headbutt","floor":24},{"not_picked":["Feel No Pain+1","Body Slam+1","Bloodletting"],"picked":"SKIP","floor":31}],"player_experience":55243,"relics_obtained":[{"floor":6,"key":"Blood Vial"},{"floor":9,"key":"Meat on the Bone"},{"floor":12,"key":"Frozen Egg 2"},{"floor":13,"key":"Tiny Chest"},{"floor":24,"key":"MawBank"},{"floor":26,"key":"Ornamental Fan"}],"event_choices":[{"damage_healed":0,"gold_gain":0,"player_choice":"Searched \u00272\u0027 times","damage_taken":0,"max_hp_gain":0,"max_hp_loss":0,"event_name":"Dead Adventurer","floor":12,"gold_loss":0},{"damage_healed":20,"gold_gain":0,"player_choice":"Healed","damage_taken":0,"max_hp_gain":0,"max_hp_loss":0,"event_name":"The Cleric","floor":14,"gold_loss":35},{"damage_healed":0,"gold_gain":0,"player_choice":"Obtain J.A.X.","damage_taken":0,"max_hp_gain":0,"max_hp_loss":0,"event_name":"Drug Dealer","floor":19,"gold_loss":0,"cards_obtained":["J.A.X."]},{"damage_healed":0,"gold_gain":0,"player_choice":"Fight","damage_taken":0,"max_hp_gain":0,"max_hp_loss":0,"event_name":"Colosseum","floor":28,"gold_loss":0},{"damage_healed":0,"gold_gain":0,"player_choice":"Fled From Nobs","damage_taken":0,"max_hp_gain":0,"max_hp_loss":0,"event_name":"Colosseum","floor":28,"gold_loss":0}],"is_beta":false,"boss_relics":[{"not_picked":["Calling Bell","Philosopher\u0027s Stone"],"picked":"Sozu"}],"items_purged_floors":[5,10,20],"is_endless":false,"potions_floor_spawned":[1,3,12,13,16,18,21,24],"killed_by":"Champ","ascension_level":1}