{"gold_per_floor":[113,38,49,67,67,67,107,130,130,155,176,176,219,237,237,368,368,382,208,208,208,203,203],"floor_reached":23,"playtime":2284,"items_purged":["Strike_R","Strike_R"],"score":213,"play_id":"27f2c8ec-3b6e-4aa6-92b6-9a57ac065fac","local_time":"20180802190949","is_ascension_mode":true,"campfire_choices":[{"data":"Anger","floor":6,"key":"SMITH"},{"floor":12,"key":"REST"},{"floor":15,"key":"REST"}],"neow_cost":"NONE","seed_source_timestamp":555146573491131,"circlet_count":0,"master_deck":["Strike_R","Strike_R","Defend_R","Defend_R","Defend_R","Defend_R","Bash","Shrug It Off","Anger+1","Headbutt","Bloodletting","Inflame","Rampage","Inflame","Limit Break","Iron Wave","Headbutt","Pummel","Berserk","Shrug It Off","Rampage","Thunderclap+1"],"relics":["Burning Blood","Golden Idol","Dream Catcher","Pantograph","Girya","Black Star"],"potions_floor_usage":[7,7,8,22,22],"damage_taken":[{"damage":1,"enemies":"2 Louse","floor":1,"turns":4},{"damage":2,"enemies":"Small Slimes","floor":3,"turns":5},{"damage":8,"enemies":"Jaw Worm","floor":4,"turns":4},{"damage":19,"enemies":"Gremlin Nob","floor":7,"turns":4},{"damage":3,"enemies":"Gremlin Gang","floor":8,"turns":4},{"damage":2,"enemies":"Large Slime","floor":10,"turns":5},{"damage":14,"enemies":"3 Louse","floor":11,"turns":3},{"damage":35,"enemies":"Lagavulin","floor":13,"turns":6},{"damage":7,"enemies":"Exordium Thugs","floor":14,"turns":4},{"damage":8,"enemies":"Slime Boss","floor":16,"turns":7},{"damage":20,"enemies":"Chosen","floor":18,"turns":4},{"damage":18,"enemies":"2 Thieves","floor":22,"turns":4},{"damage":61,"enemies":"Book of Stabbing","floor":23,"turns":5}],"seed_played":"-7228423148475782850","potions_obtained":[{"floor":1,"key":"PowerPotion"},{"floor":4,"key":"Energy Potion"},{"floor":7,"key":"Fire Potion"},{"floor":14,"key":"Block Potion"},{"floor":16,"key":"Poison Potion"}],"is_trial":false,"path_per_floor":["M","$","M","M","?","R","E","M","T","M","M","R","E","M","R","B",null,"M","$","?","?","M"],"character_chosen":"IRONCLAD","items_purchased":["Rampage"],"campfire_rested":2,"item_purchase_floors":[19],"current_hp_per_floor":[80,80,80,78,58,58,45,48,48,52,44,68,39,38,62,78,80,66,66,66,66,54,0],"gold":203,"neow_bonus":"REMOVE_CARD","is_prod":false,"is_daily":false,"chose_seed":false,"campfire_upgraded":1,"win_rate":0,"timestamp":1533262189,"path_taken":["M","$","M","M","?","R","E","M","T","?","M","R","E","M","R","BOSS","M","$","?","?","M","E"],"build_version":"2018-08-02","purchased_purges":2,"victory":false,"max_hp_per_floor":[80,80,80,80,80,80,80,80,80,80,80,80,80,80,80,80,80,80,80,80,80,80,80],"card_choices":[{"not_picked":["Inflame","Warcry"],"picked":"Shrug It Off","floor":1},{"not_picked":["Shrug It Off","Pommel Strike"],"picked":"Anger","floor":3},{"not_picked":["Pommel Strike","Heavy Blade"],"picked":"Headbutt","floor":4},{"not_picked":["Armaments","Intimidate"],"picked":"Bloodletting","floor":7},{"not_picked":["Flex","Iron Wave"],"picked":"Inflame","floor":8},{"not_picked":["Infernal Blade","Flame Barrier"],"picked":"Rampage","floor":10},{"not_picked":["Sword Boomerang","Armaments"],"picked":"Inflame","floor":11},{"not_picked":["Sword Boomerang","Clash"],"picked":"Limit Break","floor":12},{"not_picked":["Feel No Pain","Second Wind"],"picked":"Iron Wave","floor":13},{"not_picked":["Shrug It Off","Anger"],"picked":"Headbutt","floor":14},{"not_picked":["Warcry","Shrug It Off"],"picked":"Pummel","floor":15},{"not_picked":["Juggernaut","Dark Embrace"],"picked":"Berserk","floor":16},{"not_picked":["True Grit","Fire Breathing"],"picked":"Shrug It Off","floor":18},{"not_picked":["True Grit","Clothesline"],"picked":"Thunderclap+1","floor":22}],"player_experience":24529,"relics_obtained":[{"floor":7,"key":"Dream Catcher"},{"floor":9,"key":"Pantograph"},{"floor":13,"key":"Girya"}],"event_choices":[{"event_name":"Golden Idol","player_choice":"Take Damage","floor":5,"damage_taken":0},{"event_name":"Addict","player_choice":"Ignored","floor":20,"damage_taken":0},{"event_name":"The Mausoleum","player_choice":"No","floor":21,"damage_taken":0}],"is_beta":false,"boss_relics":[{"not_picked":["Empty Cage","Cursed Key"],"picked":"Black Star"}],"items_purged_floors":[2,19],"is_endless":false,"potions_floor_spawned":[1,4,7,14,16],"killed_by":"Book of Stabbing","ascension_level":1}