{"gold_per_floor":[111,128,148,148,163,196,196,259,282,282,4,16,16,31,31,110,110,124,124,52,69,69,69,98,98,180,180,200,200],"floor_reached":29,"playtime":1216,"items_purged":[],"score":425,"play_id":"d7cb8605-5e37-42c7-82be-ed2653ebf853","local_time":"20190118192430","is_ascension_mode":true,"campfire_choices":[{"floor":7,"key":"REST"},{"floor":10,"key":"REST"},{"data":"Noxious Fumes","floor":13,"key":"SMITH"},{"data":"Footwork","floor":15,"key":"SMITH"},{"data":"Neutralize","floor":23,"key":"SMITH"},{"floor":25,"key":"REST"},{"data":"Malaise","floor":27,"key":"SMITH"}],"neow_cost":"NONE","seed_source_timestamp":697145739636700,"circlet_count":0,"master_deck":["AscendersBane","Defend_G","Defend_G+1","Defend_G","Defend_G","Defend_G","Strike_G","Strike_G","Strike_G+1","Strike_G","Strike_G+1","Survivor","Neutralize+1","Noxious Fumes+1","PiercingWail","Riddle With Holes","Glass Knife","Venomology+1","Dodge and Roll","Footwork+1","Deadly Poison","Malaise+1","Catalyst","Footwork"],"relics":["Ring of the Snake","Potion Belt","Art of War","Bag of Marbles","War Paint","TwistedFunnel","Busted Crown","Nloth\u0027s Gift","Dream Catcher","Sundial"],"potions_floor_usage":[5,5,6,12,14,16,18,21,21,29,29,29,29,29,29],"damage_taken":[{"damage":0,"enemies":"Cultist","floor":1,"turns":4},{"damage":7,"enemies":"Small Slimes","floor":2,"turns":4},{"damage":17,"enemies":"Jaw Worm","floor":3,"turns":5},{"damage":1,"enemies":"Exordium Wildlife","floor":5,"turns":5},{"damage":24,"enemies":"Gremlin Nob","floor":6,"turns":4},{"damage":20,"enemies":"3 Sentries","floor":8,"turns":7},{"damage":0,"enemies":"3 Louse","floor":12,"turns":4},{"damage":0,"enemies":"Exordium Thugs","floor":14,"turns":5},{"damage":26,"enemies":"Hexaghost","floor":16,"turns":12},{"damage":7,"enemies":"Spheric Guardian","floor":18,"turns":5},{"damage":16,"enemies":"2 Thieves","floor":21,"turns":5},{"damage":33,"enemies":"Slavers","floor":24,"turns":5},{"damage":3,"enemies":"Snake Plant","floor":28,"turns":5},{"damage":33,"enemies":"Gremlin Leader","floor":29,"turns":6}],"seed_played":"6699618666892182971","potions_obtained":[{"floor":1,"key":"Regen Potion"},{"floor":3,"key":"Energy Potion"},{"floor":5,"key":"Swift Potion"},{"floor":6,"key":"Poison Potion"},{"floor":8,"key":"Block Potion"}],"is_trial":false,"path_per_floor":["M","M","M","?","M","E","R","?","T","R","$","M","R","M","R","B",null,"M","?","$","M","?","R","E","R","T","R","M","E"],"character_chosen":"THE_SILENT","items_purchased":["Footwork","TwistedFunnel","Catalyst"],"campfire_rested":3,"item_purchase_floors":[11,11,20],"current_hp_per_floor":[59,52,35,24,37,13,32,12,12,31,31,31,31,31,31,5,51,44,44,44,43,43,43,10,29,29,29,26,0],"gold":200,"neow_bonus":"RANDOM_COMMON_RELIC","is_prod":false,"is_daily":false,"chose_seed":false,"campfire_upgraded":4,"win_rate":0,"timestamp":1547810670,"path_taken":["M","M","M","?","M","E","R","?","T","R","?","M","R","?","R","BOSS","M","?","?","M","?","R","E","R","T","R","M","E"],"build_version":"2019-01-17v2","purchased_purges":0,"victory":false,"max_hp_per_floor":[66,66,66,66,66,66,66,66,66,66,66,66,66,66,66,66,66,66,66,66,66,66,66,66,66,66,66,66,66],"card_choices":[{"not_picked":["Blade Dance","Deflect"],"picked":"Noxious Fumes","floor":1},{"not_picked":["Blade Dance","Poisoned Stab"],"picked":"PiercingWail","floor":2},{"not_picked":["Poisoned Stab","PiercingWail"],"picked":"Riddle With Holes","floor":3},{"not_picked":["Deadly Poison","Prepared"],"picked":"Glass Knife","floor":5},{"not_picked":["All Out Attack","Masterful Stab"],"picked":"Venomology","floor":6},{"not_picked":["Acrobatics","Blade Dance"],"picked":"Dodge and Roll","floor":8},{"not_picked":["Flying Knee","Accuracy","Tactician"],"picked":"SKIP","floor":12},{"not_picked":["Blade Dance","Reflex"],"picked":"Deadly Poison","floor":14},{"not_picked":["Burst","Glass Knife"],"picked":"Malaise","floor":16},{"not_picked":["Distraction"],"picked":"SKIP","floor":18},{"not_picked":["Dagger Throw"],"picked":"SKIP","floor":21},{"not_picked":["Blade Dance"],"picked":"SKIP","floor":24},{"not_picked":[],"picked":"Footwork","floor":28}],"player_experience":658995,"relics_obtained":[{"floor":6,"key":"Art of War"},{"floor":8,"key":"Bag of Marbles"},{"floor":9,"key":"War Paint"},{"floor":24,"key":"Dream Catcher"},{"floor":26,"key":"Sundial"}],"event_choices":[{"damage_healed":0,"gold_gain":0,"player_choice":"Success","damage_taken":11,"relics_obtained":["Potion Belt"],"max_hp_gain":0,"max_hp_loss":0,"event_name":"Scrap Ooze","floor":4,"gold_loss":0},{"damage_healed":0,"gold_gain":0,"player_choice":"Searched \u00271\u0027 times","damage_taken":0,"max_hp_gain":0,"max_hp_loss":0,"event_name":"Dead Adventurer","floor":8,"gold_loss":0},{"damage_healed":0,"gold_gain":0,"player_choice":"0 cards matched","damage_taken":0,"max_hp_gain":0,"max_hp_loss":0,"event_name":"Match and Keep!","floor":19,"gold_loss":0,"cards_obtained":[]},{"damage_healed":0,"gold_gain":0,"player_choice":"Traded Relic","damage_taken":0,"relics_obtained":["Nloth\u0027s Gift"],"max_hp_gain":0,"max_hp_loss":0,"event_name":"N\u0027loth","floor":22,"relics_lost":["Whetstone"],"gold_loss":0}],"is_beta":false,"boss_relics":[{"not_picked":["Runic Pyramid","HoveringKite"],"picked":"Busted Crown"}],"items_purged_floors":[],"is_endless":false,"potions_floor_spawned":[1,3,5,6,8],"killed_by":"Gremlin Leader","ascension_level":15}