{"gold_per_floor":[116,116,131,131,142,142,160,160,214,224,149,149,104,121,121,220,220,237,237,237,270,270,305,305,205,205,205,205,225,241,33,33,33],"floor_reached":33,"playtime":1496,"items_purged":["Strike_R","Strike_R","Defend_R"],"score":278,"play_id":"a43c906e-36c3-4bfb-8fc1-3042dfbab696","local_time":"20181115212357","is_ascension_mode":true,"campfire_choices":[{"data":"Battle Trance","floor":6,"key":"SMITH"},{"data":"Shrug It Off","floor":12,"key":"SMITH"},{"data":"Uppercut","floor":15,"key":"SMITH"},{"floor":24,"key":"REST"},{"data":"RitualDagger","floor":28,"key":"SMITH"},{"floor":32,"key":"REST"}],"neow_cost":"NONE","seed_source_timestamp":101437969310672,"circlet_count":0,"master_deck":["Strike_R","Strike_R","Strike_R","Defend_R","Defend_R","Defend_R","Disarm","Reaper","Battle Trance+1","Uppercut+1","Shrug It Off+1","Immolate","RitualDagger+1","Purity"],"relics":["Orrery","Regal Pillow","Vajra","Busted Crown","Red Mask","Happy Flower","Incense Burner"],"potions_floor_usage":[16,16,16,23,33],"damage_taken":[{"damage":0,"enemies":"Jaw Worm","floor":1,"turns":5},{"damage":7,"enemies":"Cultist","floor":3,"turns":5},{"damage":0,"enemies":"2 Louse","floor":5,"turns":5},{"damage":14,"enemies":"2 Fungi Beasts","floor":7,"turns":5},{"damage":11,"enemies":"Large Slime","floor":10,"turns":5},{"damage":0,"enemies":"Looter","floor":13,"turns":5},{"damage":5,"enemies":"3 Louse","floor":14,"turns":8},{"damage":42,"enemies":"Hexaghost","floor":16,"turns":12},{"damage":2,"enemies":"Chosen","floor":18,"turns":4},{"damage":34,"enemies":"Masked Bandits","floor":21,"turns":4},{"damage":20,"enemies":"Book of Stabbing","floor":23,"turns":7},{"damage":27,"enemies":"Spheric Guardian","floor":29,"turns":4},{"damage":11,"enemies":"Centurion and Healer","floor":30,"turns":6},{"damage":89,"enemies":"Automaton","floor":33,"turns":12}],"seed_played":"4168106630973972603","potions_obtained":[{"floor":3,"key":"Strength Potion"},{"floor":10,"key":"Swift Potion"},{"floor":14,"key":"AttackPotion"},{"floor":16,"key":"SpeedPotion"},{"floor":30,"key":"FearPotion"}],"is_trial":false,"path_per_floor":["M","?","M","?","M","R","M","?","T","M","$","R","M","M","R","B",null,"M","?","?","?","?","E","R","$","T","?","R","M","M","$","R","B"],"character_chosen":"IRONCLAD","items_purchased":["Purity"],"campfire_rested":2,"item_purchase_floors":[31],"current_hp_per_floor":[80,80,73,73,80,80,70,63,63,62,62,62,67,68,68,36,80,78,72,72,38,23,8,48,48,48,48,48,21,10,10,50,0],"gold":33,"neow_bonus":"BOSS_RELIC","is_prod":false,"is_daily":false,"chose_seed":false,"campfire_upgraded":4,"win_rate":0,"timestamp":1542338637,"path_taken":["M","?","M","?","?","R","?","?","T","M","$","R","M","M","R","BOSS","M","?","?","?","?","E","R","?","T","?","R","M","M","?","R","BOSS"],"build_version":"2018-11-08","purchased_purges":3,"victory":false,"max_hp_per_floor":[80,80,80,80,80,80,80,80,80,80,80,80,80,80,80,80,80,80,80,80,80,85,85,85,85,85,85,85,85,85,85,85,85],"card_choices":[{"not_picked":["Headbutt","Warcry"],"picked":"Disarm","floor":0},{"not_picked":["Iron Wave","Flex","Sword Boomerang"],"picked":"SKIP","floor":1},{"not_picked":["Rage","Sever Soul"],"picked":"Reaper","floor":3},{"not_picked":["Rupture","True Grit"],"picked":"Battle Trance","floor":5},{"not_picked":["Clothesline","Sword Boomerang"],"picked":"Uppercut","floor":7},{"not_picked":["Anger","Sword Boomerang"],"picked":"Shrug It Off","floor":10},{"not_picked":["Pommel Strike","Twin Strike","Wild Strike"],"picked":"SKIP","floor":13},{"not_picked":["Infernal Blade","Intimidate","Thunderclap"],"picked":"SKIP","floor":14},{"not_picked":["Double Tap","Brutality"],"picked":"Immolate","floor":16},{"not_picked":["Pommel Strike"],"picked":"SKIP","floor":18},{"not_picked":["Armaments"],"picked":"SKIP","floor":23},{"not_picked":["Clothesline"],"picked":"SKIP","floor":29},{"not_picked":["Iron Wave"],"picked":"SKIP","floor":30}],"player_experience":244323,"relics_obtained":[{"floor":9,"key":"Vajra"},{"floor":21,"key":"Red Mask"},{"floor":23,"key":"Happy Flower"},{"floor":26,"key":"Incense Burner"}],"event_choices":[{"damage_healed":0,"gold_gain":0,"player_choice":"Ignored","damage_taken":0,"max_hp_gain":0,"max_hp_loss":0,"event_name":"Liars Game","floor":2,"gold_loss":0},{"cards_removed":["Bash"],"damage_healed":0,"gold_gain":0,"player_choice":"Offered Basic","damage_taken":0,"max_hp_gain":0,"max_hp_loss":0,"event_name":"Bonfire Elementals","floor":4,"gold_loss":0},{"damage_healed":0,"gold_gain":0,"player_choice":"Success","damage_taken":7,"relics_obtained":["Regal Pillow"],"max_hp_gain":0,"max_hp_loss":0,"event_name":"Scrap Ooze","floor":8,"gold_loss":0},{"damage_healed":0,"gold_gain":0,"player_choice":"Joined the Cult","damage_taken":6,"max_hp_gain":0,"max_hp_loss":0,"event_name":"Nest","floor":19,"gold_loss":0,"cards_obtained":["RitualDagger"]},{"damage_healed":0,"gold_gain":0,"player_choice":"Ignored","damage_taken":0,"max_hp_gain":0,"max_hp_loss":0,"event_name":"Ghosts","floor":20,"gold_loss":0},{"damage_healed":0,"gold_gain":0,"player_choice":"Fought Bandits","damage_taken":0,"max_hp_gain":0,"max_hp_loss":0,"event_name":"Masked Bandits","floor":21,"gold_loss":0},{"damage_healed":0,"gold_gain":0,"player_choice":"Shed Blood","damage_taken":20,"max_hp_gain":5,"max_hp_loss":0,"event_name":"Forgotten Altar","floor":22,"gold_loss":0},{"damage_healed":0,"gold_gain":0,"player_choice":"Ignored","damage_taken":0,"max_hp_gain":0,"max_hp_loss":0,"event_name":"Vampires","floor":27,"gold_loss":0}],"is_beta":false,"boss_relics":[{"not_picked":["Ectoplasm","Black Star"],"picked":"Busted Crown"}],"items_purged_floors":[11,25,31],"is_endless":false,"potions_floor_spawned":[3,10,14,16,30],"killed_by":"Automaton","ascension_level":2}