{"path_per_floor":["M","M","M","?","M","E","?","?","T","M","R","?","M","M","R","B",null,"M","M","?","M","M","R","?","$","T","?","?","T","E","$","R"],"character_chosen":"DEFECT","items_purchased":["Juzu Bracelet"],"gold_per_floor":[17,28,42,7,23,49,49,49,49,65,65,65,85,96,96,195,195,207,221,201,215,227,227,227,8,57,57,57,131,164,64,64,64],"floor_reached":33,"campfire_rested":1,"playtime":1010,"item_purchase_floors":[25],"current_hp_per_floor":[75,63,60,75,75,51,51,48,48,55,55,55,56,52,52,31,75,75,58,58,48,36,58,42,42,42,42,42,42,44,44,44,69],"items_purged":["Strike_B","Strike_B"],"gold":64,"score":294,"play_id":"1027fd5c-0591-4fd7-9176-5d41402d1a43","local_time":"20180603014926","is_prod":false,"is_daily":false,"chose_seed":false,"is_ascension_mode":true,"campfire_upgraded":3,"win_rate":0,"timestamp":1527961766,"campfire_choices":[{"data":"Zap","floor":11,"key":"SMITH"},{"data":"Reboot","floor":15,"key":"SMITH"},{"floor":23,"key":"REST"},{"data":"Electrodynamics","floor":32,"key":"SMITH"}],"path_taken":["M","M","M","?","M","E","?","?","T","?","R","?","?","M","R","BOSS","M","M","?","?","M","R","?","?","T","?","?","?","E","?","R","BOSS"],"build_version":"2018-05-30v2","seed_source_timestamp":42627391079553,"purchased_purges":2,"victory":false,"master_deck":["Defend_B","Defend_B","Defend_B","Zap+1","Dualcast","Loop","Self Repair","Melter","Go for the Eyes","Redo+1","Rebound","Gash","Reboot+1","Thunder Strike+1","Ball Lightning","Cold Snap","Ball Lightning+1","Consume","Redo+1","Electrodynamics+1"],"max_hp_per_floor":[75,75,75,75,75,75,75,75,75,75,75,75,75,75,75,75,75,75,75,75,75,75,75,75,75,75,75,75,75,75,75,75,75],"relics":["Cracked Core","Potion Belt","Meat on the Bone","Bronze Scales","White Beast Statue","Enchiridion","Juzu Bracelet","Anchor","Pantograph","Whetstone"],"card_choices":[{"not_picked":["Chill","Double Energy"],"picked":"Loop","floor":1},{"not_picked":["Hologram","Force Field"],"picked":"Self Repair","floor":2},{"not_picked":["FTL","Genetic Algorithm"],"picked":"Melter","floor":3},{"not_picked":["Genetic Algorithm","Barrage"],"picked":"Go for the Eyes","floor":5},{"not_picked":["Rip and Tear","Glacier"],"picked":"Redo","floor":6},{"not_picked":["Turbo","Rip and Tear"],"picked":"Rebound","floor":10},{"not_picked":["Chaos","Aggregate"],"picked":"Gash","floor":13},{"not_picked":["Coolheaded","White Noise"],"picked":"Reboot","floor":14},{"not_picked":["Creative AI","Reboot"],"picked":"Thunder Strike","floor":16},{"not_picked":["Gash","Compile Driver+1"],"picked":"Ball Lightning","floor":18},{"not_picked":["Go for the Eyes","Rebound+1"],"picked":"Cold Snap","floor":19},{"not_picked":["Compile Driver","Streamline"],"picked":"Ball Lightning","floor":21},{"not_picked":["Go for the Eyes","Genetic Algorithm+1"],"picked":"Consume","floor":22},{"not_picked":["Turbo","Redo"],"picked":"Electrodynamics","floor":30}],"player_experience":57207,"potions_floor_usage":[10,21,22,22,30,33],"damage_taken":[{"damage":0,"enemies":"Cultist","floor":1,"turns":2},{"damage":12,"enemies":"Small Slimes","floor":2,"turns":2},{"damage":10,"enemies":"2 Louse","floor":3,"turns":3},{"damage":3,"enemies":"2 Fungi Beasts","floor":5,"turns":4},{"damage":31,"enemies":"Lagavulin","floor":6,"turns":5},{"damage":0,"enemies":"Red Slaver","floor":10,"turns":3},{"damage":18,"enemies":"Exordium Wildlife","floor":13,"turns":3},{"damage":4,"enemies":"2 Fungi Beasts","floor":14,"turns":2},{"damage":33,"enemies":"Hexaghost","floor":16,"turns":8},{"damage":0,"enemies":"Spheric Guardian","floor":18,"turns":1},{"damage":24,"enemies":"Shell Parasite","floor":19,"turns":4},{"damage":29,"enemies":"Snake Plant","floor":21,"turns":4},{"damage":31,"enemies":"Centurion and Healer","floor":22,"turns":5},{"damage":31,"enemies":"Book of Stabbing","floor":30,"turns":4},{"damage":0,"enemies":"Collector","floor":33,"turns":2}],"relics_obtained":[{"floor":6,"key":"Potion Belt"},{"floor":9,"key":"Bronze Scales"},{"floor":24,"key":"Enchiridion"},{"floor":26,"key":"Anchor"},{"floor":29,"key":"Pantograph"},{"floor":30,"key":"Whetstone"}],"event_choices":[{"event_name":"The Cleric","player_choice":"Healed","floor":4,"damage_taken":0},{"event_name":"Upgrade Shrine","player_choice":"Upgraded","floor":7,"damage_taken":0},{"event_name":"Scrap Ooze","player_choice":"success","floor":8,"damage_taken":3},{"event_name":"Purifier","player_choice":"One Purge","floor":12,"damage_taken":0},{"event_name":"The Woman in Blue","player_choice":"Bought 1 Potion","floor":20,"damage_taken":0},{"event_name":"Cursed Tome","player_choice":"Obtained Book","floor":24,"damage_taken":0},{"event_name":"Duplicator","player_choice":"One dupe","floor":27,"damage_taken":0},{"event_name":"Drug Dealer","player_choice":"Ignored","floor":28,"damage_taken":0}],"boss_relics":[{"not_picked":["Snecko Eye","Velvet Choker"],"picked":"White Beast Statue"}],"items_purged_floors":[25,31],"potions_floor_spawned":[1,2,14,18,19,21,22,30],"seed_played":"-4385319688110249371","killed_by":"Collector","ascension_level":2,"potions_obtained":[{"floor":1,"key":"Block Potion"},{"floor":2,"key":"Weak Potion"},{"floor":14,"key":"FearPotion"},{"floor":18,"key":"Ancient Potion"},{"floor":19,"key":"Block Potion"},{"floor":20,"key":"Poison Potion"},{"floor":21,"key":"SkillPotion"},{"floor":22,"key":"Regen Potion"},{"floor":30,"key":"SkillPotion"}],"is_trial":false}