{"gold_per_floor":[209,219,237,254,272,272,302,352,352,365,365,365,365,69,69,69],"floor_reached":16,"playtime":580,"items_purged":[],"score":196,"play_id":"11970e7d-7fa1-4760-b1bb-20b2b51d0315","local_time":"20190209162311","is_ascension_mode":true,"campfire_choices":[{"data":"Neutralize","floor":6,"key":"SMITH"},{"data":"Cloak And Dagger","floor":11,"key":"SMITH"},{"floor":13,"key":"REST"},{"data":"Dagger Spray","floor":15,"key":"SMITH"}],"neow_cost":"NONE","seed_source_timestamp":341367744709700,"circlet_count":0,"master_deck":["AscendersBane","Defend_G","Defend_G","Defend_G","Defend_G","Defend_G","Strike_G","Strike_G","Strike_G","Strike_G","Strike_G","Survivor","Neutralize+1","Cloak And Dagger+1","Leg Sweep","Finisher","Slice","Dagger Spray+1"],"relics":["Ring of the Snake","Bag of Marbles","WingedGreaves","Mango"],"potions_floor_usage":[4,5,12],"damage_taken":[{"damage":0,"enemies":"Small Slimes","floor":1,"turns":3},{"damage":0,"enemies":"Cultist","floor":2,"turns":4},{"damage":0,"enemies":"Jaw Worm","floor":3,"turns":4},{"damage":0,"enemies":"Exordium Wildlife","floor":4,"turns":4},{"damage":5,"enemies":"Large Slime","floor":5,"turns":7},{"damage":25,"enemies":"Lagavulin","floor":7,"turns":10},{"damage":0,"enemies":"2 Fungi Beasts","floor":10,"turns":2},{"damage":25,"enemies":"Gremlin Nob","floor":12,"turns":5},{"damage":57,"enemies":"Slime Boss","floor":16,"turns":9}],"seed_played":"199622792250918547","potions_obtained":[{"floor":3,"key":"SkillPotion"},{"floor":4,"key":"Poison Potion"},{"floor":5,"key":"SmokeBomb"},{"floor":7,"key":"FairyPotion"}],"is_trial":false,"path_per_floor":["M","M","M","M","M","R","E","?","T","M","R","E","R","$","R","B"],"character_chosen":"THE_SILENT","items_purchased":["Mango"],"campfire_rested":1,"item_purchase_floors":[14],"current_hp_per_floor":[59,59,59,59,54,54,29,29,29,29,29,4,23,37,37,0],"gold":69,"neow_bonus":"HUNDRED_GOLD","is_prod":false,"is_daily":false,"chose_seed":false,"campfire_upgraded":3,"win_rate":0,"timestamp":1549700591,"path_taken":["M","M","M","M","M","R","E","?","T","M","R","E","R","?","R","BOSS"],"build_version":"2019-01-23","purchased_purges":0,"victory":false,"max_hp_per_floor":[66,66,66,66,66,66,66,66,66,66,66,66,66,80,80,80],"card_choices":[{"not_picked":["Slice","PiercingWail"],"picked":"Cloak And Dagger","floor":1},{"not_picked":["Deadly Poison","Poisoned Stab"],"picked":"Leg Sweep","floor":2},{"not_picked":["Backflip","Slice"],"picked":"Finisher","floor":3},{"not_picked":["Crippling Poison","All Out Attack"],"picked":"Slice","floor":4},{"not_picked":["Outmaneuver","Backflip","Underhanded Strike"],"picked":"SKIP","floor":5},{"not_picked":["Bane","Dash"],"picked":"Dagger Spray","floor":7},{"not_picked":["Sucker Punch","Underhanded Strike","Eviscerate"],"picked":"SKIP","floor":10}],"player_experience":691787,"relics_obtained":[{"floor":7,"key":"Bag of Marbles"},{"floor":9,"key":"WingedGreaves"}],"event_choices":[{"damage_healed":0,"gold_gain":50,"player_choice":"Pray","damage_taken":0,"max_hp_gain":0,"max_hp_loss":0,"event_name":"Golden Shrine","floor":8,"gold_loss":0}],"is_beta":false,"boss_relics":[],"items_purged_floors":[],"is_endless":false,"potions_floor_spawned":[3,4,5,7],"killed_by":"Slime Boss","ascension_level":15}