{"gold_per_floor":[114,131,146,43,62,62,77,152,175,201,201,218,218,231,231,356,356,369,390,390,7,7,32,32,43,67,67,80,80,97,116,116,214,214,231,250,250,263,39,69,69,101,126,126,126,141,160,10,10,10],"floor_reached":50,"playtime":12099,"items_purged":["Injury","Parasite","True Grit"],"score":578,"play_id":"76c1a67f-30b7-452f-af23-e78153ed4914","local_time":"20181215000131","is_ascension_mode":false,"campfire_choices":[{"data":"Carnage","floor":6.0,"key":"SMITH"},{"data":"Pommel Strike","floor":15.0,"key":"SMITH"},{"floor":24.0,"key":"REST"},{"floor":27.0,"key":"REST"},{"data":"Brutality","floor":32.0,"key":"SMITH"},{"floor":41,"key":"REST"},{"floor":45,"key":"REST"},{"floor":49,"key":"REST"}],"neow_cost":"","seed_source_timestamp":0,"circlet_count":0,"master_deck":["Strike_R+1","Strike_R+1","Strike_R+1","Strike_R+1","Defend_R+1","Defend_R+1","Defend_R+1","Defend_R+1","Bash","Dropkick","Power Through","Dropkick","Iron Wave+1","Carnage+1","Thunderclap","Pommel Strike+1","Shrug It Off","Anger+1","Brutality+1","Thunderclap+1","Master of Strategy","Corruption","Battle Trance","Flex+1","Juggernaut","Bloodletting+1","Metallicize+1","Clothesline+1","Pommel Strike+1","Anger","Madness","Madness","Seeing Red+1","Feel No Pain","Rage+1","Flex+1","Entrench+1","Headbutt"],"special_seed":0,"relics":["Burning Blood","Ancient Tea Set","Pen Nib","Bloody Idol","Mark of Pain","Orichalcum","Whetstone","NlothsMask","Astrolabe","Toxic Egg 2","Anchor"],"potions_floor_usage":[33,33,40,40,50],"damage_taken":[{"damage":9.0,"enemies":"2 Louse","floor":1.0,"turns":4.0},{"damage":5.0,"enemies":"Small Slimes","floor":2.0,"turns":3.0},{"damage":0.0,"enemies":"Cultist","floor":3.0,"turns":3.0},{"damage":2.0,"enemies":"Blue Slaver","floor":5.0,"turns":4.0},{"damage":3.0,"enemies":"3 Louse","floor":7.0,"turns":4.0},{"damage":9.0,"enemies":"Gremlin Nob","floor":10.0,"turns":3.0},{"damage":1.0,"enemies":"2 Fungi Beasts","floor":12.0,"turns":3.0},{"damage":0.0,"enemies":"Large Slime","floor":14.0,"turns":5.0},{"damage":57.0,"enemies":"The Guardian","floor":16.0,"turns":10.0},{"damage":17.0,"enemies":"2 Thieves","floor":18.0,"turns":3.0},{"damage":11.0,"enemies":"Spheric Guardian","floor":19.0,"turns":3.0},{"damage":56.0,"enemies":"Slavers","floor":23.0,"turns":6.0},{"damage":4.0,"enemies":"Cultist and Chosen","floor":25.0,"turns":4.0},{"damage":2.0,"enemies":"Chosen and Byrds","floor":28.0,"turns":4.0},{"damage":7.0,"enemies":"Centurion and Healer","floor":30.0,"turns":4.0},{"damage":6.0,"enemies":"Snake Plant","floor":31.0,"turns":2.0},{"damage":17,"enemies":"Champ","floor":33,"turns":9},{"damage":13,"enemies":"3 Shapes","floor":35,"turns":4},{"damage":4,"enemies":"Orb Walker","floor":36,"turns":4},{"damage":18,"enemies":"Writhing Mass","floor":38,"turns":7},{"damage":53,"enemies":"Nemesis","floor":40,"turns":8},{"damage":13,"enemies":"Giant Head","floor":42,"turns":6},{"damage":15,"enemies":"Maw","floor":44,"turns":7},{"damage":9,"enemies":"Sphere and 2 Shapes","floor":46,"turns":4},{"damage":21,"enemies":"4 Shapes","floor":47,"turns":7},{"damage":77,"enemies":"Awakened One","floor":50,"turns":5}],"seed_played":"7988452520529343851","potions_obtained":[{"floor":1.0,"key":"Swift Potion"},{"floor":2.0,"key":"SkillPotion"},{"floor":5.0,"key":"Fire Potion"},{"floor":10.0,"key":"Regen Potion"},{"floor":14.0,"key":"LiquidBronze"},{"floor":16.0,"key":"FearPotion"},{"floor":19.0,"key":"LiquidBronze"},{"floor":25.0,"key":"Energy Potion"},{"floor":28.0,"key":"PowerPotion"},{"floor":31.0,"key":"LiquidBronze"},{"floor":35,"key":"Weak Potion"},{"floor":38,"key":"Weak Potion"},{"floor":40,"key":"Weak Potion"}],"is_trial":false,"path_per_floor":["M","M","M","$","M","R","M","?","T","E","?","M","?","M","R","B",null,"M","M","?","$","?","E","R","M","T","R","M","?","M","M","R","B",null,"M","M","?","M","$","E","R","E","T","M","R","M","M","$","R","B"],"character_chosen":"IRONCLAD","items_purchased":["Iron Wave","Carnage","Master of Strategy","Corruption","Ancient Potion","Feel No Pain","True Grit","Headbutt"],"campfire_rested":5,"item_purchase_floors":[4,4,21,21,21,39,39,48],"current_hp_per_floor":[77,78,80,80,80,80,80,69,69,66,80,80,80,80,80,44,80,69,64,64,64,64,19,43,50,55,79,80,80,80,80,80,74,80,78,80,70,63,63,21,44,42,47,38,61,63,53,53,76,0],"gold":10,"neow_bonus":"","is_prod":false,"is_daily":false,"chose_seed":false,"campfire_upgraded":3,"win_rate":0.0,"timestamp":1544853691,"path_taken":["M","M","M","$","M","R","M","?","T","E","?","?","?","M","R","BOSS","M","M","?","$","?","E","R","M","T","R","M","?","M","M","R","BOSS","M","?","?","M","$","E","R","E","T","M","R","M","M","$","R","BOSS"],"build_version":"2018-12-13","purchased_purges":3,"victory":false,"max_hp_per_floor":[80,80,80,80,80,80,80,80,80,80,80,80,80,80,80,80,80,80,80,80,80,80,80,80,80,80,80,80,80,80,80,80,80,80,80,80,80,80,77,77,77,77,77,77,77,77,77,77,77,77],"card_choices":[{"not_picked":["Sword Boomerang","Armaments"],"picked":"Dropkick","floor":1.0},{"not_picked":["Warcry","Dropkick"],"picked":"Power Through","floor":2.0},{"not_picked":["Blood for Blood","Pommel Strike"],"picked":"Dropkick","floor":3.0},{"not_picked":["Fire Breathing","Cleave"],"picked":"Carnage","floor":5.0},{"not_picked":["Armaments","Inflame"],"picked":"Thunderclap","floor":7.0},{"not_picked":["Headbutt","Carnage"],"picked":"Pommel Strike","floor":10.0},{"not_picked":["Dropkick","Clash"],"picked":"Shrug It Off","floor":12.0},{"not_picked":["Perfected Strike","Cleave"],"picked":"Anger","floor":14.0},{"not_picked":["Offering","Fiend Fire"],"picked":"Brutality","floor":16.0},{"not_picked":["Ghostly Armor","Headbutt"],"picked":"Thunderclap+1","floor":18.0},{"not_picked":["Dropkick","Warcry"],"picked":"Armaments+1","floor":19.0},{"not_picked":["Thunderclap","Rampage+1"],"picked":"Battle Trance","floor":23.0},{"not_picked":["Flame Barrier","Twin Strike"],"picked":"Warcry","floor":25.0},{"not_picked":["Juggernaut","Anger","Warcry"],"picked":"SKIP","floor":28.0},{"not_picked":["Clash","Thunderclap"],"picked":"Flex+1","floor":30.0},{"not_picked":["Shrug It Off+1","Fire Breathing+1","Sword Boomerang"],"picked":"SKIP","floor":31.0},{"not_picked":["Reaper","Barricade"],"picked":"Juggernaut","floor":33},{"not_picked":["Sever Soul","Flex"],"picked":"Pommel Strike+1","floor":35},{"not_picked":["Flex","Thunderclap+1"],"picked":"Anger","floor":36},{"not_picked":["Rage+1","Fire Breathing"],"picked":"Seeing Red+1","floor":38},{"not_picked":["Barricade","Perfected Strike"],"picked":"Rage+1","floor":40},{"not_picked":["Flame Barrier+1","Sever Soul"],"picked":"Flex+1","floor":42},{"not_picked":["Iron Wave","Shrug It Off+1","Headbutt+1"],"picked":"SKIP","floor":44},{"not_picked":["Reckless Charge+1","True Grit+1"],"picked":"Entrench+1","floor":46},{"not_picked":["Headbutt+1","Burning Pact+1","Dropkick+1"],"picked":"SKIP","floor":47}],"player_experience":0,"relics_obtained":[{"floor":9.0,"key":"Ancient Tea Set"},{"floor":10.0,"key":"Pen Nib"},{"floor":23.0,"key":"Orichalcum"},{"floor":26.0,"key":"Whetstone"},{"floor":40,"key":"Toxic Egg 2"},{"floor":42,"key":"Anchor"}],"event_choices":[{"damage_healed":0.0,"max_hp_gain":0.0,"max_hp_loss":0.0,"gold_gain":75.0,"event_name":"World of Goop","player_choice":"Gather Gold","floor":8.0,"gold_loss":0.0,"damage_taken":11.0},{"cards_removed":["Carnage"],"damage_healed":14.0,"max_hp_gain":0.0,"max_hp_loss":0.0,"gold_gain":0.0,"event_name":"Bonfire Elementals","player_choice":"Offered Uncommon","floor":11.0,"gold_loss":0.0,"damage_taken":0.0},{"damage_healed":0.0,"max_hp_gain":0.0,"max_hp_loss":0.0,"gold_gain":0.0,"event_name":"Golden Idol","player_choice":"Take Wound","floor":13.0,"gold_loss":0.0,"damage_taken":0.0,"relics_obtained":["Golden Idol"],"cards_obtained":["Injury"]},{"damage_healed":0.0,"max_hp_gain":0.0,"max_hp_loss":0.0,"gold_gain":0.0,"event_name":"Forgotten Altar","player_choice":"Gave Idol","floor":20.0,"relics_lost":["Golden Idol"],"gold_loss":0.0,"damage_taken":0.0,"relics_obtained":["Bloody Idol"]},{"damage_healed":0.0,"max_hp_gain":0.0,"max_hp_loss":0.0,"gold_gain":0.0,"event_name":"Back to Basics","player_choice":"Simplicity","floor":22.0,"gold_loss":0.0,"damage_taken":0.0,"cards_upgraded":["Strike_R","Strike_R","Strike_R","Strike_R","Strike_R","Defend_R","Defend_R","Defend_R","Defend_R"]},{"damage_healed":0.0,"max_hp_gain":0.0,"max_hp_loss":0.0,"gold_gain":0.0,"event_name":"FaceTrader","player_choice":"Trade","floor":29.0,"gold_loss":0.0,"damage_taken":0.0,"relics_obtained":["NlothsMask"]},{"damage_healed":0,"gold_gain":0,"player_choice":"Embrace Madness","damage_taken":10,"max_hp_gain":0,"max_hp_loss":0,"event_name":"Winding Halls","floor":37,"gold_loss":0,"cards_obtained":["Madness","Madness"]}],"is_beta":false,"boss_relics":[{"not_picked":["Busted Crown","Philosopher\u0027s Stone"],"picked":"Mark of Pain"},{"not_picked":["Black Star","Calling Bell"],"picked":"Astrolabe"}],"items_purged_floors":[21,39,48],"is_endless":false,"potions_floor_spawned":[1,2,5,10,14,16,19,25,28,31,35,38,40],"killed_by":"Awakened One","ascension_level":0}