{"gold_per_floor":[109,109,109,121,121,153,168,168,168,168,185,185,215,233,233,309,309,324,324,164,183,201,228,246,246],"floor_reached":25,"playtime":1126,"items_purged":[],"score":503,"play_id":"0efda445-b203-4bec-a33c-3d1b2c16f8d7","local_time":"20181221093132","is_ascension_mode":true,"campfire_choices":[{"floor":10.0,"key":"REST"},{"data":"Sunder","floor":12.0,"key":"SMITH"},{"data":"Consume","floor":15.0,"key":"SMITH"}],"neow_cost":"NONE","seed_source_timestamp":1501170160163,"circlet_count":0,"master_deck":["AscendersBane","Zap+1","Dualcast","Cold Snap","Stack","Self Repair","Sunder+1","Conserve Battery","Cold Snap","Consume+1","Echo Form","Coolheaded+1","Chill","Doom and Gloom","Machine Learning","Beam Cell","Buffer","Self Repair","BootSequence","Cold Snap","Echo Form","Fission","Conserve Battery+1","Coolheaded","Defragment"],"special_seed":0,"relics":["Cracked Core","NeowsBlessing","Question Card","Bronze Scales","Boot","Mango","Pandora\u0027s Box","War Paint"],"potions_floor_usage":[25],"damage_taken":[{"damage":0.0,"enemies":"Jaw Worm","floor":1.0,"turns":1.0},{"damage":0.0,"enemies":"2 Louse","floor":4.0,"turns":1.0},{"damage":0.0,"enemies":"Gremlin Nob","floor":6.0,"turns":1.0},{"damage":3.0,"enemies":"Small Slimes","floor":7.0,"turns":3.0},{"damage":0.0,"enemies":"Looter","floor":11.0,"turns":4.0},{"damage":25.0,"enemies":"Lagavulin","floor":13.0,"turns":4.0},{"damage":27.0,"enemies":"Exordium Thugs","floor":14.0,"turns":4.0},{"damage":13.0,"enemies":"Slime Boss","floor":16.0,"turns":12.0},{"damage":27.0,"enemies":"3 Byrds","floor":18.0,"turns":4.0},{"damage":0.0,"enemies":"Chosen","floor":21.0,"turns":3.0},{"damage":28.0,"enemies":"Snake Plant","floor":22.0,"turns":4.0},{"damage":6.0,"enemies":"Slavers","floor":23.0,"turns":8.0},{"damage":9.0,"enemies":"Centurion and Healer","floor":24.0,"turns":8.0},{"damage":55,"enemies":"Book of Stabbing","floor":25,"turns":5}],"seed_played":"-870755654904003864","potions_obtained":[{"floor":4.0,"key":"AttackPotion"},{"floor":11.0,"key":"Poison Potion"},{"floor":13.0,"key":"FearPotion"},{"floor":16.0,"key":"GamblersBrew"},{"floor":21.0,"key":"Fire Potion"},{"floor":24.0,"key":"GamblersBrew"}],"is_trial":false,"path_per_floor":["M","?","?","M","$","E","M","?","T","R","M","R","E","M","R","B",null,"M","?","$","M","M","E","M","E"],"character_chosen":"DEFECT","items_purchased":["Fission"],"campfire_rested":1,"item_purchase_floors":[20],"current_hp_per_floor":[64,64,43,43,43,43,47,21,21,42,49,49,45,25,25,19,69,56,56,56,56,42,50,62,7],"gold":246,"neow_bonus":"THREE_ENEMY_KILL","is_prod":false,"is_daily":false,"chose_seed":false,"campfire_upgraded":2,"win_rate":0,"timestamp":1545381092,"path_taken":["M","?","?","M","$","E","M","?","T","R","M","R","E","M","R","BOSS","M","?","?","M","M","E","M","E"],"build_version":"2018-12-20","purchased_purges":0,"victory":false,"max_hp_per_floor":[71,71,71,71,71,71,71,71,71,71,71,71,85,85,85,85,85,85,85,85,85,85,85,85,85],"card_choices":[{"not_picked":["BootSequence","Auto Shields"],"picked":"Cold Snap","floor":1.0},{"not_picked":["Streamline","Turbo"],"picked":"Stack","floor":4.0},{"not_picked":["Static Discharge","Cold Snap"],"picked":"Self Repair","floor":6.0},{"not_picked":["Turbo","Streamline","Static Discharge"],"picked":"Sunder","floor":7.0},{"not_picked":["Genetic Algorithm","Coolheaded","Ball Lightning"],"picked":"Conserve Battery","floor":11.0},{"not_picked":["Undo","Consume","Turbo"],"picked":"Cold Snap","floor":13.0},{"not_picked":["Beam Cell","Sweeping Beam","Stack"],"picked":"Consume","floor":14.0},{"not_picked":["Thunder Strike","Biased Cognition","Amplify"],"picked":"Echo Form","floor":16.0},{"not_picked":["Steam","Redo","Barrage"],"picked":"Cold Snap","floor":18.0},{"not_picked":["Hello World","Steam Power","Auto Shields"],"picked":"Conserve Battery","floor":21.0},{"not_picked":["Stack","Leap","Tempest"],"picked":"Coolheaded","floor":22.0},{"not_picked":["Streamline","White Noise","Gash"],"picked":"Defragment","floor":23.0},{"not_picked":["Redo","Steam","Stack+1","Compile Driver"],"picked":"SKIP","floor":24.0}],"player_experience":851222,"relics_obtained":[{"floor":6.0,"key":"Question Card"},{"floor":9.0,"key":"Boot"},{"floor":13.0,"key":"Mango"},{"floor":23.0,"key":"War Paint"}],"event_choices":[{"damage_healed":0.0,"max_hp_gain":0.0,"max_hp_loss":0.0,"gold_gain":0.0,"event_name":"Living Wall","player_choice":"Grow","floor":2.0,"gold_loss":0.0,"damage_taken":0.0,"cards_upgraded":["Zap"]},{"damage_healed":0.0,"max_hp_gain":0.0,"max_hp_loss":0.0,"gold_gain":0.0,"event_name":"Shining Light","player_choice":"Entered Light","floor":3.0,"gold_loss":0.0,"damage_taken":21.0,"cards_upgraded":["Defend_B","Strike_B"]},{"damage_healed":0.0,"max_hp_gain":0.0,"max_hp_loss":0.0,"gold_gain":0.0,"event_name":"Scrap Ooze","player_choice":"Success","floor":8.0,"gold_loss":0.0,"damage_taken":26.0,"relics_obtained":["Bronze Scales"]},{"damage_healed":0.0,"max_hp_gain":0.0,"max_hp_loss":0.0,"gold_gain":0.0,"event_name":"Duplicator","player_choice":"Copied","floor":19.0,"gold_loss":0.0,"damage_taken":0.0,"cards_obtained":["Echo Form"]}],"is_beta":true,"boss_relics":[{"not_picked":["Coffee Dripper","FrozenCore"],"picked":"Pandora\u0027s Box"}],"items_purged_floors":[],"is_endless":false,"potions_floor_spawned":[4,11,13,16,21,24],"killed_by":"Book of Stabbing","ascension_level":19}