{"gold_per_floor":[110,60,60,160,172,172,172,172,172,172,183,27,60,77,77,177,177,196,96,6,25,45,45,74,74,101,118,136,136,156,156,156,252,252,271,271,281,292,304,315,315,315,315,215,227,227,227,227,227,227],"floor_reached":51,"playtime":2401,"items_purged":["Strike_R","Strike_R","Defend_R"],"score":717,"play_id":"d441325e-1d28-495c-92e8-a968af0dff30","local_time":"20190224022540","is_ascension_mode":false,"campfire_choices":[{"data":"Cleave","floor":6,"key":"SMITH"},{"data":"Bash","floor":8,"key":"SMITH"},{"data":"Defend_R","floor":10,"key":"SMITH"},{"data":"True Grit","floor":15,"key":"SMITH"},{"data":"Disarm","floor":23,"key":"SMITH"},{"data":"Shrug It Off","floor":25,"key":"SMITH"},{"data":"Shrug It Off","floor":29,"key":"SMITH"},{"data":"Body Slam","floor":32,"key":"SMITH"},{"floor":42,"key":"REST"},{"floor":47,"key":"REST"},{"floor":49,"key":"REST"}],"neow_cost":"NONE","seed_source_timestamp":46001493602399,"circlet_count":0,"master_deck":["Defend_R","Defend_R+1","Cleave+1","True Grit+1","Disarm+1","Iron Wave+1","Shrug It Off+1","Shrug It Off+1","Metallicize+1","Body Slam+1","Juggernaut","Madness","Madness"],"relics":["Burning Blood","Pen Nib","The Courier","Runic Dome","Regal Pillow","Blood Vial","Fusion Hammer","Meat on the Bone","Vajra"],"potions_floor_usage":[16,16,16,33],"damage_taken":[{"damage":5,"enemies":"Jaw Worm","floor":1,"turns":5},{"damage":0,"enemies":"2 Louse","floor":5,"turns":3},{"damage":7,"enemies":"Small Slimes","floor":11,"turns":2},{"damage":24,"enemies":"Lagavulin","floor":13,"turns":5},{"damage":6,"enemies":"Red Slaver","floor":14,"turns":5},{"damage":51,"enemies":"Slime Boss","floor":16,"turns":18},{"damage":26,"enemies":"Spheric Guardian","floor":18,"turns":8},{"damage":0,"enemies":"Chosen","floor":21,"turns":6},{"damage":4,"enemies":"Snake Plant","floor":22,"turns":8},{"damage":20,"enemies":"Gremlin Leader","floor":24,"turns":8},{"damage":4,"enemies":"Chosen and Byrds","floor":27,"turns":7},{"damage":0,"enemies":"Centurion and Healer","floor":28,"turns":8},{"damage":0,"enemies":"Snecko","floor":30,"turns":6},{"damage":19,"enemies":"Champ","floor":33,"turns":12},{"damage":20,"enemies":"3 Darklings","floor":35,"turns":5},{"damage":0,"enemies":"Orb Walker","floor":37,"turns":3},{"damage":10,"enemies":"Writhing Mass","floor":38,"turns":4},{"damage":0,"enemies":"Transient","floor":39,"turns":5},{"damage":11,"enemies":"Jaw Worm Horde","floor":40,"turns":5},{"damage":0,"enemies":"Spire Growth","floor":45,"turns":4},{"damage":12,"enemies":"Awakened One","floor":50,"turns":8}],"seed_played":"4476535771816434754","potions_obtained":[{"floor":0,"key":"Ancient Potion"},{"floor":0,"key":"FearPotion"},{"floor":0,"key":"Weak Potion"},{"floor":18,"key":"BloodPotion"},{"floor":21,"key":"PowerPotion"},{"floor":27,"key":"SpeedPotion"},{"floor":38,"key":"GamblersBrew"},{"floor":40,"key":"Block Potion"}],"is_trial":false,"path_per_floor":["M","?","?","?","M","R","?","R","T","R","M","$","E","M","R","B",null,"M","$","?","M","M","R","E","R","T","M","M","R","M","?","R","B",null,"M","?","M","M","M","M","T","R","T","$","M","?","R","?","R","B",null],"character_chosen":"IRONCLAD","items_purchased":["Disarm","Shrug It Off"],"campfire_rested":3,"item_purchase_floors":[12,19],"current_hp_per_floor":[80,80,80,80,80,80,73,73,73,73,72,72,54,54,54,9,80,60,60,60,66,68,68,54,54,54,58,66,66,74,74,74,63,80,66,66,74,72,80,75,75,80,80,80,80,70,80,80,80,74],"gold":227,"neow_bonus":"THREE_SMALL_POTIONS","is_prod":false,"is_daily":false,"chose_seed":false,"campfire_upgraded":8,"win_rate":0,"timestamp":1550993140,"path_taken":["M","?","?","?","?","R","?","R","T","R","M","$","E","M","R","BOSS","M","$","?","M","?","R","E","R","T","?","M","R","M","?","R","BOSS","M","?","M","?","M","?","?","R","T","$","M","?","R","?","R","BOSS"],"build_version":"2019-01-23","purchased_purges":3,"victory":true,"max_hp_per_floor":[80,80,80,80,80,80,80,80,80,80,80,80,80,80,80,80,80,80,80,80,80,80,80,80,80,80,80,80,80,80,80,80,80,80,80,80,80,80,80,80,80,80,80,80,80,80,80,80,80,80],"card_choices":[{"not_picked":["Spot Weakness","Heavy Blade"],"picked":"Cleave","floor":1},{"not_picked":["Heavy Blade","Warcry","Reckless Charge"],"picked":"SKIP","floor":5},{"not_picked":["Limit Break","Pommel Strike"],"picked":"True Grit","floor":11},{"not_picked":["Sword Boomerang","Feed"],"picked":"Iron Wave","floor":13},{"not_picked":["Wild Strike","Pommel Strike"],"picked":"Shrug It Off","floor":14},{"not_picked":["Thunderclap","Anger","Twin Strike"],"picked":"SKIP","floor":18},{"not_picked":["Clash+1","Headbutt","Anger+1"],"picked":"SKIP","floor":21},{"not_picked":["Flex","Warcry","Perfected Strike"],"picked":"SKIP","floor":22},{"not_picked":["Clothesline","Disarm","Carnage+1"],"picked":"SKIP","floor":24},{"not_picked":["Uppercut","Clothesline+1"],"picked":"Metallicize+1","floor":27},{"not_picked":["Immolate","Warcry+1","Clash"],"picked":"SKIP","floor":28},{"not_picked":["Reckless Charge","Flame Barrier+1"],"picked":"Body Slam","floor":30},{"not_picked":["Double Tap","Offering"],"picked":"Juggernaut","floor":33},{"not_picked":["Corruption","Twin Strike+1","Dual Wield+1"],"picked":"SKIP","floor":35},{"not_picked":["Havoc","Cleave","Dropkick+1"],"picked":"SKIP","floor":37},{"not_picked":["Rage","Hemokinesis","Armaments+1"],"picked":"SKIP","floor":38},{"not_picked":["Whirlwind+1","Headbutt+1","Flex"],"picked":"SKIP","floor":39},{"not_picked":["Shrug It Off","Sever Soul","Thunderclap+1"],"picked":"SKIP","floor":40},{"not_picked":["Reckless Charge","Disarm+1","Warcry"],"picked":"SKIP","floor":45}],"player_experience":453294,"relics_obtained":[{"floor":9,"key":"Pen Nib"},{"floor":13,"key":"The Courier"},{"floor":24,"key":"Regal Pillow"},{"floor":26,"key":"Blood Vial"},{"floor":41,"key":"Meat on the Bone"},{"floor":43,"key":"Vajra"}],"event_choices":[{"cards_removed":["Strike_R"],"damage_healed":0,"gold_gain":0,"player_choice":"Card Removal","damage_taken":0,"max_hp_gain":0,"max_hp_loss":0,"event_name":"The Cleric","floor":2,"gold_loss":50},{"cards_removed":["Strike_R"],"damage_healed":0,"gold_gain":0,"player_choice":"Forget","damage_taken":0,"max_hp_gain":0,"max_hp_loss":0,"event_name":"Living Wall","floor":3,"gold_loss":0},{"damage_healed":0,"gold_gain":100,"player_choice":"Pray","damage_taken":0,"max_hp_gain":0,"max_hp_loss":0,"event_name":"Golden Shrine","floor":4,"gold_loss":0},{"cards_removed":["Defend_R"],"damage_healed":0,"gold_gain":0,"player_choice":"Card Removal","damage_taken":7,"max_hp_gain":0,"max_hp_loss":0,"event_name":"Golden Wing","floor":7,"gold_loss":0},{"cards_removed":["Strike_R"],"damage_healed":0,"gold_gain":0,"player_choice":"Upgrade and Remove","damage_taken":0,"max_hp_gain":0,"max_hp_loss":0,"event_name":"Designer","floor":20,"gold_loss":90,"cards_upgraded":["Iron Wave"]},{"damage_healed":0,"gold_gain":0,"player_choice":"Ignored","damage_taken":0,"max_hp_gain":0,"max_hp_loss":0,"event_name":"Vampires","floor":31,"gold_loss":0},{"damage_healed":0,"gold_gain":0,"player_choice":"Ignored","damage_taken":0,"max_hp_gain":0,"max_hp_loss":0,"event_name":"SecretPortal","floor":36,"gold_loss":0},{"damage_healed":0,"gold_gain":0,"player_choice":"Embrace Madness","damage_taken":10,"max_hp_gain":0,"max_hp_loss":0,"event_name":"Winding Halls","floor":46,"gold_loss":0,"cards_obtained":["Madness","Madness"]},{"cards_removed":["Bash"],"damage_healed":0,"gold_gain":0,"player_choice":"Removed Attack","damage_taken":0,"max_hp_gain":0,"max_hp_loss":0,"event_name":"Falling","floor":48,"gold_loss":0}],"is_beta":false,"boss_relics":[{"not_picked":["Eternal Feather","Cursed Key"],"picked":"Runic Dome"},{"not_picked":["Tiny House","Black Star"],"picked":"Fusion Hammer"}],"items_purged_floors":[12,19,44],"is_endless":false,"potions_floor_spawned":[13,18,21,27,30,38,40,45],"ascension_level":0}