{"gold_per_floor":[99,99,99,99,99,99,99,99,99,99,99,99,99,49,49,49],"floor_reached":16,"playtime":1106,"items_purged":[],"score":134,"play_id":"68b30d37-92e2-4095-a582-cd4f1b3b4c3f","local_time":"20181108204959","is_ascension_mode":true,"campfire_choices":[{"floor":7,"key":"REST"},{"floor":15,"key":"REST"}],"neow_cost":"NONE","seed_source_timestamp":2582241297330809,"circlet_count":0,"master_deck":["Strike_R","Strike_R","Strike_R","Strike_R","Defend_R","Defend_R","Defend_R","Defend_R","Metallicize","Twin Strike","Double Tap","Thunderclap","Anger"],"relics":["Ectoplasm","Potion Belt","Oddly Smooth Stone","Omamori","Sundial","Question Card"],"potions_floor_usage":[12,12,12,16],"damage_taken":[{"damage":5,"enemies":"Small Slimes","floor":1,"turns":3},{"damage":0,"enemies":"Cultist","floor":4,"turns":5},{"damage":21,"enemies":"3 Sentries","floor":6,"turns":11},{"damage":20,"enemies":"Gremlin Nob","floor":8,"turns":5},{"damage":27,"enemies":"3 Sentries","floor":10,"turns":9},{"damage":2,"enemies":"Jaw Worm","floor":11,"turns":3},{"damage":15,"enemies":"Lagavulin","floor":12,"turns":4},{"damage":0,"enemies":"2 Fungi Beasts","floor":13,"turns":3},{"damage":29,"enemies":"Hexaghost","floor":16,"turns":9}],"seed_played":"2524090936898922820","potions_obtained":[{"floor":1,"key":"PowerPotion"},{"floor":6,"key":"Poison Potion"},{"floor":11,"key":"Dexterity Potion"},{"floor":13,"key":"Explosive Potion"}],"is_trial":false,"path_per_floor":["M","?","?","M","?","E","R","E","T","E","M","E","M","?","R","B"],"character_chosen":"IRONCLAD","items_purchased":[],"campfire_rested":2,"item_purchase_floors":[],"current_hp_per_floor":[75,75,75,75,64,43,67,47,47,20,18,3,3,3,27,0],"gold":49,"neow_bonus":"BOSS_RELIC","is_prod":false,"is_daily":false,"chose_seed":false,"campfire_upgraded":0,"win_rate":0,"timestamp":1541731799,"path_taken":["M","?","?","?","?","E","R","E","T","E","M","E","M","?","R","BOSS"],"build_version":"2018-11-08","purchased_purges":0,"victory":false,"max_hp_per_floor":[80,80,80,80,80,80,80,80,80,80,80,80,80,80,80,80],"card_choices":[{"not_picked":["Spot Weakness","Rupture"],"picked":"Metallicize","floor":1},{"not_picked":["Sever Soul","Heavy Blade","Body Slam"],"picked":"SKIP","floor":4},{"not_picked":["True Grit","Rupture"],"picked":"Twin Strike","floor":6},{"not_picked":["Corruption","Body Slam","Clash"],"picked":"SKIP","floor":8},{"not_picked":["Perfected Strike","True Grit"],"picked":"Double Tap","floor":10},{"not_picked":["Cleave","Evolve"],"picked":"Thunderclap","floor":11},{"not_picked":["Clothesline","Bloodletting"],"picked":"Anger","floor":12},{"not_picked":["Clothesline","Rupture","Bloodletting","Searing Blow"],"picked":"SKIP","floor":13}],"player_experience":42299,"relics_obtained":[{"floor":6,"key":"Potion Belt"},{"floor":8,"key":"Oddly Smooth Stone"},{"floor":9,"key":"Omamori"},{"floor":10,"key":"Sundial"},{"floor":12,"key":"Question Card"}],"event_choices":[{"cards_removed":["Bash"],"damage_healed":0,"gold_gain":0,"player_choice":"Forget","damage_taken":0,"max_hp_gain":0,"max_hp_loss":0,"event_name":"Living Wall","floor":2,"gold_loss":0},{"damage_healed":0,"gold_gain":0,"player_choice":"0 cards matched","damage_taken":0,"max_hp_gain":0,"max_hp_loss":0,"event_name":"Match and Keep!","floor":3,"gold_loss":0,"cards_obtained":[]},{"damage_healed":0,"gold_gain":75,"player_choice":"Gather Gold","damage_taken":11,"max_hp_gain":0,"max_hp_loss":0,"event_name":"World of Goop","floor":5,"gold_loss":0},{"cards_removed":["Strike_R"],"damage_healed":0,"gold_gain":0,"player_choice":"Card Removal","damage_taken":0,"max_hp_gain":0,"max_hp_loss":0,"event_name":"The Cleric","floor":14,"gold_loss":50}],"is_beta":false,"boss_relics":[],"items_purged_floors":[],"is_endless":false,"potions_floor_spawned":[1,6,11,13],"killed_by":"Hexaghost","ascension_level":1}