{"gold_per_floor":[117,63,63,76,94,94,120,120,120,120,132,162,162,174,174,269,269,288,306,316,3,3,3,32,32,59,85,104,117,117,134,134,235,235,252,264,264,364,364,364,29,108,134,147,162,162,175,190,190,190],"floor_reached":51,"playtime":3831,"items_purged":["Strike_R","Strike_R"],"score":799,"play_id":"faab0710-96d0-4bf4-b36c-93720d87530a","local_time":"20190123210936","is_ascension_mode":true,"campfire_choices":[{"data":"Armaments","floor":6.0,"key":"SMITH"},{"data":"Bash","floor":8.0,"key":"SMITH"},{"data":"Madness","floor":10.0,"key":"SMITH"},{"data":"Uppercut","floor":13.0,"key":"SMITH"},{"data":"Flame Barrier","floor":15.0,"key":"SMITH"},{"data":"Corruption","floor":23.0,"key":"SMITH"},{"data":"Reaper","floor":30.0,"key":"SMITH"},{"floor":32.0,"key":"REST"},{"data":"Fiend Fire","floor":40.0,"key":"SMITH"},{"data":"Feel No Pain","floor":46.0,"key":"SMITH"},{"floor":49,"key":"REST"}],"neow_cost":"NONE","seed_source_timestamp":426306367604938,"circlet_count":0,"master_deck":["Strike_R+1","Strike_R","Strike_R+1","Defend_R","Defend_R+1","Defend_R","Defend_R","Bash+1","Madness+1","Armaments+1","Headbutt","Iron Wave","Uppercut+1","Flame Barrier+1","Fiend Fire+1","Power Through","Carnage","Shrug It Off+1","Evolve","Corruption+1","Whirlwind","Reaper+1","Reaper","Feel No Pain+1","True Grit","Offering"],"special_seed":0,"relics":["Burning Blood","Meat on the Bone","Dead Branch","Tiny Chest","Philosopher\u0027s Stone","War Paint","Red Skull","Omamori","Mango","Busted Crown","Incense Burner","Bag of Preparation","Vajra","Mummified Hand","Pen Nib"],"potions_floor_usage":[50,50,50],"damage_taken":[{"damage":13.0,"enemies":"Jaw Worm","floor":1.0,"turns":4.0},{"damage":5.0,"enemies":"Small Slimes","floor":4.0,"turns":4.0},{"damage":5.0,"enemies":"2 Louse","floor":5.0,"turns":3.0},{"damage":23.0,"enemies":"Gremlin Nob","floor":7.0,"turns":4.0},{"damage":0.0,"enemies":"Large Slime","floor":11.0,"turns":6.0},{"damage":8.0,"enemies":"Blue Slaver","floor":14.0,"turns":3.0},{"damage":36.0,"enemies":"The Guardian","floor":16.0,"turns":12.0},{"damage":3.0,"enemies":"Chosen","floor":18.0,"turns":4.0},{"damage":4.0,"enemies":"3 Byrds","floor":19.0,"turns":1.0},{"damage":6.0,"enemies":"Snake Plant","floor":20.0,"turns":4.0},{"damage":44.0,"enemies":"Gremlin Leader","floor":24.0,"turns":9.0},{"damage":31.0,"enemies":"Book of Stabbing","floor":27.0,"turns":4.0},{"damage":16.0,"enemies":"Shelled Parasite and Fungi","floor":28.0,"turns":4.0},{"damage":0.0,"enemies":"Snecko","floor":29.0,"turns":4.0},{"damage":53.0,"enemies":"3 Cultists","floor":31.0,"turns":7.0},{"damage":45.0,"enemies":"Champ","floor":33.0,"turns":12.0},{"damage":3.0,"enemies":"3 Darklings","floor":35.0,"turns":4.0},{"damage":22.0,"enemies":"Orb Walker","floor":36.0,"turns":5.0},{"damage":36.0,"enemies":"Mind Bloom Boss Battle","floor":38.0,"turns":5.0},{"damage":6.0,"enemies":"Spire Growth","floor":44.0,"turns":5.0},{"damage":13.0,"enemies":"Writhing Mass","floor":45.0,"turns":7.0},{"damage":0,"enemies":"4 Shapes","floor":47,"turns":3},{"damage":47,"enemies":"3 Darklings","floor":48,"turns":4},{"damage":97,"enemies":"Awakened One","floor":50,"turns":8}],"seed_played":"-5481273790714119237","potions_obtained":[{"floor":4.0,"key":"Energy Potion"},{"floor":14.0,"key":"Poison Potion"},{"floor":16.0,"key":"FearPotion"},{"floor":18.0,"key":"FearPotion"},{"floor":19.0,"key":"FearPotion"},{"floor":27.0,"key":"LiquidBronze"},{"floor":29.0,"key":"GamblersBrew"},{"floor":36.0,"key":"Block Potion"},{"floor":45.0,"key":"Ancient Potion"}],"is_trial":false,"path_per_floor":["M","$","?","M","M","R","E","R","T","R","M","?","R","M","R","B",null,"M","M","M","$","?","R","E","?","T","E","M","M","R","M","R","B",null,"M","M","?","?","T","R","$","T","T","M","M","R","M","M","R","B",null],"character_chosen":"IRONCLAD","items_purchased":["Armaments","Shrug It Off","Evolve","War Paint","Feel No Pain","Vajra","True Grit"],"campfire_rested":2,"item_purchase_floors":[2,21,21,21,41,41,41],"current_hp_per_floor":[73,73,57,58,59,59,42,42,42,42,48,36,36,46,46,28,67,70,72,72,72,72,72,46,46,46,47,51,61,61,41,69,49,83,94,84,84,67,67,67,67,67,67,78,83,83,94,64,92,36],"gold":190,"neow_bonus":"RANDOM_COLORLESS","is_prod":false,"is_daily":false,"chose_seed":false,"campfire_upgraded":9,"win_rate":0,"timestamp":1548306576,"path_taken":["M","$","?","M","M","R","E","R","T","R","M","?","R","M","R","BOSS","M","M","M","$","?","R","E","?","T","E","M","M","R","M","R","BOSS","M","M","?","?","?","R","$","?","T","M","M","R","M","M","R","BOSS"],"build_version":"2019-01-23","purchased_purges":2,"victory":true,"max_hp_per_floor":[80,80,80,80,80,80,80,80,80,80,80,80,80,80,80,80,80,80,80,80,80,80,80,80,80,80,94,94,94,94,94,94,94,94,94,94,94,94,94,94,94,94,94,94,94,94,94,94,94,94],"card_choices":[{"not_picked":["Heavy Blade","Combust","Clash"],"picked":"SKIP","floor":1.0},{"not_picked":["Havoc","Dual Wield","Reckless Charge"],"picked":"SKIP","floor":4.0},{"not_picked":["Wild Strike","Body Slam"],"picked":"Headbutt","floor":5.0},{"not_picked":["Entrench","Intimidate"],"picked":"Iron Wave","floor":7.0},{"not_picked":["Flex","Spot Weakness"],"picked":"Uppercut","floor":11.0},{"not_picked":["Sword Boomerang","Twin Strike"],"picked":"Flame Barrier","floor":14.0},{"not_picked":["Berserk","Demon Form"],"picked":"Fiend Fire","floor":16.0},{"not_picked":["Twin Strike","Wild Strike"],"picked":"Power Through","floor":18.0},{"not_picked":["Rupture+1","Power Through+1"],"picked":"Carnage","floor":19.0},{"not_picked":["Armaments","Entrench","Pommel Strike"],"picked":"SKIP","floor":20.0},{"not_picked":["Sword Boomerang","Twin Strike"],"picked":"Whirlwind","floor":24.0},{"not_picked":["Wild Strike","Sever Soul"],"picked":"Reaper","floor":27.0},{"not_picked":["Combust","Fire Breathing","Uppercut"],"picked":"SKIP","floor":28.0},{"not_picked":["Second Wind","Clash+1","Sword Boomerang"],"picked":"SKIP","floor":29.0},{"not_picked":["Infernal Blade","Headbutt","Pommel Strike"],"picked":"SKIP","floor":31.0},{"not_picked":["Juggernaut","Bludgeon"],"picked":"Reaper","floor":33.0},{"not_picked":["Twin Strike"],"picked":"SKIP","floor":35.0},{"not_picked":["Hemokinesis+1"],"picked":"SKIP","floor":36.0},{"not_picked":["Clash+1"],"picked":"SKIP","floor":44.0},{"not_picked":["Cleave+1"],"picked":"SKIP","floor":45.0},{"not_picked":["Rage+1"],"picked":"SKIP","floor":47},{"not_picked":[],"picked":"Offering","floor":48}],"player_experience":364414,"relics_obtained":[{"floor":7.0,"key":"Meat on the Bone"},{"floor":9.0,"key":"Dead Branch"},{"floor":24.0,"key":"Red Skull"},{"floor":26.0,"key":"Omamori"},{"floor":27.0,"key":"Mango"},{"floor":38.0,"key":"Incense Burner"},{"floor":39.0,"key":"Bag of Preparation"},{"floor":42.0,"key":"Mummified Hand"},{"floor":43.0,"key":"Pen Nib"}],"event_choices":[{"damage_healed":0.0,"max_hp_gain":0.0,"max_hp_loss":0.0,"gold_gain":0.0,"event_name":"Shining Light","player_choice":"Entered Light","floor":3.0,"gold_loss":0.0,"damage_taken":16.0,"cards_upgraded":["Strike_R","Strike_R"]},{"damage_healed":0.0,"max_hp_gain":0.0,"max_hp_loss":0.0,"gold_gain":0.0,"event_name":"Scrap Ooze","player_choice":"Success","floor":12.0,"gold_loss":0.0,"damage_taken":12.0,"relics_obtained":["Tiny Chest"]},{"damage_healed":0.0,"max_hp_gain":0.0,"max_hp_loss":0.0,"gold_gain":0.0,"event_name":"The Library","player_choice":"Read","floor":22.0,"gold_loss":0.0,"damage_taken":0.0,"cards_obtained":["Corruption"]},{"damage_healed":0.0,"max_hp_gain":0.0,"max_hp_loss":0.0,"gold_gain":0.0,"event_name":"Mysterious Sphere","player_choice":"Ignored","floor":37.0,"gold_loss":0.0,"damage_taken":0.0},{"damage_healed":0.0,"max_hp_gain":0.0,"max_hp_loss":0.0,"gold_gain":0.0,"event_name":"MindBloom","player_choice":"Fight","floor":38.0,"gold_loss":0.0,"damage_taken":0.0}],"is_beta":false,"boss_relics":[{"not_picked":["Runic Cube","Lizard Tail"],"picked":"Philosopher\u0027s Stone"},{"not_picked":["Empty Cage","Eternal Feather"],"picked":"Busted Crown"}],"items_purged_floors":[21,41],"is_endless":false,"potions_floor_spawned":[4,14,16,18,19,27,29,36,45,48],"ascension_level":5}