{"gold_per_floor":[114,129,179,95,110,110,140,140,140,155,170,170,81,96,96,196,196,211,211,189,204,4,4,19,34,59,74,74,89,89,89,89,89],"floor_reached":33,"playtime":4238,"items_purged":[],"score":274,"play_id":"60b5a131-3709-4781-af5c-954169ab91cb","local_time":"20181217194713","daily_mods":["Heirloom","Hoarder","DeadlyEvents"],"is_ascension_mode":false,"campfire_choices":[{"data":"Trip","floor":6.0,"key":"SMITH"},{"data":"Burst","floor":8.0,"key":"SMITH"},{"data":"Die Die Die","floor":12.0,"key":"SMITH"},{"data":"Die Die Die","floor":15.0,"key":"SMITH"},{"data":"Neutralize","floor":23,"key":"SMITH"},{"data":"Die Die Die","floor":28,"key":"SMITH"},{"data":"Trip","floor":30,"key":"SMITH"},{"data":"Trip","floor":32,"key":"SMITH"}],"neow_cost":"","seed_source_timestamp":0,"circlet_count":0,"master_deck":["Defend_G","Defend_G","Defend_G","Defend_G","Defend_G","Strike_G","Strike_G","Strike_G","Strike_G","Strike_G","Survivor","Neutralize+1","Slice","Slice","Slice","Dodge and Roll","Dodge and Roll","Dodge and Roll","Trip+1","Trip+1","Trip+1","PiercingWail","PiercingWail","PiercingWail","Burst+1","Burst","Burst","Die Die Die+1","Die Die Die+1","Die Die Die+1","Blur","Blur","Blur","Bandage Up","Bandage Up","Bandage Up","Poisoned Stab+1","Poisoned Stab+1","Poisoned Stab+1","Flying Knee","Flying Knee","Flying Knee"],"special_seed":17881,"relics":["Ring of the Snake","Calipers","Bronze Scales","Bag of Preparation","Pear","Philosopher\u0027s Stone","MutagenicStrength","Strange Spoon","Snake Skull","WingedGreaves"],"potions_floor_usage":[33,33,33],"damage_taken":[{"damage":0.0,"enemies":"Cultist","floor":1.0,"turns":5.0},{"damage":3.0,"enemies":"Small Slimes","floor":2.0,"turns":2.0},{"damage":2.0,"enemies":"Jaw Worm","floor":5.0,"turns":3.0},{"damage":8.0,"enemies":"3 Sentries","floor":7.0,"turns":10.0},{"damage":6.0,"enemies":"Large Slime","floor":10.0,"turns":6.0},{"damage":3.0,"enemies":"Red Slaver","floor":11.0,"turns":3.0},{"damage":1.0,"enemies":"Exordium Wildlife","floor":14.0,"turns":3.0},{"damage":21.0,"enemies":"Hexaghost","floor":16.0,"turns":13.0},{"damage":22,"enemies":"Spheric Guardian","floor":18,"turns":5},{"damage":0,"enemies":"Chosen","floor":21,"turns":3},{"damage":31,"enemies":"Shelled Parasite and Fungi","floor":24,"turns":3},{"damage":8,"enemies":"Snake Plant","floor":25,"turns":2},{"damage":25,"enemies":"Cultist and Chosen","floor":27,"turns":6},{"damage":0,"enemies":"Snecko","floor":29,"turns":4},{"damage":48,"enemies":"Collector","floor":33,"turns":7}],"seed_played":"-7637209743615331437","potions_obtained":[{"floor":2.0,"key":"Dexterity Potion"},{"floor":7.0,"key":"Swift Potion"},{"floor":10.0,"key":"Fire Potion"},{"floor":14.0,"key":"FearPotion"},{"floor":16.0,"key":"FairyPotion"},{"floor":27,"key":"GhostInAJar"}],"is_trial":false,"path_per_floor":["M","M","T","$","M","R","E","R","T","M","M","R","$","M","R","B",null,"M","?","$","M","$","R","M","M","T","M","R","M","R","T","R","B"],"character_chosen":"THE_SILENT","items_purchased":["Trip","Bandage Up","Flying Knee","Strange Spoon"],"campfire_rested":0,"item_purchase_floors":[4,13,20,22],"current_hp_per_floor":[70,67,67,67,65,65,57,57,67,61,58,58,58,61,61,52,80,62,62,62,70,70,70,43,39,39,26,26,34,34,34,34,0],"gold":89,"neow_bonus":"","is_prod":false,"is_daily":true,"chose_seed":false,"campfire_upgraded":8,"win_rate":0.0,"timestamp":1545097633,"path_taken":["M","M","?","$","M","R","E","R","T","M","M","R","$","M","R","BOSS","M","?","$","?","$","R","M","M","T","M","R","M","R","?","R","BOSS"],"build_version":"2018-12-13","purchased_purges":0,"victory":false,"max_hp_per_floor":[70,70,70,70,70,70,70,70,80,80,80,80,80,80,80,80,80,80,80,80,80,80,80,80,80,80,80,80,80,80,80,80,80],"card_choices":[{"not_picked":["Dagger Throw","Eviscerate"],"picked":"Slice","floor":1.0},{"not_picked":["Slice","PiercingWail"],"picked":"Dodge and Roll","floor":2.0},{"not_picked":["Quick Slash","Skewer"],"picked":"PiercingWail","floor":5.0},{"not_picked":["Cloak And Dagger","Dagger Spray"],"picked":"Burst","floor":7.0},{"not_picked":["Underhanded Strike","Blade Dance"],"picked":"Die Die Die","floor":10.0},{"not_picked":["Deadly Poison","Prepared"],"picked":"Blur","floor":11.0},{"not_picked":["Accuracy","Dagger Throw","Cloak And Dagger"],"picked":"SKIP","floor":14.0},{"not_picked":["Backflip+1","Choke+1"],"picked":"Poisoned Stab+1","floor":18},{"not_picked":["Prepared","Deflect","Finisher"],"picked":"SKIP","floor":21},{"not_picked":["Heel Hook","Dagger Spray+1","Outmaneuver+1"],"picked":"SKIP","floor":24},{"not_picked":["Leg Sweep","Accuracy","Infinite Blades"],"picked":"SKIP","floor":25},{"not_picked":["Riddle With Holes","Outmaneuver","Deadly Poison"],"picked":"SKIP","floor":27},{"not_picked":["Choke+1","Deadly Poison","Bane"],"picked":"SKIP","floor":29}],"player_experience":58280,"relics_obtained":[{"floor":3.0,"key":"Bronze Scales"},{"floor":7.0,"key":"Bag of Preparation"},{"floor":9.0,"key":"Pear"},{"floor":26,"key":"Snake Skull"},{"floor":31,"key":"WingedGreaves"}],"event_choices":[{"damage_healed":0,"gold_gain":0,"player_choice":"Inject Mutagens","damage_taken":0,"relics_obtained":["MutagenicStrength"],"max_hp_gain":0,"max_hp_loss":0,"event_name":"Drug Dealer","floor":19,"gold_loss":0}],"is_beta":false,"boss_relics":[{"not_picked":["Orrery","HoveringKite"],"picked":"Philosopher\u0027s Stone"}],"items_purged_floors":[],"is_endless":false,"potions_floor_spawned":[2,7,10,14,16,18,21,27,29],"killed_by":"Collector","ascension_level":0}