{"gold_per_floor":[366,379,389,389,389,389,418,418,418,446,69,69,89,102,102,174,174,174,174,22,22,22,22,22,22,22,22,22,22,22,22,22,22,22,22,22,0,0,0,0,0,0],"floor_reached":42,"playtime":2128,"items_purged":["Strike_G"],"score":908,"play_id":"d63e90d6-f5c6-438f-bb24-0fbdb3881501","local_time":"20190218212747","is_ascension_mode":true,"campfire_choices":[{"floor":6.0,"key":"REST"},{"floor":8.0,"key":"REST"},{"floor":12.0,"key":"REST"},{"floor":15.0,"key":"REST"},{"data":"Ghostly","floor":23.0,"key":"SMITH"},{"data":"Ghostly","floor":27.0,"key":"SMITH"},{"data":"Concentrate","floor":30.0,"key":"SMITH"},{"floor":32.0,"key":"REST"},{"data":"Malaise","floor":40,"key":"SMITH"}],"neow_cost":"PERCENT_DAMAGE","seed_source_timestamp":357671933908100,"circlet_count":0,"master_deck":["AscendersBane","Defend_G","Defend_G","Defend_G","Defend_G","Defend_G","Strike_G+1","Strike_G","Strike_G","Survivor","Neutralize","Cloak And Dagger+1","Skewer","PiercingWail","Malaise+1","Concentrate+1","Flying Knee","Venomology","Deadly Poison","Calculated Gamble","Ghostly+1","Ghostly+1","Ghostly","Dagger Spray","Burst"],"special_seed":0,"relics":["Ring of the Snake","Darkstone Periapt","Mercury Hourglass","Ice Cream","Ectoplasm","Orichalcum","Omamori","Tiny Chest","Busted Crown","Red Mask"],"potions_floor_usage":[36,36,39,39,42],"damage_taken":[{"damage":1.0,"enemies":"Cultist","floor":1.0,"turns":4.0},{"damage":0.0,"enemies":"Small Slimes","floor":2.0,"turns":4.0},{"damage":8.0,"enemies":"Jaw Worm","floor":3.0,"turns":7.0},{"damage":26.0,"enemies":"3 Sentries","floor":7.0,"turns":10.0},{"damage":37.0,"enemies":"Lagavulin","floor":10.0,"turns":10.0},{"damage":2.0,"enemies":"Blue Slaver","floor":13.0,"turns":4.0},{"damage":1.0,"enemies":"Large Slime","floor":14.0,"turns":5.0},{"damage":7.0,"enemies":"Hexaghost","floor":16.0,"turns":15.0},{"damage":5.0,"enemies":"3 Byrds","floor":18.0,"turns":6.0},{"damage":9.0,"enemies":"Spheric Guardian","floor":21.0,"turns":8.0},{"damage":0.0,"enemies":"Book of Stabbing","floor":24.0,"turns":7.0},{"damage":0.0,"enemies":"Slavers","floor":28.0,"turns":2.0},{"damage":0.0,"enemies":"Chosen and Byrds","floor":29.0,"turns":9.0},{"damage":19.0,"enemies":"3 Cultists","floor":31.0,"turns":8.0},{"damage":0.0,"enemies":"Champ","floor":33.0,"turns":17.0},{"damage":13.0,"enemies":"3 Shapes","floor":35.0,"turns":12.0},{"damage":0,"enemies":"Orb Walker","floor":36,"turns":5},{"damage":20,"enemies":"3 Darklings","floor":39,"turns":8},{"damage":40,"enemies":"Giant Head","floor":42,"turns":9}],"seed_played":"5846487322026931148","potions_obtained":[{"floor":7.0,"key":"SpeedPotion"},{"floor":10.0,"key":"GhostInAJar"},{"floor":33.0,"key":"Strength Potion"},{"floor":36,"key":"FearPotion"}],"is_trial":false,"path_per_floor":["M","M","M","?","?","R","E","R","T","E","$","R","M","M","R","B",null,"M","?","$","M","?","R","E","?","T","R","E","M","R","M","R","B",null,"M","M","?","$","M","R","?","E"],"character_chosen":"THE_SILENT","items_purchased":["Ice Cream","Orichalcum"],"campfire_rested":5,"item_purchase_floors":[11,20],"current_hp_per_floor":[43,43,35,57,37,56,30,49,49,12,12,31,29,28,47,40,60,55,55,55,46,33,33,33,33,33,33,33,33,33,14,23,23,31,18,30,30,30,23,23,23,0],"gold":0,"neow_bonus":"TWO_FIFTY_GOLD","is_prod":false,"is_daily":false,"chose_seed":false,"campfire_upgraded":4,"win_rate":0,"timestamp":1550496467,"path_taken":["M","M","M","?","?","R","E","R","T","E","$","R","M","M","R","BOSS","M","?","$","M","?","R","E","?","T","R","E","M","R","M","R","BOSS","M","M","?","$","M","R","?","E"],"build_version":"2019-01-23","purchased_purges":1,"victory":false,"max_hp_per_floor":[66,66,66,66,66,66,66,66,66,66,66,66,66,66,66,66,66,66,66,66,66,33,33,33,33,33,33,33,33,33,33,33,33,33,33,33,33,33,33,33,33,33],"card_choices":[{"not_picked":["Sucker Punch","Slice"],"picked":"Cloak And Dagger","floor":1.0},{"not_picked":["Outmaneuver","Flying Knee"],"picked":"Skewer","floor":2.0},{"not_picked":["Dodge and Roll","Finisher"],"picked":"PiercingWail","floor":3.0},{"not_picked":["Terror","Distraction"],"picked":"Malaise","floor":7.0},{"not_picked":["Outmaneuver","Bane","Dodge and Roll"],"picked":"SKIP","floor":10.0},{"not_picked":["Dagger Spray","Cloak And Dagger"],"picked":"Concentrate","floor":13.0},{"not_picked":["Acrobatics","Caltrops"],"picked":"Flying Knee","floor":14.0},{"not_picked":["Phantasmal Killer","Burst"],"picked":"Venomology","floor":16.0},{"not_picked":["Poisoned Stab","Infinite Blades"],"picked":"Deadly Poison","floor":18.0},{"not_picked":["Backflip","Dash"],"picked":"Calculated Gamble","floor":21.0},{"not_picked":["Dagger Spray","Sucker Punch","Phantasmal Killer"],"picked":"SKIP","floor":24.0},{"not_picked":["Deflect","Prepared"],"picked":"Dagger Spray","floor":29.0},{"not_picked":["Dodge and Roll","Endless Agony","All Out Attack"],"picked":"SKIP","floor":31.0},{"not_picked":["Storm of Steel","Venomology"],"picked":"Burst","floor":33.0},{"not_picked":["Deadly Poison"],"picked":"SKIP","floor":35},{"not_picked":["Slice"],"picked":"SKIP","floor":36},{"not_picked":["Bane"],"picked":"SKIP","floor":39}],"player_experience":707319,"relics_obtained":[{"floor":7.0,"key":"Darkstone Periapt"},{"floor":10.0,"key":"Mercury Hourglass"},{"floor":24.0,"key":"Omamori"},{"floor":26.0,"key":"Tiny Chest"}],"event_choices":[{"damage_healed":22.0,"max_hp_gain":0.0,"max_hp_loss":0.0,"gold_gain":0.0,"event_name":"Big Fish","player_choice":"Banana","floor":4.0,"gold_loss":0.0,"damage_taken":0.0},{"damage_healed":0.0,"max_hp_gain":0.0,"max_hp_loss":0.0,"gold_gain":0.0,"event_name":"Shining Light","player_choice":"Entered Light","floor":5.0,"gold_loss":0.0,"damage_taken":20.0,"cards_upgraded":["Strike_G","Cloak And Dagger"]},{"cards_removed":["Strike_G"],"damage_healed":0.0,"max_hp_gain":0.0,"max_hp_loss":0.0,"gold_gain":0.0,"event_name":"Back to Basics","player_choice":"Elegance","floor":19.0,"gold_loss":0.0,"damage_taken":0.0},{"damage_healed":0.0,"max_hp_gain":0.0,"max_hp_loss":33.0,"gold_gain":0.0,"event_name":"Ghosts","player_choice":"Became a Ghost","floor":22.0,"gold_loss":0.0,"damage_taken":0.0,"cards_obtained":["Ghostly","Ghostly","Ghostly"]},{"damage_healed":0.0,"max_hp_gain":0.0,"max_hp_loss":0.0,"gold_gain":0.0,"event_name":"Cursed Tome","player_choice":"Ignored","floor":25.0,"gold_loss":0.0,"damage_taken":0.0},{"damage_healed":0,"gold_gain":0,"player_choice":"Paid","damage_taken":0,"relics_obtained":["Red Mask"],"max_hp_gain":0,"max_hp_loss":0,"event_name":"Tomb of Lord Red Mask","floor":37,"gold_loss":22},{"damage_healed":0,"gold_gain":0,"player_choice":"Ignored","damage_taken":0,"max_hp_gain":0,"max_hp_loss":0,"event_name":"SecretPortal","floor":41,"gold_loss":0}],"is_beta":false,"boss_relics":[{"not_picked":["Velvet Choker","Fusion Hammer"],"picked":"Ectoplasm"},{"not_picked":["Cursed Key","Philosopher\u0027s Stone"],"picked":"Busted Crown"}],"items_purged_floors":[11],"is_endless":false,"potions_floor_spawned":[7,10,28,29,33,35,36],"killed_by":"Giant Head","ascension_level":15}