{"gold_per_floor":[119,44,44,44,55,55,82,82,107,107,121,121,21,21,21,122,122,139,157,32,32,49,49,49,49,73,73,73,73,73],"floor_reached":30,"playtime":1276,"items_purged":["Bash","Strike_R","Defend_R"],"score":284,"play_id":"2cf8d2b2-cfac-47f0-b55c-b8265733fd14","local_time":"20181121114305","is_ascension_mode":true,"campfire_choices":[{"floor":6,"key":"RECALL"},{"data":"Flame Barrier","floor":10,"key":"SMITH"},{"data":"Strike_R","floor":12,"key":"SMITH"},{"data":"Strike_R","floor":15,"key":"SMITH"},{"floor":23,"key":"REST"},{"data":"Shrug It Off","floor":27,"key":"SMITH"}],"neow_cost":"NONE","seed_source_timestamp":585207908385928,"circlet_count":0,"master_deck":["Strike_R+1","Strike_R+1","Strike_R","Strike_R+1","Defend_R","Defend_R+1","Flame Barrier+1","Impervious","Ghostly Armor+1","Shrug It Off+1","Shrug It Off+1"],"relics":["Burning Blood","NeowsBlessing","StoneCalendar","Runic Cube","Art of War","Molten Egg 2"],"potions_floor_usage":[16,16,22],"damage_taken":[{"damage":0,"enemies":"Small Slimes","floor":1,"turns":1},{"damage":0,"enemies":"2 Louse","floor":5,"turns":1},{"damage":0,"enemies":"Gremlin Nob","floor":7,"turns":1},{"damage":2,"enemies":"Jaw Worm","floor":11,"turns":5},{"damage":27,"enemies":"Hexaghost","floor":16,"turns":7},{"damage":19,"enemies":"Shell Parasite","floor":18,"turns":14},{"damage":6,"enemies":"Chosen","floor":19,"turns":7},{"damage":30,"enemies":"Shelled Parasite and Fungi","floor":22,"turns":7},{"damage":102,"enemies":"Centurion and Healer","floor":30,"turns":20}],"seed_played":"-7688517194950302255","potions_obtained":[{"floor":7,"key":"PowerPotion"},{"floor":11,"key":"Energy Potion"},{"floor":16,"key":"SteroidPotion"}],"is_trial":false,"path_per_floor":["M","$","?","?","M","R","E","$","T","R","M","R","$","?","R","B",null,"M","M","$","?","M","R","$","?","T","R","T","$","M"],"character_chosen":"IRONCLAD","items_purchased":[],"campfire_rested":1,"item_purchase_floors":[],"current_hp_per_floor":[80,80,64,64,70,70,76,76,76,76,80,80,80,85,85,64,85,72,72,72,72,48,73,73,73,73,73,73,73,0],"gold":73,"neow_bonus":"THREE_ENEMY_KILL","is_prod":false,"is_daily":false,"chose_seed":false,"campfire_upgraded":4,"win_rate":0,"timestamp":1542822185,"path_taken":["M","$","?","?","M","R","E","?","T","R","?","R","$","?","R","BOSS","M","M","$","?","M","R","$","?","T","R","?","$","?"],"build_version":"2018-11-15","purchased_purges":3,"victory":false,"max_hp_per_floor":[80,80,80,80,80,80,80,80,80,80,80,80,80,85,85,85,85,85,85,85,85,85,85,85,85,85,85,85,85,85],"card_choices":[{"not_picked":["Twin Strike","Hemokinesis"],"picked":"Flame Barrier","floor":1},{"not_picked":["Second Wind","Thunderclap","Feel No Pain"],"picked":"SKIP","floor":5},{"not_picked":["Sentinel","Combust","Perfected Strike"],"picked":"SKIP","floor":7},{"not_picked":["Power Through","Body Slam","Pommel Strike"],"picked":"SKIP","floor":11},{"not_picked":["Feed","Fiend Fire"],"picked":"Impervious","floor":16},{"not_picked":["Headbutt+1","Cleave+1"],"picked":"Ghostly Armor+1","floor":18},{"not_picked":["Carnage+1","Cleave"],"picked":"Shrug It Off","floor":19},{"not_picked":["Corruption","Wild Strike+1"],"picked":"Shrug It Off+1","floor":22}],"player_experience":471046,"relics_obtained":[{"floor":7,"key":"StoneCalendar"},{"floor":26,"key":"Art of War"},{"floor":28,"key":"Molten Egg 2"}],"event_choices":[{"damage_healed":0,"gold_gain":0,"player_choice":"Entered Light","damage_taken":16,"max_hp_gain":0,"max_hp_loss":0,"event_name":"Shining Light","floor":3,"gold_loss":0,"cards_upgraded":["Defend_R","Strike_R"]},{"damage_healed":0,"gold_gain":0,"player_choice":"Ignored","damage_taken":0,"max_hp_gain":0,"max_hp_loss":0,"event_name":"Liars Game","floor":4,"gold_loss":0},{"damage_healed":0,"gold_gain":0,"player_choice":"Donut","damage_taken":0,"max_hp_gain":5,"max_hp_loss":0,"event_name":"Big Fish","floor":14,"gold_loss":0},{"cards_removed":["Defend_R"],"damage_healed":0,"gold_gain":0,"player_choice":"Elegance","damage_taken":0,"max_hp_gain":0,"max_hp_loss":0,"event_name":"Back to Basics","floor":21,"gold_loss":0},{"damage_healed":0,"gold_gain":0,"player_choice":"Ignored","damage_taken":0,"max_hp_gain":0,"max_hp_loss":0,"event_name":"Beggar","floor":25,"gold_loss":0}],"is_beta":false,"boss_relics":[{"not_picked":["White Beast Statue","Pandora\u0027s Box"],"picked":"Runic Cube"}],"items_purged_floors":[2,13,20],"is_endless":false,"potions_floor_spawned":[7,11,16],"killed_by":"Centurion and Healer","ascension_level":3}