{"gold_per_floor":[112,112,112,14,26,44,59,72,72,83,83,31,31,50,50,149,149,167,167,67,86,99,99,114,114,139,159,172,172,185,203,203,301,301,314,330,13,28,28,28,28,38,86,9,22,22],"floor_reached":46,"playtime":3307,"items_purged":["Regret","Cold Snap","Self Repair"],"score":420,"play_id":"4582e540-6e9a-4234-87b6-e4beb624d6c7","local_time":"20190202162235","is_ascension_mode":false,"campfire_choices":[{"floor":13,"key":"REST"},{"data":"Streamline","floor":15,"key":"SMITH"},{"floor":23,"key":"REST"},{"floor":25,"key":"REST"},{"floor":29,"key":"REST"},{"floor":32,"key":"REST"},{"floor":40,"key":"REST"}],"neow_cost":"NONE","seed_source_timestamp":1304249284965608,"circlet_count":0,"master_deck":["Defend_B","Defend_B","Defend_B","Defend_B","Zap+1","Dualcast","Skim+1","Beam Cell","Streamline+1","Beam Cell","Gash","Beam Cell","Gash","Reboot","Streamline+1","Scrape","All For One","Gash","Reboot","Secret Weapon","Scrape"],"relics":["Cracked Core","Mercury Hourglass","Pantograph","Gremlin Horn","Empty Cage","War Paint","Orrery","Lantern"],"potions_floor_usage":[21,28,33,45],"damage_taken":[{"damage":0,"enemies":"Cultist","floor":1,"turns":3},{"damage":0,"enemies":"Small Slimes","floor":5,"turns":2},{"damage":6,"enemies":"Jaw Worm","floor":6,"turns":3},{"damage":15,"enemies":"Exordium Thugs","floor":7,"turns":4},{"damage":4,"enemies":"2 Fungi Beasts","floor":8,"turns":2},{"damage":0,"enemies":"Large Slime","floor":10,"turns":4},{"damage":10,"enemies":"Looter","floor":14,"turns":2},{"damage":64,"enemies":"The Guardian","floor":16,"turns":7},{"damage":16,"enemies":"3 Byrds","floor":18,"turns":3},{"damage":0,"enemies":"Spheric Guardian","floor":21,"turns":3},{"damage":36,"enemies":"Snake Plant","floor":22,"turns":4},{"damage":22,"enemies":"Centurion and Healer","floor":24,"turns":3},{"damage":6,"enemies":"Cultist and Chosen","floor":27,"turns":4},{"damage":36,"enemies":"Shelled Parasite and Fungi","floor":28,"turns":4},{"damage":21,"enemies":"Chosen and Byrds","floor":30,"turns":5},{"damage":22,"enemies":"Sentry and Sphere","floor":31,"turns":4},{"damage":51,"enemies":"Champ","floor":33,"turns":7},{"damage":28,"enemies":"Orb Walker","floor":35,"turns":4},{"damage":11,"enemies":"3 Shapes","floor":36,"turns":5},{"damage":59,"enemies":"Writhing Mass","floor":38,"turns":4},{"damage":0,"enemies":"Jaw Worm Horde","floor":42,"turns":2},{"damage":36,"enemies":"Sphere and 2 Shapes","floor":45,"turns":6},{"damage":58,"enemies":"Spire Growth","floor":46,"turns":3}],"seed_played":"7611462327462034076","potions_obtained":[{"floor":1,"key":"Swift Potion"},{"floor":5,"key":"Strength Potion"},{"floor":10,"key":"Swift Potion"},{"floor":22,"key":"Poison Potion"},{"floor":27,"key":"FairyPotion"},{"floor":30,"key":"SteroidPotion"},{"floor":38,"key":"Regen Potion"},{"floor":42,"key":"Poison Potion"}],"is_trial":false,"path_per_floor":["T","?","?","?","M","M","$","?","?","$","M"],"character_chosen":"DEFECT","items_purchased":["Beam Cell","Beam Cell","Secret Weapon","Scrape"],"campfire_rested":6,"item_purchase_floors":[4,12,37,44],"current_hp_per_floor":[82,82,82,82,82,76,61,57,57,57,57,57,81,71,71,18,82,66,66,66,73,44,68,53,77,77,78,49,73,59,44,68,31,82,54,50,50,8,8,32,72,72,72,72,48,0],"gold":22,"neow_bonus":"TEN_PERCENT_HP_BONUS","is_prod":false,"is_daily":false,"chose_seed":false,"campfire_upgraded":1,"win_rate":0.0,"timestamp":1549120955,"path_taken":["M","?","?","$","M","M","M","M","T","M","?","$","R","M","R","BOSS","M","?","$","M","?","R","M","R","T","M","M","R","M","M","R","BOSS","M","?","?","M","?","R","?","M","T","?","M","?"],"build_version":"2019-01-23","purchased_purges":3,"victory":false,"max_hp_per_floor":[82,82,82,82,82,82,82,82,82,82,82,82,82,82,82,82,82,82,82,82,82,82,82,82,82,82,82,82,82,82,82,82,82,82,82,82,82,82,82,82,72,72,72,72,72,72],"card_choices":[{"not_picked":["Coolheaded","Consume"],"picked":"Skim","floor":1},{"not_picked":["Reprogram","Leap","Hologram"],"picked":"SKIP","floor":5},{"not_picked":["Redo","Steam"],"picked":"Streamline","floor":6},{"not_picked":["Go for the Eyes","Ball Lightning"],"picked":"Beam Cell","floor":7},{"not_picked":["Glacier","Conserve Battery"],"picked":"Gash","floor":8},{"not_picked":["Double Energy","Leap","Sweeping Beam"],"picked":"SKIP","floor":10},{"not_picked":["Capacitor","Coolheaded"],"picked":"Gash","floor":14},{"not_picked":["Electrodynamics","Creative AI"],"picked":"Reboot","floor":16},{"not_picked":["Compile Driver","Chaos+1"],"picked":"Self Repair","floor":18},{"not_picked":["Cold Snap+1","Steam"],"picked":"Streamline+1","floor":21},{"not_picked":["Go for the Eyes","Streamline","Amplify"],"picked":"SKIP","floor":22},{"not_picked":["Capacitor+1","Beam Cell","Steam"],"picked":"SKIP","floor":24},{"not_picked":["Barrage+1","Compile Driver","Rip and Tear"],"picked":"SKIP","floor":27},{"not_picked":["Hologram","Leap+1","Ball Lightning"],"picked":"SKIP","floor":28},{"not_picked":["Redo","Stack"],"picked":"Scrape","floor":30},{"not_picked":["Rip and Tear","Force Field","Double Energy"],"picked":"SKIP","floor":31},{"not_picked":["Rainbow","Biased Cognition"],"picked":"All For One","floor":33},{"not_picked":["Rip and Tear","Hologram"],"picked":"Gash","floor":34},{"not_picked":["Coolheaded+1","Glacier+1","Steam+1"],"picked":"SKIP","floor":35},{"not_picked":["Sweeping Beam","Go for the Eyes"],"picked":"Reboot","floor":36},{"not_picked":["Reinforced Body","Beam Cell","Leap"],"picked":"SKIP","floor":38},{"not_picked":["Leap","Streamline","Ball Lightning+1"],"picked":"SKIP","floor":42},{"not_picked":["Redo+1","Barrage+1","Coolheaded+1"],"picked":"SKIP","floor":45}],"player_experience":69623,"relics_obtained":[{"floor":2,"key":"Mercury Hourglass"},{"floor":9,"key":"Gremlin Horn"},{"floor":26,"key":"War Paint"},{"floor":43,"key":"Lantern"}],"event_choices":[{"damage_healed":0,"gold_gain":0,"player_choice":"Box","damage_taken":0,"relics_obtained":["Pantograph"],"max_hp_gain":0,"max_hp_loss":0,"event_name":"Big Fish","floor":3,"gold_loss":0,"cards_obtained":["Regret"]},{"cards_removed":["Strike_B"],"damage_healed":0,"gold_gain":0,"player_choice":"Offered Basic","damage_taken":0,"max_hp_gain":0,"max_hp_loss":0,"event_name":"Bonfire Elementals","floor":11,"gold_loss":0},{"damage_healed":0,"gold_gain":0,"cards_transformed":["Strike_B"],"player_choice":"Transformed","damage_taken":0,"max_hp_gain":0,"max_hp_loss":0,"event_name":"Transmorgrifier","floor":19,"gold_loss":0,"cards_obtained":["Cold Snap"]},{"damage_healed":0,"gold_gain":0,"player_choice":"Ignored","damage_taken":0,"max_hp_gain":0,"max_hp_loss":0,"event_name":"Mysterious Sphere","floor":39,"gold_loss":0},{"damage_healed":72,"gold_gain":0,"player_choice":"Heal","damage_taken":0,"max_hp_gain":0,"max_hp_loss":10,"event_name":"The Moai Head","floor":41,"gold_loss":0}],"is_beta":false,"boss_relics":[{"not_picked":["Coffee Dripper","Runic Pyramid"],"picked":"Empty Cage"},{"not_picked":["Snecko Eye","Calling Bell"],"picked":"Orrery"}],"items_purged_floors":[4,20,37],"is_endless":false,"potions_floor_spawned":[1,5,10,14,22,24,27,30,31,38,42],"killed_by":"Spire Growth","ascension_level":0}