{"gold_per_floor":[115,190,204,215,215,215,229,229,280,29,29,49,68,86,86,188,188,205,236,82,106,120,120,120,183,183,213,213,238,238,68,68,173,173,190,209,209,209,209,238,238,238,262,288,3,21,21],"floor_reached":47,"playtime":6397,"items_purged":["Strike_R","Strike_R","Writhe","Pain"],"score":635,"play_id":"52ebe186-7519-4e5e-a9ce-a7f813279dbd","local_time":"20180924233831","is_ascension_mode":true,"campfire_choices":[{"data":"Barricade","floor":6.0,"key":"SMITH"},{"data":"Iron Wave","floor":8.0,"key":"SMITH"},{"data":"Metallicize","floor":11.0,"key":"SMITH"},{"data":"Body Slam","floor":15.0,"key":"SMITH"},{"floor":23.0,"key":"REST"},{"floor":28.0,"key":"REST"},{"floor":32.0,"key":"REST"},{"floor":42.0,"key":"REST"}],"neow_cost":"TEN_PERCENT_HP_LOSS","seed_source_timestamp":529466613677647,"circlet_count":0,"master_deck":["Strike_R","Strike_R+1","Defend_R","Defend_R","Defend_R","Defend_R","Bash","Pommel Strike","Barricade+1","Body Slam+1","Iron Wave+1","Metallicize+1","Battle Trance","Offering","Shrug It Off","Clothesline+1","Shockwave","Juggernaut","Headbutt+1","True Grit+1","True Grit+1","Cleave+1","Armaments","Juggernaut","Body Slam","Madness","Madness","Impervious","Shrug It Off","Entrench","Shrug It Off+1"],"special_seed":0,"relics":["Burning Blood","Prayer Wheel","Orichalcum","Fusion Hammer","Red Mask","Blood Vial","Smiling Mask","Tiny Chest","Juzu Bracelet","FossilizedHelix","Boot","Cursed Key","Frozen Egg 2","Centennial Puzzle","Du-Vu Doll","Whetstone"],"potions_floor_usage":[47],"damage_taken":[{"damage":8.0,"enemies":"2 Louse","floor":1.0,"turns":3.0},{"damage":1.0,"enemies":"Cultist","floor":3.0,"turns":4.0},{"damage":9.0,"enemies":"Small Slimes","floor":4.0,"turns":4.0},{"damage":26.0,"enemies":"Gremlin Gang","floor":7.0,"turns":7.0},{"damage":7.0,"enemies":"3 Louse","floor":12.0,"turns":4.0},{"damage":6.0,"enemies":"Lots of Slimes","floor":13.0,"turns":5.0},{"damage":6.0,"enemies":"Looter","floor":14.0,"turns":3.0},{"damage":10.0,"enemies":"Hexaghost","floor":16.0,"turns":7.0},{"damage":7.0,"enemies":"Shell Parasite","floor":18.0,"turns":4.0},{"damage":12.0,"enemies":"Masked Bandits","floor":19.0,"turns":5.0},{"damage":19.0,"enemies":"2 Thieves","floor":22.0,"turns":3.0},{"damage":39.0,"enemies":"Gremlin Leader","floor":25.0,"turns":7.0},{"damage":26.0,"enemies":"Slavers","floor":27.0,"turns":5.0},{"damage":14.0,"enemies":"Book of Stabbing","floor":29.0,"turns":5.0},{"damage":38.0,"enemies":"Automaton","floor":33.0,"turns":9.0},{"damage":15.0,"enemies":"3 Darklings","floor":35.0,"turns":6.0},{"damage":3.0,"enemies":"3 Shapes","floor":36.0,"turns":3.0},{"damage":61.0,"enemies":"Giant Head","floor":40.0,"turns":8.0},{"damage":34.0,"enemies":"Nemesis","floor":44.0,"turns":7.0},{"damage":18.0,"enemies":"Reptomancer","floor":46.0,"turns":7.0},{"damage":25,"enemies":"3 Darklings","floor":47,"turns":4}],"seed_played":"6731222042359137843","potions_obtained":[{"floor":3.0,"key":"LiquidBronze"},{"floor":4.0,"key":"LiquidBronze"},{"floor":5.0,"key":"Fruit Juice"},{"floor":5.0,"key":"Dexterity Potion"},{"floor":16.0,"key":"Weak Potion"},{"floor":19.0,"key":"FairyPotion"},{"floor":22.0,"key":"Strength Potion"},{"floor":40.0,"key":"Strength Potion"},{"floor":44.0,"key":"FairyPotion"},{"floor":46.0,"key":"Strength Potion"}],"is_trial":false,"path_per_floor":["M","?","M","M","?","R","M","R","T","$","R","M","M","M","R","B",null,"M","?","$","T","M","R","?","E","T","E","R","E","?","$","R","B",null,"M","M","?","?","?","E","?","R","T","E","$","M"],"character_chosen":"IRONCLAD","items_purchased":["Battle Trance","Offering","True Grit","Armaments","EssenceOfSteel","Entrench","Whetstone"],"campfire_rested":4,"item_purchase_floors":[10,10,20,31,31,45,45],"current_hp_per_floor":[70,63,68,65,70,70,50,50,50,50,50,49,49,49,49,45,77,76,70,70,70,59,77,77,44,44,26,49,43,43,43,66,36,77,68,73,63,63,63,10,10,33,33,7,7,13,0],"gold":21,"neow_bonus":"ONE_RARE_RELIC","is_prod":false,"is_daily":false,"chose_seed":false,"campfire_upgraded":4,"win_rate":0,"timestamp":1537857511,"path_taken":["M","?","?","M","?","R","M","R","T","$","R","M","?","M","R","BOSS","M","?","?","?","M","R","?","E","T","E","R","E","?","$","R","BOSS","M","M","?","?","?","E","?","R","T","E","$","M","M"],"build_version":"2018-09-20","purchased_purges":4,"victory":false,"max_hp_per_floor":[72,72,72,72,77,77,77,77,77,77,77,77,77,77,77,77,77,77,77,77,77,77,77,77,77,77,77,77,77,77,77,77,77,77,77,77,77,77,77,77,77,77,77,77,77,77,77],"card_choices":[{"not_picked":["Heavy Blade","Sentinel"],"picked":"Body Slam","floor":1.0},{"not_picked":["Wild Strike","Anger"],"picked":"Pommel Strike","floor":1.0},{"not_picked":["Combust","Flex"],"picked":"Barricade","floor":3.0},{"not_picked":["Iron Wave","Twin Strike"],"picked":"Body Slam","floor":3.0},{"not_picked":["Havoc","Perfected Strike"],"picked":"Iron Wave","floor":4.0},{"not_picked":["Sword Boomerang","Burning Pact","Pommel Strike"],"picked":"SKIP","floor":4.0},{"not_picked":["Entrench","Combust"],"picked":"Metallicize","floor":7.0},{"not_picked":["Flex","Inflame","Perfected Strike"],"picked":"SKIP","floor":7.0},{"not_picked":["Perfected Strike","Offering"],"picked":"Shrug It Off","floor":12.0},{"not_picked":["Sever Soul","Second Wind"],"picked":"Clothesline","floor":12.0},{"not_picked":["Pommel Strike","Flex","Perfected Strike"],"picked":"SKIP","floor":13.0},{"not_picked":["Armaments","Cleave","Perfected Strike"],"picked":"SKIP","floor":13.0},{"not_picked":["Searing Blow","Thunderclap"],"picked":"Shockwave","floor":14.0},{"not_picked":["Dual Wield","Feel No Pain","Power Through"],"picked":"SKIP","floor":14.0},{"not_picked":["Feed","Fiend Fire"],"picked":"Juggernaut","floor":16.0},{"not_picked":["Thunderclap","Perfected Strike"],"picked":"Headbutt+1","floor":18.0},{"not_picked":["Clothesline","Pommel Strike","Iron Wave+1"],"picked":"SKIP","floor":18.0},{"not_picked":["Heavy Blade+1","Sentinel","Rage+1"],"picked":"SKIP","floor":22.0},{"not_picked":["Sentinel","Battle Trance+1","Clash"],"picked":"SKIP","floor":22.0},{"not_picked":["Reckless Charge+1","Wild Strike"],"picked":"True Grit+1","floor":25.0},{"not_picked":["Power Through","Brutality","True Grit"],"picked":"SKIP","floor":27.0},{"not_picked":["Anger","Armaments"],"picked":"Cleave+1","floor":29.0},{"not_picked":["Exhume","Berserk"],"picked":"Juggernaut","floor":33.0},{"not_picked":["Iron Wave","Heavy Blade"],"picked":"Body Slam","floor":35.0},{"not_picked":["Feel No Pain+1","Searing Blow+1","Anger+1"],"picked":"SKIP","floor":35.0},{"not_picked":["Wild Strike+1","Disarm","Clothesline"],"picked":"SKIP","floor":36.0},{"not_picked":["Iron Wave+1","Headbutt+1","Whirlwind"],"picked":"SKIP","floor":36.0},{"not_picked":["Body Slam+1","Sentinel"],"picked":"Impervious","floor":40.0},{"not_picked":["Rupture+1","Spot Weakness"],"picked":"Shrug It Off","floor":44.0},{"not_picked":["Heavy Blade+1","Armaments+1"],"picked":"Shrug It Off+1","floor":46.0},{"not_picked":["Shockwave+1","Sentinel","Heavy Blade+1"],"picked":"SKIP","floor":46.0}],"player_experience":245557,"relics_obtained":[{"floor":9.0,"key":"Orichalcum"},{"floor":19.0,"key":"Red Mask"},{"floor":21.0,"key":"Blood Vial"},{"floor":25.0,"key":"Tiny Chest"},{"floor":26.0,"key":"Juzu Bracelet"},{"floor":27.0,"key":"FossilizedHelix"},{"floor":29.0,"key":"Boot"},{"floor":40.0,"key":"Frozen Egg 2"},{"floor":43.0,"key":"Centennial Puzzle"},{"floor":44.0,"key":"Du-Vu Doll"}],"event_choices":[{"event_name":"FaceTrader","player_choice":"Touch","floor":2.0,"damage_taken":0.0},{"event_name":"The Lab","player_choice":"Got Potions","floor":5.0,"damage_taken":0.0},{"event_name":"Masked Bandits","player_choice":"Fought Bandits","floor":19.0,"damage_taken":0.0},{"event_name":"The Mausoleum","player_choice":"Yes","floor":24.0,"damage_taken":0.0},{"event_name":"Accursed Blacksmith","player_choice":"Forge","floor":30.0,"damage_taken":0.0},{"event_name":"Winding Halls","player_choice":"Embrace Madness","floor":37.0,"damage_taken":0.0},{"event_name":"SensoryStone","player_choice":"Memory 1","floor":38.0,"damage_taken":0.0},{"event_name":"Purifier","player_choice":"One Purge","floor":39.0,"damage_taken":0.0},{"event_name":"Falling","player_choice":"Removed Attack","floor":41.0,"damage_taken":0.0}],"is_beta":false,"boss_relics":[{"not_picked":["Mark of Pain","Astrolabe"],"picked":"Fusion Hammer"},{"not_picked":["Black Star","Velvet Choker"],"picked":"Cursed Key"}],"items_purged_floors":[10,20,31,45],"is_endless":false,"potions_floor_spawned":[3,4,12,14,16,19,22,40,44,46],"killed_by":"3 Darklings","ascension_level":4}