{"gold_per_floor":[109,109,284,234,234,234,107,138,138,138,169,183,203,219,219,349,412,430,450,36,36,61,61,61,61,61,61,86,96,96,113,113,113],"floor_reached":33,"playtime":768,"items_purged":["Defend_B","Strike_B"],"score":388,"play_id":"b587cdc6-606f-44ca-a8eb-97a23454d744","local_time":"20181229135946","is_ascension_mode":true,"campfire_choices":[{"data":"Zap","floor":6,"key":"SMITH"},{"data":"Hologram","floor":10,"key":"SMITH"},{"data":"Beam Cell","floor":15,"key":"SMITH"},{"floor":23,"key":"DIG"},{"floor":27,"key":"REST"},{"floor":30,"key":"REST"},{"floor":32,"key":"DIG"}],"neow_cost":"NONE","seed_source_timestamp":69061786278800,"circlet_count":0,"master_deck":["Strike_B","Strike_B+1","Defend_B","Defend_B","Zap+1","Dualcast","Conserve Battery","Hologram+1","Cold Snap","Streamline","Ball Lightning","Beam Cell+1","Fission","Rebound","Ball Lightning","Necronomicurse","Doom and Gloom"],"relics":["Cracked Core","NeowsBlessing","Bloody Idol","Bottled Lightning","Frozen Egg 2","Boot","Tiny House","Shovel","Necronomicon","Bottled Flame","Dodecahedron","Matryoshka","Vajra"],"potions_floor_usage":[16,18,28,29,29,33],"damage_taken":[{"damage":0,"enemies":"2 Louse","floor":1,"turns":1},{"damage":0,"enemies":"3 Sentries","floor":8,"turns":1},{"damage":0,"enemies":"Lagavulin","floor":11,"turns":1},{"damage":5,"enemies":"Small Slimes","floor":12,"turns":3},{"damage":7,"enemies":"Jaw Worm","floor":13,"turns":2},{"damage":0,"enemies":"Large Slime","floor":14,"turns":2},{"damage":11,"enemies":"Hexaghost","floor":16,"turns":7},{"damage":14,"enemies":"Chosen","floor":18,"turns":5},{"damage":24,"enemies":"Shell Parasite","floor":19,"turns":4},{"damage":4,"enemies":"Centurion and Healer","floor":22,"turns":5},{"damage":34,"enemies":"Slavers","floor":28,"turns":3},{"damage":0,"enemies":"Snecko","floor":29,"turns":2},{"damage":1,"enemies":"Sentry and Sphere","floor":31,"turns":3},{"damage":40,"enemies":"Automaton","floor":33,"turns":4}],"seed_played":"7835260699520460066","potions_obtained":[{"floor":11,"key":"Weak Potion"},{"floor":14,"key":"EssenceOfSteel"},{"floor":17,"key":"Strength Potion"},{"floor":19,"key":"FearPotion"},{"floor":22,"key":"Fire Potion"},{"floor":29,"key":"Swift Potion"}],"is_trial":false,"path_per_floor":["M","?","?","?","?","R","$","E","T","R","E","M","M","M","R","B",null,"M","M","$","?","M","R","?","?","T","R","E","M","R","M","R","B"],"character_chosen":"DEFECT","items_purchased":["Hologram","Shovel"],"campfire_rested":2,"item_purchase_floors":[7,20],"current_hp_per_floor":[75,69,69,69,62,62,62,62,62,62,62,57,50,50,50,39,74,60,36,36,20,16,16,16,16,16,38,9,14,36,40,40,0],"gold":113,"neow_bonus":"THREE_ENEMY_KILL","is_prod":false,"is_daily":false,"chose_seed":false,"campfire_upgraded":3,"win_rate":0,"timestamp":1546063186,"path_taken":["M","?","?","?","?","R","$","E","T","R","E","M","M","M","R","BOSS","M","M","$","?","M","R","?","?","T","R","E","M","R","?","R","BOSS"],"build_version":"2018-12-20","purchased_purges":2,"victory":false,"max_hp_per_floor":[75,69,69,69,69,69,69,69,69,69,69,69,69,69,69,69,74,74,74,74,74,74,74,74,74,74,74,74,74,74,74,74,74],"card_choices":[{"not_picked":["Compile Driver","Rebound"],"picked":"Conserve Battery","floor":1},{"not_picked":["Auto Shields","Streamline","Cold Snap"],"picked":"SKIP","floor":8},{"not_picked":["Auto Shields","Streamline"],"picked":"Cold Snap","floor":8},{"not_picked":["Go for the Eyes","Rip and Tear"],"picked":"Streamline","floor":11},{"not_picked":["BootSequence","Conserve Battery"],"picked":"Ball Lightning","floor":12},{"not_picked":["Go for the Eyes","Cold Snap"],"picked":"Beam Cell","floor":13},{"not_picked":["Aggregate","Force Field","Tempest"],"picked":"SKIP","floor":14},{"not_picked":["Buffer+1","Core Surge"],"picked":"Fission","floor":16},{"not_picked":["Ball Lightning","Streamline"],"picked":"Rebound","floor":17},{"not_picked":["Coolheaded","Sweeping Beam+1"],"picked":"Ball Lightning","floor":18},{"not_picked":["Conserve Battery+1","Creative AI+1","Leap+1"],"picked":"SKIP","floor":19},{"not_picked":["Defragment+1","Double Energy"],"picked":"Doom and Gloom","floor":22},{"not_picked":["Hyperbeam","Beam Cell","Blizzard+1"],"picked":"SKIP","floor":28},{"not_picked":["Rebound+1","Undo","Steam+1"],"picked":"SKIP","floor":29},{"not_picked":["Rebound","Sunder","Redo"],"picked":"SKIP","floor":31}],"player_experience":548253,"relics_obtained":[{"floor":8,"key":"Bottled Lightning"},{"floor":9,"key":"Frozen Egg 2"},{"floor":11,"key":"Boot"},{"floor":21,"key":"Necronomicon"},{"floor":23,"key":"Bottled Flame"},{"floor":26,"key":"Dodecahedron"},{"floor":28,"key":"Matryoshka"},{"floor":32,"key":"Vajra"}],"event_choices":[{"damage_healed":0,"gold_gain":0,"player_choice":"Lose Max HP","damage_taken":0,"relics_obtained":["Golden Idol"],"max_hp_gain":0,"max_hp_loss":6,"event_name":"Golden Idol","floor":2,"gold_loss":0},{"damage_healed":0,"gold_gain":175,"player_choice":"AGREE","damage_taken":0,"max_hp_gain":0,"max_hp_loss":0,"event_name":"Liars Game","floor":3,"gold_loss":0,"cards_obtained":["Doubt"]},{"cards_removed":["Doubt"],"damage_healed":0,"gold_gain":0,"player_choice":"Card Removal","damage_taken":0,"max_hp_gain":0,"max_hp_loss":0,"event_name":"The Cleric","floor":4,"gold_loss":50},{"cards_removed":["Defend_B"],"damage_healed":0,"gold_gain":0,"player_choice":"Card Removal","damage_taken":7,"max_hp_gain":0,"max_hp_loss":0,"event_name":"Golden Wing","floor":5,"gold_loss":0},{"damage_healed":0,"gold_gain":0,"player_choice":"Obtained Book","damage_taken":16,"max_hp_gain":0,"max_hp_loss":0,"event_name":"Cursed Tome","floor":21,"gold_loss":0},{"cards_removed":["Strike_B"],"damage_healed":0,"gold_gain":0,"player_choice":"Elegance","damage_taken":0,"max_hp_gain":0,"max_hp_loss":0,"event_name":"Back to Basics","floor":24,"gold_loss":0},{"damage_healed":0,"gold_gain":0,"player_choice":"Gave Idol","damage_taken":0,"relics_obtained":["Bloody Idol"],"max_hp_gain":0,"max_hp_loss":0,"event_name":"Forgotten Altar","floor":25,"relics_lost":["Golden Idol"],"gold_loss":0}],"is_beta":false,"boss_relics":[{"not_picked":["Philosopher\u0027s Stone","Pandora\u0027s Box"],"picked":"Tiny House"}],"items_purged_floors":[7,20],"is_endless":false,"potions_floor_spawned":[11,14,19,22,29],"killed_by":"Automaton","ascension_level":4}