{"gold_per_floor":[113,128,203,220,205,205,236,262,262,262,285,285,285,325,325,419,419,432,466,491,114,114,114,137,137,161,201,201,544,557,557,557,647,647,661,551,575,590,590,590,604,604],"floor_reached":42,"playtime":3053,"items_purged":["Underhanded Strike"],"score":831,"play_id":"cc61e3e8-6c5d-40cf-9f14-668ebdb45d8a","local_time":"20190213225624","is_ascension_mode":true,"campfire_choices":[{"data":"Neutralize","floor":6,"key":"SMITH"},{"floor":12,"key":"REST"},{"data":"Cloak And Dagger","floor":13,"key":"SMITH"},{"floor":15,"key":"REST"},{"data":"Doppelganger","floor":23,"key":"SMITH"},{"data":"Footwork","floor":25,"key":"SMITH"},{"data":"Caltrops","floor":28,"key":"SMITH"},{"floor":32,"key":"REST"},{"floor":40,"key":"REST"}],"neow_cost":"NONE","seed_source_timestamp":708087001149800,"circlet_count":0,"master_deck":["AscendersBane","Survivor","Neutralize+1","Quick Slash","Cloak And Dagger+1","Backstab","Leg Sweep","Blur","Phantasmal Killer","Malaise","Infinite Blades+1","Bouncing Flask","Finisher","All Out Attack","Doppelganger+1","Caltrops+1","Backflip","Footwork+1","Noxious Fumes","Well Laid Plans","Malaise"],"relics":["Ring of the Snake","WingedGreaves","Odd Mushroom","Bird Faced Urn","Golden Idol","Singing Bowl","Pandora\u0027s Box","Red Mask","Tiny Chest","Bronze Scales","PreservedInsect","Shovel","Old Coin","Runic Pyramid"],"potions_floor_usage":[7,16,19,29,30,37,38,38,38],"damage_taken":[{"damage":0,"enemies":"Cultist","floor":1,"turns":4},{"damage":4,"enemies":"Small Slimes","floor":2,"turns":3},{"damage":0,"enemies":"2 Louse","floor":4,"turns":4},{"damage":6,"enemies":"Exordium Thugs","floor":5,"turns":4},{"damage":16,"enemies":"3 Sentries","floor":7,"turns":8},{"damage":16,"enemies":"The Mushroom Lair","floor":8,"turns":6},{"damage":2,"enemies":"Lots of Slimes","floor":11,"turns":6},{"damage":23,"enemies":"Lagavulin","floor":14,"turns":11},{"damage":22,"enemies":"The Guardian","floor":16,"turns":25},{"damage":13,"enemies":"2 Thieves","floor":18,"turns":5},{"damage":4,"enemies":"Masked Bandits","floor":19,"turns":2},{"damage":2,"enemies":"Spheric Guardian","floor":20,"turns":8},{"damage":16,"enemies":"Shelled Parasite and Fungi","floor":24,"turns":7},{"damage":28,"enemies":"Gremlin Leader","floor":27,"turns":6},{"damage":32,"enemies":"Slavers","floor":29,"turns":6},{"damage":2,"enemies":"3 Cultists","floor":30,"turns":5},{"damage":34,"enemies":"Automaton","floor":33,"turns":14},{"damage":21,"enemies":"Orb Walker","floor":35,"turns":6},{"damage":40,"enemies":"3 Darklings","floor":37,"turns":5},{"damage":4,"enemies":"4 Shapes","floor":38,"turns":5},{"damage":31,"enemies":"Jaw Worm Horde","floor":41,"turns":6},{"damage":53,"enemies":"Giant Head","floor":42,"turns":9}],"seed_played":"5209172051248737103","potions_obtained":[{"floor":2,"key":"Fire Potion"},{"floor":14,"key":"Block Potion"},{"floor":16,"key":"SkillPotion"},{"floor":18,"key":"EssenceOfSteel"},{"floor":29,"key":"FearPotion"},{"floor":30,"key":"SkillPotion"},{"floor":35,"key":"EntropicBrew"},{"floor":38,"key":"Explosive Potion"}],"is_trial":false,"path_per_floor":["M","M","?","M","M","R","E","?","T","?","M","R","R","E","R","B",null,"M","?","M","$","T","R","M","R","T","E","R","E","M","?","R","B",null,"M","?","M","M","?","R","M","E"],"character_chosen":"THE_SILENT","items_purchased":["Tiny Chest","Bronze Scales","Well Laid Plans"],"campfire_rested":4,"item_purchase_floors":[21,21,21],"current_hp_per_floor":[65,61,50,50,44,44,28,12,12,12,10,29,29,6,25,3,50,43,45,47,47,47,47,43,43,43,27,27,5,15,15,38,14,61,52,52,24,32,32,56,35,0],"gold":604,"neow_bonus":"TEN_PERCENT_HP_BONUS","is_prod":false,"is_daily":false,"chose_seed":false,"campfire_upgraded":5,"win_rate":0,"timestamp":1550069784,"path_taken":["M","M","?","M","M","R","E","?","T","?","M","R","R","E","R","BOSS","M","?","M","$","?","R","?","R","T","E","R","E","?","?","R","BOSS","M","?","?","M","?","R","M","E"],"build_version":"2019-01-23","purchased_purges":1,"victory":false,"max_hp_per_floor":[72,72,72,72,72,72,72,72,72,65,65,65,65,65,65,65,65,67,69,69,69,69,69,71,71,71,73,73,75,77,77,77,77,77,79,79,81,83,83,83,85,85],"card_choices":[{"not_picked":["Acrobatics","Underhanded Strike"],"picked":"Quick Slash","floor":1},{"not_picked":["Dodge and Roll","Poisoned Stab"],"picked":"Predator","floor":2},{"not_picked":["Backflip","Endless Agony"],"picked":"Cloak And Dagger","floor":4},{"not_picked":["Heel Hook","Flying Knee","Reflex"],"picked":"SKIP","floor":5},{"not_picked":["Sucker Punch","Expertise","Deflect"],"picked":"SKIP","floor":7},{"not_picked":["Acrobatics","Sucker Punch"],"picked":"Backstab","floor":8},{"not_picked":["Flying Knee","Cloak And Dagger"],"picked":"Leg Sweep","floor":11},{"not_picked":["Grand Finale","Bouncing Flask"],"picked":"Blur","floor":14},{"not_picked":["Unload","Doppelganger"],"picked":"Phantasmal Killer","floor":16},{"not_picked":["Sucker Punch","Caltrops","Calculated Gamble"],"picked":"Singing Bowl","floor":18},{"not_picked":["Backflip","Endless Agony","Acrobatics"],"picked":"Singing Bowl","floor":19},{"not_picked":["Infinite Blades","Underhanded Strike"],"picked":"Noxious Fumes","floor":20},{"not_picked":["Reflex","Finisher","Acrobatics"],"picked":"Singing Bowl","floor":24},{"not_picked":["Noxious Fumes","Bane","Footwork"],"picked":"Singing Bowl","floor":27},{"not_picked":["Tactician","Bane","Deflect"],"picked":"Singing Bowl","floor":29},{"not_picked":["Distraction","Bane","Choke"],"picked":"Singing Bowl","floor":30},{"not_picked":["Venomology","Bullet Time"],"picked":"Malaise","floor":33},{"not_picked":["PiercingWail+1","Prepared","Dagger Throw"],"picked":"Singing Bowl","floor":35},{"not_picked":["All Out Attack+1","Acrobatics","Cloak And Dagger"],"picked":"Singing Bowl","floor":37},{"not_picked":["Underhanded Strike","Expertise+1","Deadly Poison"],"picked":"Singing Bowl","floor":38},{"not_picked":["Terror","Deadly Poison+1","Masterful Stab"],"picked":"Singing Bowl","floor":41}],"player_experience":701781,"relics_obtained":[{"floor":7,"key":"WingedGreaves"},{"floor":8,"key":"Odd Mushroom"},{"floor":9,"key":"Bird Faced Urn"},{"floor":14,"key":"Singing Bowl"},{"floor":19,"key":"Red Mask"},{"floor":26,"key":"PreservedInsect"},{"floor":27,"key":"Shovel"},{"floor":29,"key":"Old Coin"}],"event_choices":[{"damage_healed":0,"gold_gain":75,"player_choice":"Gather Gold","damage_taken":11,"max_hp_gain":0,"max_hp_loss":0,"event_name":"World of Goop","floor":3,"gold_loss":0},{"damage_healed":0,"gold_gain":0,"player_choice":"Fought Mushrooms","damage_taken":0,"max_hp_gain":0,"max_hp_loss":0,"event_name":"Mushrooms","floor":8,"gold_loss":0},{"damage_healed":0,"gold_gain":0,"player_choice":"Lose Max HP","damage_taken":0,"relics_obtained":["Golden Idol"],"max_hp_gain":0,"max_hp_loss":7,"event_name":"Golden Idol","floor":10,"gold_loss":0},{"damage_healed":0,"gold_gain":0,"player_choice":"Fought Bandits","damage_taken":0,"max_hp_gain":0,"max_hp_loss":0,"event_name":"Masked Bandits","floor":19,"gold_loss":0},{"damage_healed":0,"gold_gain":0,"player_choice":"Ignored","damage_taken":0,"max_hp_gain":0,"max_hp_loss":0,"event_name":"Vampires","floor":31,"gold_loss":0},{"cards_removed":["Predator"],"damage_healed":0,"gold_gain":0,"player_choice":"Upgrade and Remove","damage_taken":0,"max_hp_gain":0,"max_hp_loss":0,"event_name":"Designer","floor":36,"gold_loss":110,"cards_upgraded":["Infinite Blades"]},{"damage_healed":0,"gold_gain":0,"player_choice":"Ignored","damage_taken":0,"max_hp_gain":0,"max_hp_loss":0,"event_name":"Transmorgrifier","floor":39,"gold_loss":0}],"is_beta":false,"boss_relics":[{"not_picked":["Tiny House","Velvet Choker"],"picked":"Pandora\u0027s Box"},{"not_picked":["Snecko Eye","Empty Cage"],"picked":"Runic Pyramid"}],"items_purged_floors":[21],"is_endless":false,"potions_floor_spawned":[2,14,16,18,29,30,35,38],"killed_by":"Giant Head","ascension_level":15}