{"gold_per_floor":[213,213,213,59,80,80,96,96,123,123,123,123,154,173,173,294,294,319,119,133,133,151,26,26,46,46,46,46,65,65,104,104,228,228,246,259,259,259],"floor_reached":38,"playtime":1396,"items_purged":["Strike_R","Strike_R","Strike_R+1"],"score":467,"play_id":"18c48643-ecde-4d54-b866-ca4945aac425","local_time":"20190227012850","is_ascension_mode":false,"campfire_choices":[{"data":"Body Slam","floor":6,"key":"SMITH"},{"data":"Body Slam","floor":10,"key":"SMITH"},{"data":"Metallicize","floor":15,"key":"SMITH"},{"data":"Battle Trance","floor":24,"key":"SMITH"},{"data":"Warcry","floor":27,"key":"SMITH"},{"data":"Flame Barrier","floor":30,"key":"SMITH"},{"data":"Defend_R","floor":32,"key":"SMITH"}],"neow_cost":"NONE","seed_source_timestamp":43764172852368,"circlet_count":0,"master_deck":["Defend_R","Defend_R","Defend_R","Defend_R+1","Body Slam+1","Whirlwind+1","Metallicize+1","Body Slam+1","Barricade+1","Battle Trance+1","Flame Barrier+1","Warcry+1","True Grit+1","True Grit+1","Juggernaut","Madness","Madness"],"relics":["Burning Blood","Golden Idol","Ancient Tea Set","Juzu Bracelet","Art of War","Coffee Dripper","FossilizedHelix","Pen Nib","Black Star"],"potions_floor_usage":[16,16,38,38,38],"damage_taken":[{"damage":0,"enemies":"Small Slimes","floor":1,"turns":3},{"damage":5,"enemies":"Jaw Worm","floor":5,"turns":5},{"damage":0,"enemies":"Cultist","floor":7,"turns":4},{"damage":28,"enemies":"Lagavulin","floor":13,"turns":9},{"damage":1,"enemies":"Exordium Thugs","floor":14,"turns":4},{"damage":28,"enemies":"Slime Boss","floor":16,"turns":8},{"damage":4,"enemies":"Shell Parasite","floor":18,"turns":5},{"damage":0,"enemies":"Spheric Guardian","floor":20,"turns":3},{"damage":6,"enemies":"Snecko","floor":22,"turns":4},{"damage":0,"enemies":"3 Cultists","floor":25,"turns":4},{"damage":0,"enemies":"Snake Plant","floor":29,"turns":4},{"damage":0,"enemies":"Book of Stabbing","floor":31,"turns":5},{"damage":0,"enemies":"Champ","floor":33,"turns":6},{"damage":16,"enemies":"Orb Walker","floor":35,"turns":4},{"damage":9,"enemies":"3 Shapes","floor":36,"turns":4},{"damage":66,"enemies":"2 Orb Walkers","floor":38,"turns":4}],"seed_played":"-8454688737578262342","potions_obtained":[{"floor":1,"key":"GamblersBrew"},{"floor":7,"key":"Dexterity Potion"},{"floor":13,"key":"AttackPotion"},{"floor":25,"key":"Block Potion"},{"floor":29,"key":"Ancient Potion"},{"floor":35,"key":"Dexterity Potion"}],"is_trial":false,"path_per_floor":["M","?","?","$","M","R","M","T","T","R","?","?","E","M","R","B",null,"M","$","M","?","M","$","R","M","T","R","?","M","R","E","R","B",null,"M","M","?","?"],"character_chosen":"IRONCLAD","items_purchased":["Whirlwind","Flame Barrier","Warcry"],"campfire_rested":0,"item_purchase_floors":[4,19,19],"current_hp_per_floor":[80,80,60,60,61,61,67,67,67,67,51,51,29,34,34,12,80,80,80,80,80,80,80,80,80,80,80,80,80,80,80,80,80,80,70,67,57,0],"gold":259,"neow_bonus":"HUNDRED_GOLD","is_prod":false,"is_daily":false,"chose_seed":false,"campfire_upgraded":7,"win_rate":0,"timestamp":1551248930,"path_taken":["M","?","?","$","M","R","M","?","T","R","?","?","E","M","R","BOSS","M","$","M","?","M","?","R","M","T","R","?","M","R","E","R","BOSS","M","M","?","?"],"build_version":"2019-01-23","purchased_purges":3,"victory":false,"max_hp_per_floor":[80,80,80,80,80,80,80,80,80,80,80,80,80,80,80,80,80,80,80,80,80,80,80,80,80,80,80,80,80,80,80,80,80,80,80,80,80,80],"card_choices":[{"not_picked":["Inflame","Warcry"],"picked":"Body Slam","floor":1},{"not_picked":["Seeing Red","Shrug It Off"],"picked":"Metallicize","floor":5},{"not_picked":["Thunderclap","Wild Strike"],"picked":"Body Slam","floor":7},{"not_picked":["Feel No Pain","Dropkick","Rupture"],"picked":"SKIP","floor":13},{"not_picked":["Heavy Blade","Flex","Hemokinesis"],"picked":"SKIP","floor":14},{"not_picked":["Brutality","Demon Form"],"picked":"Barricade","floor":16},{"not_picked":["Armaments","Ghostly Armor"],"picked":"Battle Trance","floor":18},{"not_picked":["Cleave","Sword Boomerang"],"picked":"True Grit+1","floor":20},{"not_picked":["Whirlwind","Sword Boomerang+1"],"picked":"True Grit+1","floor":22},{"not_picked":["Iron Wave","Corruption","Headbutt+1"],"picked":"SKIP","floor":25},{"not_picked":["Dual Wield","Havoc","Second Wind+1"],"picked":"SKIP","floor":29},{"not_picked":["Metallicize","Corruption+1","Havoc"],"picked":"SKIP","floor":31},{"not_picked":["Berserk","Demon Form"],"picked":"Juggernaut","floor":33},{"not_picked":["Body Slam","Spot Weakness+1","Thunderclap+1"],"picked":"SKIP","floor":35},{"not_picked":["Pommel Strike+1","Heavy Blade","Combust"],"picked":"SKIP","floor":36}],"player_experience":489912,"relics_obtained":[{"floor":8,"key":"Ancient Tea Set"},{"floor":9,"key":"Juzu Bracelet"},{"floor":13,"key":"Art of War"},{"floor":26,"key":"FossilizedHelix"},{"floor":31,"key":"Pen Nib"}],"event_choices":[{"cards_removed":["Strike_R"],"damage_healed":0,"gold_gain":0,"player_choice":"Forget","damage_taken":0,"max_hp_gain":0,"max_hp_loss":0,"event_name":"Living Wall","floor":2,"gold_loss":0},{"damage_healed":0,"gold_gain":0,"player_choice":"Take Damage","damage_taken":20,"relics_obtained":["Golden Idol"],"max_hp_gain":0,"max_hp_loss":0,"event_name":"Golden Idol","floor":3,"gold_loss":0},{"damage_healed":0,"gold_gain":0,"player_choice":"Entered Light","damage_taken":16,"max_hp_gain":0,"max_hp_loss":0,"event_name":"Shining Light","floor":11,"gold_loss":0,"cards_upgraded":["Whirlwind","Strike_R"]},{"cards_removed":["Strike_R"],"damage_healed":0,"gold_gain":0,"player_choice":"Purged","damage_taken":0,"max_hp_gain":0,"max_hp_loss":0,"event_name":"Purifier","floor":12,"gold_loss":0},{"damage_healed":0,"gold_gain":0,"player_choice":"Upgraded","damage_taken":0,"max_hp_gain":0,"max_hp_loss":0,"event_name":"Upgrade Shrine","floor":21,"gold_loss":0,"cards_upgraded":["Barricade"]},{"cards_removed":["Bash"],"damage_healed":0,"gold_gain":0,"player_choice":"Elegance","damage_taken":0,"max_hp_gain":0,"max_hp_loss":0,"event_name":"Back to Basics","floor":28,"gold_loss":0},{"damage_healed":0,"gold_gain":0,"player_choice":"Embrace Madness","damage_taken":10,"max_hp_gain":0,"max_hp_loss":0,"event_name":"Winding Halls","floor":37,"gold_loss":0,"cards_obtained":["Madness","Madness"]},{"damage_healed":0,"gold_gain":0,"player_choice":"Fight","damage_taken":0,"max_hp_gain":0,"max_hp_loss":0,"event_name":"Mysterious Sphere","floor":38,"gold_loss":0}],"is_beta":false,"boss_relics":[{"not_picked":["Ectoplasm","Sozu"],"picked":"Coffee Dripper"},{"not_picked":["Snecko Eye","Pandora\u0027s Box"],"picked":"Black Star"}],"items_purged_floors":[4,19,23],"is_endless":false,"potions_floor_spawned":[1,7,13,25,29,31,35,36],"killed_by":"2 Orb Walkers","ascension_level":0}