{"gold_per_floor":[114,127,127,127,127,127,127,151,151,178,202,202,222,222],"floor_reached":14,"playtime":563,"items_purged":[],"score":88,"play_id":"af4c5b0b-cfd6-4c09-a6fc-c0970a505148","local_time":"20181116192432","is_ascension_mode":true,"campfire_choices":[{"floor":6,"key":"REST"}],"neow_cost":"NONE","seed_source_timestamp":181606005811203,"circlet_count":0,"master_deck":["Strike_R","Strike_R","Strike_R","Strike_R","Strike_R","Defend_R","Defend_R","Defend_R","Defend_R","Disarm","Metallicize","Shockwave","Shockwave","Shrug It Off"],"relics":["Orrery","Golden Idol","Pen Nib","Vajra","Dream Catcher","Omamori"],"potions_floor_usage":[14],"damage_taken":[{"damage":26,"enemies":"Cultist","floor":1,"turns":8},{"damage":2,"enemies":"Small Slimes","floor":2,"turns":4},{"damage":0,"enemies":"2 Louse","floor":8,"turns":4},{"damage":2,"enemies":"2 Fungi Beasts","floor":11,"turns":5},{"damage":19,"enemies":"Large Slime","floor":13,"turns":7},{"damage":16,"enemies":"Gremlin Nob","floor":14,"turns":3}],"seed_played":"-8719476354671042672","potions_obtained":[{"floor":1,"key":"PowerPotion"},{"floor":2,"key":"Strength Potion"}],"is_trial":false,"path_per_floor":["M","M","$","?","?","R","?","M","T","T","M","?","M","E"],"character_chosen":"IRONCLAD","items_purchased":[],"campfire_rested":1,"item_purchase_floors":[],"current_hp_per_floor":[54,52,52,32,32,56,31,31,31,31,29,29,10,0],"gold":222,"neow_bonus":"BOSS_RELIC","is_prod":false,"is_daily":false,"chose_seed":false,"campfire_upgraded":0,"win_rate":0,"timestamp":1542417872,"path_taken":["M","?","$","?","?","R","?","M","T","?","M","?","M","E"],"build_version":"2018-11-15","purchased_purges":0,"victory":false,"max_hp_per_floor":[80,80,80,80,80,80,80,80,80,80,80,80,80,80],"card_choices":[{"not_picked":["Thunderclap","Corruption"],"picked":"Disarm","floor":0},{"not_picked":["Twin Strike","Body Slam"],"picked":"Metallicize","floor":0},{"not_picked":["Pommel Strike","Dual Wield","Warcry"],"picked":"SKIP","floor":1},{"not_picked":["Havoc","Flex","Heavy Blade"],"picked":"SKIP","floor":2},{"not_picked":["Pummel","Havoc"],"picked":"Shockwave","floor":8},{"not_picked":["Dropkick","Havoc"],"picked":"Shockwave","floor":11},{"not_picked":["Carnage","Body Slam"],"picked":"Shrug It Off","floor":13}],"player_experience":255232,"relics_obtained":[{"floor":9,"key":"Vajra"},{"floor":10,"key":"Dream Catcher"}],"event_choices":[{"damage_healed":0,"gold_gain":0,"player_choice":"Take Damage","damage_taken":20,"relics_obtained":["Golden Idol"],"max_hp_gain":0,"max_hp_loss":0,"event_name":"Golden Idol","floor":4,"gold_loss":0},{"cards_removed":["Bash"],"damage_healed":0,"gold_gain":0,"player_choice":"Forget","damage_taken":0,"max_hp_gain":0,"max_hp_loss":0,"event_name":"Living Wall","floor":5,"gold_loss":0},{"damage_healed":0,"gold_gain":0,"player_choice":"Success","damage_taken":25,"relics_obtained":["Pen Nib"],"max_hp_gain":0,"max_hp_loss":0,"event_name":"Scrap Ooze","floor":7,"gold_loss":0},{"damage_healed":0,"gold_gain":0,"player_choice":"Gave Potion","damage_taken":0,"relics_obtained":["Omamori"],"max_hp_gain":0,"max_hp_loss":0,"event_name":"WeMeetAgain","floor":12,"gold_loss":0}],"is_beta":false,"boss_relics":[],"items_purged_floors":[],"is_endless":false,"potions_floor_spawned":[1,2],"killed_by":"Gremlin Nob","ascension_level":2}