{"gold_per_floor":[109,34,184,44,59,92,92,111,111,127,161,161,223,223,223,296,296,314,20,30,30,43,73,73,98,98,109,109,109,140,140,140,215,215,228,228,239,73,73,73,100,100,100,117,129,177,12,24,24,24],"floor_reached":50,"playtime":3056,"items_purged":["Regret","Doubt"],"score":1122,"play_id":"41e554bc-c9c2-4bae-aa62-4c7f916fbb9d","local_time":"20190226153317","is_ascension_mode":true,"campfire_choices":[{"floor":7.0,"key":"REST"},{"floor":12.0,"key":"REST"},{"floor":15.0,"key":"REST"},{"floor":24.0,"key":"REST"},{"floor":29.0,"key":"REST"},{"floor":32.0,"key":"REST"},{"floor":40.0,"key":"REST"},{"data":"Electrodynamics","floor":42.0,"key":"SMITH"},{"floor":49.0,"key":"REST"}],"neow_cost":"CURSE","seed_source_timestamp":0,"circlet_count":0,"master_deck":["AscendersBane","Strike_B","Strike_B","Strike_B","Strike_B","Defend_B","Defend_B","Defend_B","Defend_B","Zap","Dualcast","Auto Shields","Glacier","White Noise","Doom and Gloom","Streamline","Coolheaded","Beam Cell+1","Core Surge+1","Rebound+1","FTL+1","Ball Lightning+1","Melter+1","Compile Driver","Redo+1","Ghostly","Ghostly","Ghostly","Electrodynamics+1","Hologram+1","Hologram+1","Buffer+1","Ball Lightning+1"],"special_seed":0,"relics":["Cracked Core","Ginger","FossilizedHelix","Question Card","Centennial Puzzle","Busted Crown","Blood Vial","Nloth\u0027s Gift","Lantern","Kunai","Omamori","Pantograph","Snecko Eye","WarpedTongs","Bronze Scales","Ancient Tea Set","Frozen Egg 2","Nunchaku"],"potions_floor_usage":[50],"damage_taken":[{"damage":0.0,"enemies":"2 Louse","floor":1.0,"turns":2.0},{"damage":0.0,"enemies":"Small Slimes","floor":5.0,"turns":3.0},{"damage":35.0,"enemies":"3 Sentries","floor":6.0,"turns":17.0},{"damage":0.0,"enemies":"Jaw Worm","floor":8.0,"turns":5.0},{"damage":6.0,"enemies":"Lots of Slimes","floor":10.0,"turns":2.0},{"damage":26.0,"enemies":"Gremlin Nob","floor":11.0,"turns":4.0},{"damage":20.0,"enemies":"Gremlin Nob","floor":13.0,"turns":4.0},{"damage":10.0,"enemies":"The Guardian","floor":16.0,"turns":18.0},{"damage":0.0,"enemies":"Spheric Guardian","floor":18.0,"turns":6.0},{"damage":0.0,"enemies":"Chosen","floor":20.0,"turns":3.0},{"damage":0.0,"enemies":"Centurion and Healer","floor":22.0,"turns":5.0},{"damage":45.0,"enemies":"Book of Stabbing","floor":23.0,"turns":6.0},{"damage":29.0,"enemies":"Slavers","floor":25.0,"turns":6.0},{"damage":0.0,"enemies":"Cultist and Chosen","floor":27.0,"turns":5.0},{"damage":44.0,"enemies":"Gremlin Leader","floor":30.0,"turns":7.0},{"damage":3.0,"enemies":"Collector","floor":33.0,"turns":9.0},{"damage":18.0,"enemies":"3 Darklings","floor":35.0,"turns":3.0},{"damage":3.0,"enemies":"Orb Walker","floor":37.0,"turns":4.0},{"damage":0.0,"enemies":"Nemesis","floor":41.0,"turns":7.0},{"damage":0.0,"enemies":"Maw","floor":44.0,"turns":6.0},{"damage":0.0,"enemies":"Jaw Worm Horde","floor":45.0,"turns":4.0},{"damage":0.0,"enemies":"2 Orb Walkers","floor":46.0,"turns":4.0},{"damage":12.0,"enemies":"Writhing Mass","floor":48.0,"turns":6.0},{"damage":49,"enemies":"Donu and Deca","floor":50,"turns":13}],"seed_played":"4240609834652303651","potions_obtained":[{"floor":1.0,"key":"FearPotion"},{"floor":6.0,"key":"Swift Potion"},{"floor":11.0,"key":"Fire Potion"},{"floor":16.0,"key":"SpeedPotion"},{"floor":27.0,"key":"FearPotion"},{"floor":30.0,"key":"EntropicBrew"},{"floor":35.0,"key":"SteroidPotion"},{"floor":37.0,"key":"Regen Potion"},{"floor":44.0,"key":"Fire Potion"},{"floor":48.0,"key":"Weak Potion"}],"is_trial":false,"path_per_floor":["M","$","?","$","M","E","R","M","T","M","E","R","?","?","R","B",null,"M","$","M","?","M","E","R","E","T","M","?","R","E","?","R","B",null,"M","?","M","$","?","R","E","R","T","M","M","?","$","M","R","B"],"character_chosen":"DEFECT","items_purchased":["Glacier","FTL+1","Ball Lightning+1","Blood Vial","Bronze Scales","Buffer+1"],"campfire_rested":8,"item_purchase_floors":[4,19,19,19,38,47],"current_hp_per_floor":[64,64,64,64,64,29,50,50,50,44,18,39,19,19,40,30,61,61,61,63,63,65,22,43,16,16,18,32,53,11,11,21,32,34,17,17,16,16,16,26,28,28,28,30,32,34,34,23,33,0],"gold":24,"neow_bonus":"ONE_RARE_RELIC","is_prod":false,"is_daily":false,"chose_seed":false,"campfire_upgraded":1,"win_rate":0,"timestamp":1551191597,"path_taken":["M","$","?","$","M","E","R","M","T","M","E","R","?","?","R","BOSS","M","$","M","?","M","E","R","E","T","?","?","R","E","?","R","BOSS","M","?","?","$","?","R","E","R","T","M","M","?","$","M","R","BOSS"],"build_version":"2019-02-06","purchased_purges":2,"victory":false,"max_hp_per_floor":[71,71,71,71,71,71,71,71,71,71,71,71,71,71,71,71,71,71,71,71,71,71,71,71,71,71,71,71,71,71,35,35,35,35,35,35,35,35,35,35,35,35,35,35,35,35,35,35,35,35],"card_choices":[{"not_picked":["Beam Cell","Redo"],"picked":"Auto Shields","floor":1.0},{"not_picked":["Double Energy","Steam"],"picked":"White Noise","floor":5.0},{"not_picked":["Lockon","Beam Cell"],"picked":"Doom and Gloom","floor":6.0},{"not_picked":["Double Energy","Lockon"],"picked":"Streamline","floor":8.0},{"not_picked":["Auto Shields","Rip and Tear","Beam Cell"],"picked":"Coolheaded","floor":10.0},{"not_picked":["Consume","Tempest","Coolheaded","Reprogram"],"picked":"SKIP","floor":11.0},{"not_picked":["Recycle","Hello World","Darkness"],"picked":"Beam Cell+1","floor":13.0},{"not_picked":["Rainbow","Amplify","Fission"],"picked":"Core Surge+1","floor":16.0},{"not_picked":["Steam Power"],"picked":"Rebound+1","floor":18.0},{"not_picked":["Streamline+1"],"picked":"Melter+1","floor":20.0},{"not_picked":["Heatsinks+1","Blizzard"],"picked":"SKIP","floor":22.0},{"not_picked":["Auto Shields"],"picked":"Compile Driver","floor":23.0},{"not_picked":["Beam Cell"],"picked":"Redo+1","floor":25.0},{"not_picked":["Skim","Hologram"],"picked":"SKIP","floor":27.0},{"not_picked":["Streamline","Sweeping Beam"],"picked":"SKIP","floor":30.0},{"not_picked":["Core Surge"],"picked":"Electrodynamics","floor":33.0},{"not_picked":["Compile Driver"],"picked":"Hologram+1","floor":35.0},{"not_picked":["Ball Lightning","Rebound+1"],"picked":"SKIP","floor":37.0},{"not_picked":["Streamline","White Noise"],"picked":"SKIP","floor":41.0},{"not_picked":["Cold Snap","Turbo"],"picked":"SKIP","floor":44.0},{"not_picked":["Steam","Cold Snap"],"picked":"SKIP","floor":45.0},{"not_picked":["Reprogram"],"picked":"Hologram+1","floor":46.0},{"not_picked":["Gash+1"],"picked":"Ball Lightning+1","floor":48.0}],"player_experience":950328,"relics_obtained":[{"floor":6.0,"key":"FossilizedHelix"},{"floor":9.0,"key":"Question Card"},{"floor":11.0,"key":"Molten Egg 2"},{"floor":13.0,"key":"Centennial Puzzle"},{"floor":23.0,"key":"Lantern"},{"floor":25.0,"key":"Kunai"},{"floor":26.0,"key":"Omamori"},{"floor":30.0,"key":"Pantograph"},{"floor":41.0,"key":"Ancient Tea Set"},{"floor":43.0,"key":"Frozen Egg 2"},{"floor":46.0,"key":"Nunchaku"}],"event_choices":[{"damage_healed":0.0,"max_hp_gain":0.0,"max_hp_loss":0.0,"gold_gain":150.0,"event_name":"Liars Game","player_choice":"AGREE","floor":3.0,"gold_loss":0.0,"damage_taken":0.0,"cards_obtained":["Doubt"]},{"damage_healed":0.0,"max_hp_gain":0.0,"max_hp_loss":0.0,"gold_gain":0.0,"event_name":"Dead Adventurer","player_choice":"Searched \u00271\u0027 times","floor":13.0,"gold_loss":0.0,"damage_taken":0.0},{"damage_healed":0.0,"max_hp_gain":0.0,"max_hp_loss":0.0,"gold_gain":0.0,"event_name":"Shining Light","player_choice":"Ignored","floor":14.0,"gold_loss":0.0,"damage_taken":0.0},{"damage_healed":0.0,"max_hp_gain":0.0,"max_hp_loss":0.0,"gold_gain":0.0,"event_name":"N\u0027loth","player_choice":"Traded Relic","floor":21.0,"relics_lost":["Molten Egg 2"],"gold_loss":0.0,"damage_taken":0.0,"relics_obtained":["Nloth\u0027s Gift"]},{"damage_healed":14.0,"max_hp_gain":0.0,"max_hp_loss":0.0,"gold_gain":0.0,"event_name":"The Library","player_choice":"Heal","floor":28.0,"gold_loss":0.0,"damage_taken":0.0},{"damage_healed":0.0,"max_hp_gain":0.0,"max_hp_loss":36.0,"gold_gain":0.0,"event_name":"Ghosts","player_choice":"Became a Ghost","floor":31.0,"gold_loss":0.0,"damage_taken":0.0,"cards_obtained":["Ghostly","Ghostly","Ghostly"]},{"damage_healed":0.0,"max_hp_gain":0.0,"max_hp_loss":0.0,"gold_gain":0.0,"event_name":"Accursed Blacksmith","player_choice":"Rummage","floor":36.0,"gold_loss":0.0,"damage_taken":0.0,"relics_obtained":["WarpedTongs"],"cards_obtained":["Pain"]},{"damage_healed":0.0,"max_hp_gain":0.0,"max_hp_loss":0.0,"gold_gain":0.0,"event_name":"SensoryStone","player_choice":"Memory 1","floor":39.0,"gold_loss":0.0,"damage_taken":0.0},{"damage_healed":0.0,"max_hp_gain":0.0,"max_hp_loss":0.0,"gold_gain":0.0,"event_name":"Mysterious Sphere","player_choice":"Fight","floor":46.0,"gold_loss":0.0,"damage_taken":0.0}],"is_beta":true,"boss_relics":[{"not_picked":["Cursed Key","Runic Dome"],"picked":"Busted Crown"},{"not_picked":["Nuclear Battery","Runic Pyramid"],"picked":"Snecko Eye"}],"items_purged_floors":[2,4],"is_endless":false,"potions_floor_spawned":[1,6,11,16,27,30,35,37,44,48],"killed_by":"Donu and Deca","ascension_level":20}