{"gold_per_floor":[109,109,124,124,72,72,86,96,96,96,46,46,46,56,56,154,154,167,178,178],"floor_reached":20,"playtime":1224,"items_purged":[],"score":164,"play_id":"02aa4623-705b-40c7-a3d6-71517f5de1dd","local_time":"20190202010045","is_ascension_mode":false,"campfire_choices":[{"data":"Armaments","floor":6,"key":"SMITH"},{"data":"Flex","floor":10,"key":"SMITH"},{"data":"Searing Blow","floor":12,"key":"SMITH"},{"data":"Searing Blow+1","floor":15,"key":"SMITH"}],"neow_cost":"NONE","seed_source_timestamp":1251019491368138,"circlet_count":0,"master_deck":["Strike_R","Strike_R","Strike_R","Strike_R","Defend_R","Defend_R","Defend_R","Defend_R","Bash","Evolve+1","Reckless Charge","Flex+1","Armaments+1","Searing Blow+2","Bloodletting","Immolate","Rupture"],"relics":["Burning Blood","Paper Frog","White Beast Statue"],"potions_floor_usage":[19,20,20],"damage_taken":[{"damage":1,"enemies":"Cultist","floor":1,"turns":4},{"damage":6,"enemies":"Jaw Worm","floor":3,"turns":3},{"damage":1,"enemies":"2 Louse","floor":7,"turns":3},{"damage":4,"enemies":"Exordium Wildlife","floor":8,"turns":5},{"damage":1,"enemies":"Exordium Thugs","floor":14,"turns":4},{"damage":71,"enemies":"The Guardian","floor":16,"turns":9},{"damage":31,"enemies":"Spheric Guardian","floor":18,"turns":6},{"damage":56,"enemies":"Shell Parasite","floor":19,"turns":8},{"damage":28,"enemies":"Centurion and Healer","floor":20,"turns":4}],"seed_played":"-456842728428348098","potions_obtained":[{"floor":1,"key":"Explosive Potion"},{"floor":3,"key":"Regen Potion"},{"floor":14,"key":"Dexterity Potion"},{"floor":19,"key":"FearPotion"}],"is_trial":false,"path_per_floor":["?","M","?","?","$","M"],"character_chosen":"IRONCLAD","items_purchased":["Armaments"],"campfire_rested":0,"item_purchase_floors":[5],"current_hp_per_floor":[80,80,80,85,85,85,85,85,85,85,85,85,85,85,85,20,85,60,25,0],"gold":178,"neow_bonus":"THREE_CARDS","is_prod":false,"is_daily":false,"chose_seed":false,"campfire_upgraded":4,"win_rate":0,"timestamp":1549065645,"path_taken":["M","?","?","?","$","R","M","M","T","R","?","R","?","?","R","BOSS","M","M","M"],"build_version":"2019-01-23","purchased_purges":0,"victory":false,"max_hp_per_floor":[80,80,80,85,85,85,85,85,85,85,85,85,85,85,85,85,85,85,85,85],"card_choices":[{"not_picked":["Clothesline","Second Wind"],"picked":"Evolve","floor":0},{"not_picked":["Sword Boomerang","Pommel Strike"],"picked":"Reckless Charge","floor":1},{"not_picked":["Havoc","Cleave"],"picked":"Flex","floor":3},{"not_picked":["Rampage","Sword Boomerang","Cleave"],"picked":"SKIP","floor":7},{"not_picked":["Carnage","Headbutt"],"picked":"Searing Blow","floor":8},{"not_picked":["Rampage","Infernal Blade"],"picked":"Bloodletting","floor":14},{"not_picked":["Feed","Bludgeon"],"picked":"Immolate","floor":16},{"not_picked":["Havoc+1","Thunderclap","Metallicize+1"],"picked":"SKIP","floor":18},{"not_picked":["Havoc","Headbutt"],"picked":"Rupture","floor":19}],"player_experience":49800,"relics_obtained":[{"floor":9,"key":"Paper Frog"}],"event_choices":[{"damage_healed":0,"gold_gain":0,"player_choice":"Upgraded","damage_taken":0,"max_hp_gain":0,"max_hp_loss":0,"event_name":"Upgrade Shrine","floor":2,"gold_loss":0,"cards_upgraded":["Evolve"]},{"damage_healed":0,"gold_gain":0,"player_choice":"Donut","damage_taken":0,"max_hp_gain":5,"max_hp_loss":0,"event_name":"Big Fish","floor":4,"gold_loss":0},{"cards_removed":["Strike_R"],"damage_healed":0,"gold_gain":0,"player_choice":"Card Removal","damage_taken":0,"max_hp_gain":0,"max_hp_loss":0,"event_name":"The Cleric","floor":11,"gold_loss":50}],"is_beta":false,"boss_relics":[{"not_picked":["Velvet Choker","Runic Pyramid"],"picked":"White Beast Statue"}],"items_purged_floors":[],"is_endless":false,"potions_floor_spawned":[1,3,14,18,19],"killed_by":"Centurion and Healer","ascension_level":0}