{"path_per_floor":["?","?","?","?","?","?","?","?","?","?","?","?","?","?","?","B",null,"?","?","?","?","?","?","?"],"character_chosen":"IRONCLAD","items_purchased":[],"gold_per_floor":[114,129,144,159,174,174,189,219,294,309,309,339,309,324,324,424,424,439,454,454,469,484,499,549],"floor_reached":25,"campfire_rested":0,"playtime":1052,"current_hp_per_floor":[80,80,80,77,72,72,74,74,74,62,62,34,34,43,43,39,80,48,41,41,32,30,7,7],"items_purged":[],"gold":549,"score":211,"play_id":"2099d4af-9765-4e0d-8041-97a413b7eaba","local_time":"20180302134604","daily_mods":[{"name":"Diverse","description":"Start with 2 cards from another class.","modID":"Diverse","img":{"data":{"file":{"file":{"path":"images\\ui\\run_mods\\diverse.png"},"type":"Internal"},"width":64,"height":64,"format":"RGBA8888","useMipMaps":false,"isPrepared":false},"glTarget":3553,"glHandle":685,"minFilter":"Linear","magFilter":"Linear","uWrap":"ClampToEdge","vWrap":"ClampToEdge"},"positive":true},{"name":"Uncertain Future","description":"The map shows only ?.","modID":"Uncertain Future","img":{"data":{"file":{"file":{"path":"images\\ui\\run_mods\\uncertain_future.png"},"type":"Internal"},"width":64,"height":64,"format":"RGBA8888","useMipMaps":false,"isPrepared":false},"glTarget":3553,"glHandle":679,"minFilter":"Linear","magFilter":"Linear","uWrap":"ClampToEdge","vWrap":"ClampToEdge"},"positive":false},{"name":"Binary","description":"Card rewards contain only 2 cards.","modID":"Binary","img":{"data":{"file":{"file":{"path":"images\\ui\\run_mods\\binary.png"},"type":"Internal"},"width":64,"height":64,"format":"RGBA8888","useMipMaps":false,"isPrepared":false},"glTarget":3553,"glHandle":680,"minFilter":"Linear","magFilter":"Linear","uWrap":"ClampToEdge","vWrap":"ClampToEdge"},"positive":false},{"name":"Vintage","description":"The Merchant\u0027s prices are increased by 25%.","modID":"Vintage","img":{"data":{"file":{"file":{"path":"images\\ui\\run_mods\\vintage.png"},"type":"Internal"},"width":64,"height":64,"format":"RGBA8888","useMipMaps":false,"isPrepared":false},"glTarget":3553,"glHandle":677,"minFilter":"Linear","magFilter":"Linear","uWrap":"ClampToEdge","vWrap":"ClampToEdge"},"positive":false}],"is_prod":false,"is_daily":true,"is_ascension_mode":false,"campfire_upgraded":3,"timestamp":1519965964,"path_taken":["?","?","?","?","?","?","?","?","?","?","?","?","?","?","?","BOSS","?","?","?","?","?","?","?","?"],"build_version":"2018-03-01-PROD1","purchased_purges":0,"victory":false,"master_deck":["Strike_R","Strike_R","Strike_R","Strike_R","Strike_R","Defend_R","Defend_R","Defend_R","Defend_R","Bash","Bouncing Flask+1","Bouncing Flask","Warcry","Battle Trance","Sentinel","Spot Weakness","Shockwave","Shrug It Off","Regret","Feel No Pain+1","Heavy Blade","Armaments+1","Demon Form","Cleave+1","Armaments+1","Thunderclap","Disarm","True Grit","Armaments+1"],"max_hp_per_floor":[80,80,80,80,80,80,80,80,80,80,80,80,80,80,80,80,80,80,80,80,80,80,80,80],"relics":["Burning Blood","Tiny Chest","Gremlin Horn","Pantograph","Velvet Choker","Regal Pillow"],"card_choices":[{"not_picked":["Clash"],"picked":"Warcry"},{"not_picked":["Body Slam"],"picked":"Battle Trance"},{"not_picked":["Body Slam"],"picked":"Sentinel"},{"not_picked":["Battle Trance"],"picked":"Spot Weakness"},{"not_picked":["Rage"],"picked":"Shockwave"},{"not_picked":["Wild Strike"],"picked":"Shrug It Off"},{"not_picked":["Sword Boomerang"],"picked":"Feel No Pain"},{"not_picked":["Iron Wave"],"picked":"Heavy Blade"},{"not_picked":["Combust"],"picked":"Armaments"},{"not_picked":["Juggernaut"],"picked":"Demon Form"},{"not_picked":["Perfected Strike"],"picked":"Cleave"},{"not_picked":["Rage"],"picked":"Armaments"},{"not_picked":["Anger"],"picked":"Disarm"},{"not_picked":["Sentinel"],"picked":"True Grit"},{"not_picked":["Thunderclap"],"picked":"Armaments"}],"player_experience":530367,"potions_floor_usage":[12,12,12,14,14,16,22,22,23],"damage_taken":[{"damage":1,"enemies":"Cultist","floor":1,"turns":3},{"damage":6,"enemies":"Jaw Worm","floor":2,"turns":3},{"damage":4,"enemies":"Small Slimes","floor":3,"turns":4},{"damage":9,"enemies":"2 Fungi Beasts","floor":4,"turns":4},{"damage":11,"enemies":"Red Slaver","floor":5,"turns":4},{"damage":4,"enemies":"Looter","floor":7,"turns":3},{"damage":18,"enemies":"Blue Slaver","floor":10,"turns":4},{"damage":34,"enemies":"Gremlin Nob","floor":12,"turns":5},{"damage":9,"enemies":"Gremlin Gang","floor":14,"turns":5},{"damage":35,"enemies":"Slime Boss","floor":16,"turns":9},{"damage":38,"enemies":"3 Byrds","floor":18,"turns":6},{"damage":13,"enemies":"Chosen","floor":19,"turns":6},{"damage":15,"enemies":"Snecko","floor":21,"turns":6},{"damage":8,"enemies":"Cultist and Chosen","floor":22,"turns":6},{"damage":29,"enemies":"Slaver and Parasite","floor":23,"turns":6},{"damage":7,"enemies":"Snake Plant","floor":25,"turns":2}],"event_choices":[{"event_name":"Big Fish","player_choice":"Box","floor":8,"damage_taken":0},{"event_name":"The Woman in Blue","player_choice":"Bought 2 Potions","floor":13,"damage_taken":0},{"event_name":"The Library","player_choice":"Read","floor":20,"damage_taken":0}],"boss_relics":[{"not_picked":["Question Card","Cursed Key"],"picked":"Velvet Choker"}],"potions_floor_spawned":[2,3,4,7,12,16,18,19],"seed_played":"-4064848218327866266","killed_by":"Snake Plant","ascension_level":0,"is_trial":false}