{"gold_per_floor":[111,111,34,46,64,64,89,89,89,89,99,24,24,37,37,37],"floor_reached":16,"playtime":513,"items_purged":["Strike_G"],"score":175,"play_id":"31276010-8dc7-420e-b475-dc5168c1bf65","local_time":"20190121175552","is_ascension_mode":true,"campfire_choices":[{"data":"Calculated Gamble","floor":6,"key":"SMITH"},{"data":"Cloak And Dagger","floor":8,"key":"SMITH"},{"floor":13,"key":"REST"},{"floor":15,"key":"REST"}],"neow_cost":"NONE","seed_source_timestamp":117144824766600,"circlet_count":0,"master_deck":["AscendersBane","Defend_G","Defend_G","Defend_G","Defend_G","Defend_G","Strike_G","Strike_G","Survivor","Neutralize","Skewer","Calculated Gamble+1","Crippling Poison","Endless Agony","Endless Agony","Cloak And Dagger+1","Corpse Explosion","Deadly Poison"],"relics":["Ring of the Snake","NeowsBlessing","Singing Bowl","Bag of Marbles"],"potions_floor_usage":[],"damage_taken":[{"damage":0,"enemies":"2 Louse","floor":1,"turns":1},{"damage":0,"enemies":"Cultist","floor":4,"turns":1},{"damage":0,"enemies":"Jaw Worm","floor":5,"turns":1},{"damage":38,"enemies":"3 Sentries","floor":7,"turns":12},{"damage":0,"enemies":"Large Slime","floor":11,"turns":7},{"damage":4,"enemies":"Blue Slaver","floor":14,"turns":4},{"damage":59,"enemies":"Slime Boss","floor":16,"turns":8}],"seed_played":"-992802733890611591","potions_obtained":[{"floor":5,"key":"SmokeBomb"}],"is_trial":false,"path_per_floor":["M","?","$","M","M","R","E","R","T","?","M","$","R","M","R","B"],"character_chosen":"THE_SILENT","items_purchased":["Crippling Poison"],"campfire_rested":2,"item_purchase_floors":[3],"current_hp_per_floor":[59,59,59,59,59,59,21,21,21,14,14,14,33,29,48,0],"gold":37,"neow_bonus":"THREE_ENEMY_KILL","is_prod":false,"is_daily":false,"chose_seed":false,"campfire_upgraded":2,"win_rate":0,"timestamp":1548064552,"path_taken":["M","?","$","M","?","R","E","R","T","?","M","$","R","M","R","BOSS"],"build_version":"2019-01-17v2","purchased_purges":1,"victory":false,"max_hp_per_floor":[66,66,66,66,66,66,66,66,66,66,66,66,66,66,66,66],"card_choices":[{"not_picked":["Dagger Throw","Setup"],"picked":"Skewer","floor":1},{"not_picked":["Tactician","Sucker Punch"],"picked":"Endless Agony","floor":4},{"not_picked":["Underhanded Strike","Outmaneuver"],"picked":"Endless Agony","floor":5},{"not_picked":["Bane","Masterful Stab"],"picked":"Cloak And Dagger","floor":7},{"not_picked":["Slice","Quick Slash"],"picked":"Corpse Explosion","floor":11},{"not_picked":["Cloak And Dagger","Blade Dance"],"picked":"Deadly Poison","floor":14}],"player_experience":661501,"relics_obtained":[{"floor":7,"key":"Singing Bowl"},{"floor":9,"key":"Bag of Marbles"}],"event_choices":[{"damage_healed":0,"gold_gain":0,"cards_transformed":["Strike_G"],"player_choice":"Transformed","damage_taken":0,"max_hp_gain":0,"max_hp_loss":0,"event_name":"Transmorgrifier","floor":2,"gold_loss":0,"cards_obtained":["Calculated Gamble"]},{"cards_removed":["Strike_G"],"damage_healed":0,"gold_gain":0,"player_choice":"Card Removal","damage_taken":7,"max_hp_gain":0,"max_hp_loss":0,"event_name":"Golden Wing","floor":10,"gold_loss":0}],"is_beta":false,"boss_relics":[],"items_purged_floors":[12],"is_endless":false,"potions_floor_spawned":[5],"killed_by":"Slime Boss","ascension_level":15}