{"gold_per_floor":[119,139,314,334,347,347,361,394,394,406,66,66,66,97,97,192,192,210,210,210,210,135,135,146,172,199,227,242,269,17,27,27,132,132,151,54,66,166,166,197,252,280,315,327,135,163,163,191,191,191],"floor_reached":51,"playtime":4081,"items_purged":["Pain","Writhe"],"score":919,"play_id":"2ac6e3e3-c4bc-4c3c-89e6-e51414e2f7c3","local_time":"20190221005300","is_ascension_mode":true,"campfire_choices":[{"data":"Bash","floor":6,"key":"SMITH"},{"data":"Armaments","floor":12,"key":"SMITH"},{"data":"Deep Breath","floor":15,"key":"SMITH"},{"data":"Limit Break","floor":23,"key":"SMITH"},{"floor":32,"key":"REST"},{"floor":47,"key":"REST"},{"data":"Flex","floor":49,"key":"SMITH"}],"neow_cost":"NONE","seed_source_timestamp":328520491377871,"circlet_count":0,"master_deck":["Strike_R","Strike_R","Strike_R","Strike_R","Strike_R","Defend_R","Defend_R","Defend_R","Defend_R","Bash+1","Pummel","Pommel Strike","Metallicize","Battle Trance","Flex+1","Armaments+1","Flex","Deep Breath+1","Headbutt","Shockwave","Limit Break+1","Sword Boomerang","Dual Wield","Spot Weakness","Flex+1","Heavy Blade+1","True Grit+1","Double Tap+1","Pummel+1","Panacea+1","Shrug It Off+1","Uppercut+1","Violence+1","Juggernaut+1"],"relics":["Burning Blood","Ancient Tea Set","Dodecahedron","Oddly Smooth Stone","TheAbacus","Potion Belt","Velvet Choker","Mercury Hourglass","WarpedTongs","Bottled Lightning","Anchor","Frozen Egg 2","Regal Pillow","Toxic Egg 2","Black Star","Incense Burner","Self Forming Clay","Vajra","Thread and Needle","Pen Nib","MawBank","Bag of Marbles","Molten Egg 2","Bottled Tornado","Shuriken","PreservedInsect"],"potions_floor_usage":[8,16,16,24,27,27,29,41,41,46,48,48,50,50],"damage_taken":[{"damage":6,"enemies":"Cultist","floor":1,"turns":3},{"damage":1,"enemies":"2 Louse","floor":2,"turns":3},{"damage":0,"enemies":"Small Slimes","floor":4,"turns":3},{"damage":11,"enemies":"Exordium Wildlife","floor":5,"turns":4},{"damage":2,"enemies":"2 Fungi Beasts","floor":7,"turns":4},{"damage":23,"enemies":"Lagavulin","floor":8,"turns":7},{"damage":6,"enemies":"3 Louse","floor":10,"turns":5},{"damage":3,"enemies":"3 Sentries","floor":14,"turns":6},{"damage":30,"enemies":"Slime Boss","floor":16,"turns":9},{"damage":16,"enemies":"Spheric Guardian","floor":18,"turns":5},{"damage":3,"enemies":"2 Thieves","floor":24,"turns":3},{"damage":10,"enemies":"Book of Stabbing","floor":25,"turns":5},{"damage":11,"enemies":"Slavers","floor":27,"turns":6},{"damage":8,"enemies":"3 Cultists","floor":28,"turns":4},{"damage":20,"enemies":"Gremlin Leader","floor":29,"turns":4},{"damage":3,"enemies":"Centurion and Healer","floor":31,"turns":5},{"damage":57,"enemies":"Automaton","floor":33,"turns":7},{"damage":3,"enemies":"3 Shapes","floor":35,"turns":5},{"damage":6,"enemies":"3 Darklings","floor":37,"turns":4},{"damage":8,"enemies":"Mind Bloom Boss Battle","floor":38,"turns":6},{"damage":24,"enemies":"Nemesis","floor":40,"turns":7},{"damage":23,"enemies":"2 Orb Walkers","floor":41,"turns":5},{"damage":12,"enemies":"Giant Head","floor":42,"turns":7},{"damage":17,"enemies":"Nemesis","floor":46,"turns":5},{"damage":0,"enemies":"Reptomancer","floor":48,"turns":4},{"damage":24,"enemies":"Donu and Deca","floor":50,"turns":7}],"seed_played":"9071460052462452294","potions_obtained":[{"floor":7,"key":"EssenceOfSteel"},{"floor":8,"key":"SkillPotion"},{"floor":10,"key":"Strength Potion"},{"floor":14,"key":"Strength Potion"},{"floor":16,"key":"Poison Potion"},{"floor":18,"key":"Dexterity Potion"},{"floor":27,"key":"Poison Potion"},{"floor":29,"key":"Energy Potion"},{"floor":31,"key":"Energy Potion"},{"floor":40,"key":"BloodPotion"},{"floor":42,"key":"Strength Potion"},{"floor":46,"key":"SteroidPotion"},{"floor":48,"key":"GamblersBrew"}],"is_trial":false,"path_per_floor":["M","M","?","M","M","R","M","E","T","M","$","R","?","E","R","B",null,"M","?","?","?","$","R","M","E","T","E","M","E","$","M","R","B",null,"M","$","M","?","?","E","?","E","T","?","$","E","R","E","R","B",null],"character_chosen":"IRONCLAD","items_purchased":["TheAbacus","Deep Breath","Headbutt","Toxic Egg 2","Panacea+1","Dexterity Potion","SteroidPotion"],"campfire_rested":2,"item_purchase_floors":[11,11,11,30,36,45,45],"current_hp_per_floor":[80,80,80,80,75,75,79,62,62,62,62,62,62,65,65,41,80,70,70,70,70,70,70,73,69,69,64,62,48,48,51,80,29,80,80,80,80,78,80,62,53,47,47,42,42,31,70,76,76,58],"gold":191,"neow_bonus":"RANDOM_COMMON_RELIC","is_prod":false,"is_daily":false,"chose_seed":false,"campfire_upgraded":5,"win_rate":0,"timestamp":1550677980,"path_taken":["M","?","?","M","M","R","M","E","T","M","$","R","?","E","R","BOSS","M","?","?","?","$","R","M","E","T","E","M","E","$","M","R","BOSS","M","$","M","?","?","E","?","E","T","?","$","E","R","E","R","BOSS"],"build_version":"2019-01-23","purchased_purges":2,"victory":true,"max_hp_per_floor":[80,80,80,80,80,80,80,80,80,80,80,80,80,80,80,80,80,80,80,80,80,80,80,80,80,80,80,80,80,80,80,80,80,80,80,80,80,80,80,80,80,80,80,80,80,80,80,80,80,80],"card_choices":[{"not_picked":["Iron Wave","Body Slam"],"picked":"Pummel","floor":1},{"not_picked":["Body Slam","Infernal Blade"],"picked":"Pommel Strike","floor":2},{"not_picked":["Fire Breathing","Clothesline"],"picked":"Metallicize","floor":4},{"not_picked":["Fire Breathing","Infernal Blade"],"picked":"Battle Trance","floor":5},{"not_picked":["Cleave","Warcry"],"picked":"Flex","floor":7},{"not_picked":["Body Slam","Uppercut"],"picked":"Armaments","floor":8},{"not_picked":["Rage","Rupture"],"picked":"Flex","floor":10},{"not_picked":["Intimidate","Shrug It Off"],"picked":"Shockwave","floor":14},{"not_picked":["Juggernaut","Brutality"],"picked":"Limit Break","floor":16},{"not_picked":["Second Wind","Uppercut"],"picked":"Sword Boomerang","floor":18},{"not_picked":["Armaments+1","Sword Boomerang","Perfected Strike"],"picked":"SKIP","floor":24},{"not_picked":["Impervious","Feel No Pain","Sword Boomerang"],"picked":"SKIP","floor":25},{"not_picked":["Thunderclap","Heavy Blade"],"picked":"Spot Weakness","floor":27},{"not_picked":["Clash","Armaments+1"],"picked":"Flex+1","floor":28},{"not_picked":["Pummel","Battle Trance"],"picked":"Heavy Blade+1","floor":29},{"not_picked":["Bloodletting+1","Cleave"],"picked":"True Grit+1","floor":31},{"not_picked":["Impervious+1","Feed"],"picked":"Double Tap+1","floor":33},{"not_picked":["Pummel+1","Clash+1","Flex+1"],"picked":"SKIP","floor":35},{"not_picked":["Clash+1","Flex+1"],"picked":"Pummel+1","floor":35},{"not_picked":["Entrench+1","Pummel","Combust+1"],"picked":"SKIP","floor":37},{"not_picked":["Warcry+1","Infernal Blade+1"],"picked":"Shrug It Off+1","floor":38},{"not_picked":["Sword Boomerang","Rupture+1"],"picked":"Uppercut+1","floor":40},{"not_picked":["Bludgeon","Thunderclap","Combust+1"],"picked":"SKIP","floor":42},{"not_picked":["Jack Of All Trades+1","Madness+1"],"picked":"Violence+1","floor":44},{"not_picked":["Anger","Rupture+1"],"picked":"Juggernaut+1","floor":46},{"not_picked":["Dark Embrace+1","Thunderclap+1","Searing Blow+1"],"picked":"SKIP","floor":48}],"player_experience":5348,"relics_obtained":[{"floor":8,"key":"Dodecahedron"},{"floor":9,"key":"Oddly Smooth Stone"},{"floor":14,"key":"Potion Belt"},{"floor":25,"key":"Bottled Lightning"},{"floor":26,"key":"Anchor"},{"floor":27,"key":"Frozen Egg 2"},{"floor":29,"key":"Regal Pillow"},{"floor":38,"key":"Incense Burner"},{"floor":40,"key":"Self Forming Clay"},{"floor":40,"key":"Vajra"},{"floor":41,"key":"Thread and Needle"},{"floor":42,"key":"Pen Nib"},{"floor":42,"key":"MawBank"},{"floor":43,"key":"Bag of Marbles"},{"floor":46,"key":"Molten Egg 2"},{"floor":46,"key":"Bottled Tornado"},{"floor":48,"key":"Shuriken"},{"floor":48,"key":"PreservedInsect"}],"event_choices":[{"damage_healed":0,"gold_gain":175,"player_choice":"AGREE","damage_taken":0,"max_hp_gain":0,"max_hp_loss":0,"event_name":"Liars Game","floor":3,"gold_loss":0,"cards_obtained":["Doubt"]},{"cards_removed":["Doubt"],"damage_healed":0,"gold_gain":0,"player_choice":"Forget","damage_taken":0,"max_hp_gain":0,"max_hp_loss":0,"event_name":"Living Wall","floor":13,"gold_loss":0},{"damage_healed":0,"gold_gain":0,"player_choice":"Read","damage_taken":0,"max_hp_gain":0,"max_hp_loss":0,"event_name":"The Library","floor":19,"gold_loss":0,"cards_obtained":["Dual Wield"]},{"damage_healed":0,"gold_gain":0,"player_choice":"Opened","damage_taken":0,"relics_obtained":["Mercury Hourglass"],"max_hp_gain":0,"max_hp_loss":0,"event_name":"The Mausoleum","floor":20,"gold_loss":0},{"damage_healed":0,"gold_gain":0,"player_choice":"Rummage","damage_taken":0,"relics_obtained":["WarpedTongs"],"max_hp_gain":0,"max_hp_loss":0,"event_name":"Accursed Blacksmith","floor":21,"gold_loss":0,"cards_obtained":["Pain"]},{"damage_healed":0,"gold_gain":0,"player_choice":"Fight","damage_taken":0,"max_hp_gain":0,"max_hp_loss":0,"event_name":"MindBloom","floor":38,"gold_loss":0},{"damage_healed":20,"gold_gain":0,"player_choice":"Writhe","damage_taken":0,"max_hp_gain":0,"max_hp_loss":0,"event_name":"Winding Halls","floor":39,"gold_loss":0,"cards_obtained":["Writhe"]},{"damage_healed":0,"gold_gain":0,"player_choice":"Fight","damage_taken":0,"max_hp_gain":0,"max_hp_loss":0,"event_name":"Mysterious Sphere","floor":41,"gold_loss":0},{"damage_healed":0,"gold_gain":0,"player_choice":"Memory 2","damage_taken":5,"max_hp_gain":0,"max_hp_loss":0,"event_name":"SensoryStone","floor":44,"gold_loss":0}],"is_beta":false,"boss_relics":[{"not_picked":["Coffee Dripper","Fusion Hammer"],"picked":"Velvet Choker"},{"not_picked":["Black Blood","Sozu"],"picked":"Black Star"}],"items_purged_floors":[22,45],"is_endless":false,"potions_floor_spawned":[7,8,10,14,16,18,27,29,31,40,42,46,48],"ascension_level":1}