{"gold_per_floor":[219,494,514,524,524,557,732,732,758,770,808,820,374,386,386,487,487,497,497],"floor_reached":19,"playtime":1097,"items_purged":["Regret"],"score":184,"play_id":"0db1ecf9-ee5c-4c14-903f-120fc62007b3","local_time":"20190220232420","is_ascension_mode":true,"campfire_choices":[{"floor":10,"key":"REST"},{"data":"True Grit","floor":12,"key":"SMITH"},{"data":"Magnetism","floor":15,"key":"SMITH"}],"neow_cost":"NONE","seed_source_timestamp":326188785139143,"circlet_count":0,"master_deck":["Strike_R","Strike_R","Strike_R","Strike_R","Strike_R","Defend_R","Defend_R","Defend_R","Defend_R","Bash","Corruption","Cleave","Warcry","True Grit+1","Doubt","Fiend Fire","Magnetism","Magnetism+1","Headbutt","Dark Embrace","Shrug It Off"],"relics":["Burning Blood","Bag of Marbles","Anchor","MawBank","PreservedInsect","DollysMirror","Black Star"],"potions_floor_usage":[6,6,11,18],"damage_taken":[{"damage":1,"enemies":"Jaw Worm","floor":1,"turns":5},{"damage":13,"enemies":"Cultist","floor":3,"turns":4},{"damage":6,"enemies":"2 Louse","floor":4,"turns":3},{"damage":23,"enemies":"Gremlin Nob","floor":6,"turns":4},{"damage":34,"enemies":"3 Sentries","floor":11,"turns":8},{"damage":0,"enemies":"2 Fungi Beasts","floor":14,"turns":2},{"damage":42,"enemies":"Hexaghost","floor":16,"turns":7},{"damage":38,"enemies":"3 Byrds","floor":18,"turns":7},{"damage":58,"enemies":"Masked Bandits","floor":19,"turns":5}],"seed_played":"8496002624979464667","potions_obtained":[{"floor":1,"key":"Weak Potion"},{"floor":4,"key":"FearPotion"},{"floor":6,"key":"BloodPotion"},{"floor":16,"key":"Poison Potion"}],"is_trial":false,"path_per_floor":["M","?","M","M","?","E","?","?","T","R","E","R","$","M","R","B",null,"M","?"],"character_chosen":"IRONCLAD","items_purchased":["Magnetism","DollysMirror"],"campfire_rested":1,"item_purchase_floors":[13,13],"current_hp_per_floor":[80,80,73,73,78,61,61,58,58,83,63,63,63,69,69,33,85,53,0],"gold":497,"neow_bonus":"HUNDRED_GOLD","is_prod":false,"is_daily":false,"chose_seed":false,"campfire_upgraded":2,"win_rate":1,"timestamp":1550672660,"path_taken":["M","?","?","M","?","E","?","?","T","R","E","R","$","M","R","BOSS","M","?"],"build_version":"2019-01-23","purchased_purges":1,"victory":false,"max_hp_per_floor":[80,80,80,80,85,85,85,85,85,85,85,85,85,85,85,85,85,85,85],"card_choices":[{"not_picked":["Intimidate","Reckless Charge"],"picked":"Corruption","floor":1},{"not_picked":["Rupture","Combust"],"picked":"Cleave","floor":3},{"not_picked":["Dropkick","True Grit"],"picked":"Warcry","floor":4},{"not_picked":["Warcry","Clothesline"],"picked":"True Grit","floor":6},{"not_picked":["Sword Boomerang","Heavy Blade"],"picked":"Fiend Fire","floor":11},{"not_picked":["Twin Strike","Carnage"],"picked":"Headbutt","floor":14},{"not_picked":["Juggernaut","Demon Form"],"picked":"Dark Embrace","floor":16},{"not_picked":["True Grit","Clash"],"picked":"Shrug It Off","floor":18}],"player_experience":3044,"relics_obtained":[{"floor":6,"key":"Bag of Marbles"},{"floor":9,"key":"MawBank"},{"floor":11,"key":"PreservedInsect"}],"event_choices":[{"damage_healed":0,"gold_gain":275,"player_choice":"Desecrate","damage_taken":0,"max_hp_gain":0,"max_hp_loss":0,"event_name":"Golden Shrine","floor":2,"gold_loss":0,"cards_obtained":["Regret"]},{"damage_healed":0,"gold_gain":0,"player_choice":"Donut","damage_taken":0,"max_hp_gain":5,"max_hp_loss":0,"event_name":"Big Fish","floor":5,"gold_loss":0},{"damage_healed":0,"gold_gain":175,"player_choice":"AGREE","damage_taken":0,"max_hp_gain":0,"max_hp_loss":0,"event_name":"Liars Game","floor":7,"gold_loss":0,"cards_obtained":["Doubt"]},{"damage_healed":0,"gold_gain":0,"player_choice":"Success","damage_taken":3,"relics_obtained":["Anchor"],"max_hp_gain":0,"max_hp_loss":0,"event_name":"Scrap Ooze","floor":8,"gold_loss":0},{"damage_healed":0,"gold_gain":0,"player_choice":"Fought Bandits","damage_taken":0,"max_hp_gain":0,"max_hp_loss":0,"event_name":"Masked Bandits","floor":19,"gold_loss":0}],"is_beta":false,"boss_relics":[{"not_picked":["Runic Cube","Snecko Eye"],"picked":"Black Star"}],"items_purged_floors":[13],"is_endless":false,"potions_floor_spawned":[1,4,6,16],"killed_by":"Masked Bandits","ascension_level":1}