{"gold_per_floor":[114,114,114,131,151,151,151,151,178,178,193,118,118,193,193,291,291,308,308,308,308,208,208,208],"floor_reached":24,"playtime":7486,"items_purged":["Strike_R","Defend_R"],"score":198,"play_id":"9ed2d5de-ac3e-4830-b37a-0ce34cc05293","local_time":"20181116191431","is_ascension_mode":true,"campfire_choices":[{"data":"Disarm","floor":6,"key":"SMITH"},{"data":"Flame Barrier","floor":8,"key":"SMITH"},{"data":"Defend_R","floor":10,"key":"SMITH"},{"data":"Defend_R","floor":13,"key":"SMITH"},{"floor":15,"key":"REST"},{"data":"Battle Trance","floor":23,"key":"SMITH"}],"neow_cost":"NONE","seed_source_timestamp":174065507986334,"circlet_count":0,"master_deck":["Strike_R","Strike_R","Strike_R","Defend_R","Defend_R+1","Defend_R+1","Flame Barrier+1","Disarm+1","Battle Trance+1"],"relics":["Lizard Tail","Ancient Tea Set","Runic Pyramid","MutagenicStrength"],"potions_floor_usage":[16],"damage_taken":[{"damage":0,"enemies":"Small Slimes","floor":1,"turns":3},{"damage":1,"enemies":"Cultist","floor":4,"turns":6},{"damage":8,"enemies":"Jaw Worm","floor":5,"turns":7},{"damage":5,"enemies":"2 Fungi Beasts","floor":11,"turns":6},{"damage":40,"enemies":"The Guardian","floor":16,"turns":24},{"damage":3,"enemies":"Chosen","floor":18,"turns":8},{"damage":120,"enemies":"Slavers","floor":24,"turns":11}],"seed_played":"2503458222356444711","potions_obtained":[{"floor":5,"key":"BloodPotion"},{"floor":16,"key":"Energy Potion"},{"floor":18,"key":"FearPotion"}],"is_trial":false,"path_per_floor":["M","?","$","M","M","R","?","R","T","R","M","$","R","?","R","B",null,"M","?","?","?","$","R","E"],"character_chosen":"IRONCLAD","items_purchased":[],"campfire_rested":1,"item_purchase_floors":[],"current_hp_per_floor":[80,80,80,79,71,71,71,71,71,71,66,66,66,55,79,47,80,77,77,77,77,77,77,0],"gold":208,"neow_bonus":"BOSS_RELIC","is_prod":false,"is_daily":false,"chose_seed":false,"campfire_upgraded":5,"win_rate":0,"timestamp":1542417271,"path_taken":["M","?","?","M","M","R","?","R","T","R","?","$","R","?","R","BOSS","M","?","?","?","?","R","E"],"build_version":"2018-11-15","purchased_purges":2,"victory":false,"max_hp_per_floor":[80,80,80,80,80,80,80,80,80,80,80,80,80,80,80,80,80,80,80,80,80,80,80,80],"card_choices":[{"not_picked":["Cleave","Shrug It Off"],"picked":"Flame Barrier","floor":1},{"not_picked":["Flex","Iron Wave"],"picked":"Disarm","floor":4},{"not_picked":["Armaments","Cleave","Iron Wave"],"picked":"SKIP","floor":5},{"not_picked":["Clash","Anger","Pummel"],"picked":"SKIP","floor":11},{"not_picked":["Rampage","True Grit"],"picked":"Battle Trance","floor":18}],"player_experience":247746,"relics_obtained":[{"floor":9,"key":"Ancient Tea Set"}],"event_choices":[{"cards_removed":["Bash"],"damage_healed":0,"gold_gain":0,"player_choice":"Card Removal","damage_taken":0,"max_hp_gain":0,"max_hp_loss":0,"event_name":"Wheel of Change","floor":2,"gold_loss":0},{"cards_removed":["Strike_R"],"damage_healed":0,"gold_gain":0,"player_choice":"Offered Basic","damage_taken":0,"max_hp_gain":0,"max_hp_loss":0,"event_name":"Bonfire Elementals","floor":7,"gold_loss":0},{"damage_healed":0,"gold_gain":75,"player_choice":"Gather Gold","damage_taken":11,"max_hp_gain":0,"max_hp_loss":0,"event_name":"World of Goop","floor":14,"gold_loss":0},{"damage_healed":0,"gold_gain":0,"player_choice":"Ignored","damage_taken":0,"max_hp_gain":0,"max_hp_loss":0,"event_name":"Vampires","floor":19,"gold_loss":0},{"damage_healed":0,"gold_gain":0,"player_choice":"Inject Mutagens","damage_taken":0,"relics_obtained":["MutagenicStrength"],"max_hp_gain":0,"max_hp_loss":0,"event_name":"Drug Dealer","floor":20,"gold_loss":0},{"damage_healed":0,"gold_gain":0,"player_choice":"Ignored","damage_taken":0,"max_hp_gain":0,"max_hp_loss":0,"event_name":"Ghosts","floor":21,"gold_loss":0}],"is_beta":false,"boss_relics":[{"not_picked":["White Beast Statue","Runic Dome"],"picked":"Runic Pyramid"}],"items_purged_floors":[12,22],"is_endless":false,"potions_floor_spawned":[5,16,18],"killed_by":"Slavers","ascension_level":2}