{"gold_per_floor":[110,110,128,29,29,29,60,135,135,135,161,161,111,139,139,237,237,237,64,64,64,64,64,64,64,64,64,0,0,0,0,0,0],"floor_reached":33,"playtime":3406,"items_purged":["Strike_B","Strike_B","Strike_B"],"score":296,"play_id":"d84bba91-c166-4411-9176-9331f5bee682","local_time":"20181025164059","is_ascension_mode":true,"campfire_choices":[{"data":"Beam Cell","floor":6.0,"key":"SMITH"},{"floor":10.0,"key":"REST"},{"data":"Zap","floor":12.0,"key":"SMITH"},{"data":"Conserve Battery","floor":15.0,"key":"SMITH"},{"data":"Echo Form","floor":23.0,"key":"SMITH"},{"floor":25.0,"key":"REST"},{"data":"Consume","floor":27.0,"key":"SMITH"},{"floor":32.0,"key":"REST"}],"neow_cost":"NONE","seed_source_timestamp":24229847864433,"circlet_count":0,"master_deck":["Strike_B","Defend_B","Defend_B","Defend_B","Defend_B+1","Zap+1","Dualcast+1","Ball Lightning","Ball Lightning","Beam Cell+1","Conserve Battery+1","Consume+1","Echo Form+1","Coolheaded","Capacitor","Leap+1","Cold Snap","Go for the Eyes","Seek","Self Repair"],"special_seed":0,"relics":["Cracked Core","Lantern","Regal Pillow","Meat on the Bone","Smiling Mask","Boot","Ectoplasm","Potion Belt","War Paint"],"potions_floor_usage":[],"damage_taken":[{"damage":7.0,"enemies":"Jaw Worm","floor":1.0,"turns":2.0},{"damage":3.0,"enemies":"Small Slimes","floor":3.0,"turns":2.0},{"damage":21.0,"enemies":"Lagavulin","floor":7.0,"turns":4.0},{"damage":1.0,"enemies":"Gremlin Nob","floor":14.0,"turns":3.0},{"damage":32.0,"enemies":"Hexaghost","floor":16.0,"turns":7.0},{"damage":0.0,"enemies":"Chosen","floor":18.0,"turns":4.0},{"damage":3.0,"enemies":"Shell Parasite","floor":20.0,"turns":5.0},{"damage":22.0,"enemies":"Snake Plant","floor":21.0,"turns":5.0},{"damage":19.0,"enemies":"Centurion and Healer","floor":24.0,"turns":8.0},{"damage":51.0,"enemies":"Slavers","floor":30.0,"turns":5.0},{"damage":16.0,"enemies":"3 Cultists","floor":31.0,"turns":6.0},{"damage":76,"enemies":"Collector","floor":33,"turns":10}],"seed_played":"4663863842047565487","potions_obtained":[{"floor":1.0,"key":"SteroidPotion"},{"floor":7.0,"key":"AttackPotion"},{"floor":14.0,"key":"Strength Potion"},{"floor":18.0,"key":"Regen Potion"},{"floor":31.0,"key":"SteroidPotion"}],"is_trial":false,"path_per_floor":["M","?","M","$","?","R","E","?","T","R","T","R","$","E","R","B",null,"M","$","M","M","?","R","M","R","T","R","?","?","E","M","R"],"character_chosen":"DEFECT","items_purchased":["Beam Cell","Capacitor","Leap"],"campfire_rested":3,"item_purchase_floors":[4,19,19],"current_hp_per_floor":[68,68,65,65,65,65,44,33,33,70,70,70,70,69,69,49,75,75,75,72,50,50,50,46,75,75,75,75,75,36,32,69,0],"gold":0,"neow_bonus":"RANDOM_COMMON_RELIC","is_prod":false,"is_daily":false,"chose_seed":false,"campfire_upgraded":5,"win_rate":0,"timestamp":1540510859,"path_taken":["M","?","?","$","?","R","E","?","T","R","?","R","$","E","R","BOSS","M","$","M","M","?","R","M","R","T","R","?","?","E","M","R","BOSS"],"build_version":"2018-10-18","purchased_purges":3,"victory":false,"max_hp_per_floor":[75,75,75,75,75,75,75,75,75,75,75,75,75,75,75,75,75,75,75,75,75,75,75,75,75,75,75,75,75,75,75,75,75],"card_choices":[{"not_picked":["Skim","Coolheaded"],"picked":"Ball Lightning","floor":1.0},{"not_picked":["Hello World","Chaos"],"picked":"Ball Lightning","floor":3.0},{"not_picked":["Streamline","Beam Cell"],"picked":"Conserve Battery","floor":7.0},{"not_picked":["Turbo","Stack"],"picked":"Consume","floor":14.0},{"not_picked":["Amplify","Seek"],"picked":"Echo Form","floor":16.0},{"not_picked":["Rebound","Barrage"],"picked":"Coolheaded","floor":18.0},{"not_picked":["White Noise","Double Energy"],"picked":"Cold Snap","floor":20.0},{"not_picked":["Beam Cell","Lockon"],"picked":"Go for the Eyes","floor":21.0},{"not_picked":["Cold Snap","Compile Driver"],"picked":"Seek","floor":24.0},{"not_picked":["Rip and Tear+1","Sunder","Steam"],"picked":"SKIP","floor":30.0},{"not_picked":["Turbo","Barrage"],"picked":"Self Repair","floor":31.0}],"player_experience":280829,"relics_obtained":[{"floor":7.0,"key":"Regal Pillow"},{"floor":9.0,"key":"Meat on the Bone"},{"floor":11.0,"key":"Smiling Mask"},{"floor":14.0,"key":"Boot"},{"floor":26.0,"key":"Potion Belt"},{"floor":30.0,"key":"War Paint"}],"event_choices":[{"damage_healed":0.0,"max_hp_gain":0.0,"max_hp_loss":0.0,"gold_gain":0.0,"event_name":"Living Wall","player_choice":"Grow","floor":2.0,"gold_loss":0.0,"damage_taken":0.0,"cards_upgraded":["Dualcast"]},{"damage_healed":0.0,"max_hp_gain":0.0,"max_hp_loss":0.0,"gold_gain":0.0,"event_name":"Golden Idol","player_choice":"Ignored","floor":5.0,"gold_loss":0.0,"damage_taken":0.0},{"damage_healed":0.0,"max_hp_gain":0.0,"max_hp_loss":0.0,"gold_gain":75.0,"event_name":"World of Goop","player_choice":"Gather Gold","floor":8.0,"gold_loss":0.0,"damage_taken":11.0},{"damage_healed":0.0,"max_hp_gain":0.0,"max_hp_loss":0.0,"gold_gain":0.0,"event_name":"N\u0027loth","player_choice":"Ignored","floor":22.0,"gold_loss":0.0,"damage_taken":0.0},{"damage_healed":0.0,"max_hp_gain":0.0,"max_hp_loss":0.0,"gold_gain":0.0,"event_name":"Masked Bandits","player_choice":"Paid Fearfully","floor":28.0,"gold_loss":64.0,"damage_taken":0.0},{"damage_healed":0.0,"max_hp_gain":0.0,"max_hp_loss":0.0,"gold_gain":0.0,"event_name":"Beggar","player_choice":"Ignored","floor":29.0,"gold_loss":0.0,"damage_taken":0.0}],"is_beta":false,"boss_relics":[{"not_picked":["Inserter","FrozenCore"],"picked":"Ectoplasm"}],"items_purged_floors":[4,13,19],"is_endless":false,"potions_floor_spawned":[1,7,14,18,31],"killed_by":"Collector","ascension_level":2}