{"gold_per_floor":[109,122,53,69,69,69,69,83,138,157,127,146,174,174,174,174],"floor_reached":16,"playtime":1446,"items_purged":[],"score":107,"play_id":"de5cc00b-4d43-408c-b4f1-f0c775e911a6","local_time":"20190206045555","is_ascension_mode":true,"campfire_choices":[{"floor":6.0,"key":"RECALL"},{"floor":15,"key":"REST"}],"neow_cost":"NONE","seed_source_timestamp":0,"circlet_count":0,"master_deck":["Defend_G","Defend_G","Defend_G","Defend_G","Defend_G","Strike_G","Strike_G","Strike_G","Strike_G","Survivor","Neutralize","Backflip","Terror","Corpse Explosion","Caltrops","Poisoned Stab","Underhanded Strike","Outmaneuver"],"special_seed":0,"relics":["Ring of the Snake","Bag of Marbles","Tiny Chest","Happy Flower"],"potions_floor_usage":[13],"damage_taken":[{"damage":0.0,"enemies":"Jaw Worm","floor":1.0,"turns":4.0},{"damage":0.0,"enemies":"2 Louse","floor":2.0,"turns":3.0},{"damage":1.0,"enemies":"Cultist","floor":4.0,"turns":4.0},{"damage":7.0,"enemies":"Exordium Thugs","floor":8.0,"turns":3.0},{"damage":0.0,"enemies":"2 Fungi Beasts","floor":10.0,"turns":2.0},{"damage":3.0,"enemies":"Gremlin Gang","floor":12.0,"turns":3.0},{"damage":17,"enemies":"Gremlin Nob","floor":13,"turns":4},{"damage":54,"enemies":"Slime Boss","floor":16,"turns":5}],"seed_played":"8215884102350739437","potions_obtained":[{"floor":4.0,"key":"AttackPotion"},{"floor":8.0,"key":"Strength Potion"},{"floor":11.0,"key":"SpeedPotion"},{"floor":11.0,"key":"Fruit Juice"},{"floor":13,"key":"Energy Potion"}],"is_trial":false,"path_per_floor":["M","M","$","M","?","R","$","M","T","M","?","M","E","T","R","B"],"character_chosen":"THE_SILENT","items_purchased":["Corpse Explosion"],"campfire_rested":1,"item_purchase_floors":[3],"current_hp_per_floor":[70,70,70,69,51,51,51,44,44,44,49,46,29,29,51,0],"gold":174,"neow_bonus":"REMOVE_CARD","is_prod":false,"is_daily":false,"chose_seed":false,"campfire_upgraded":0,"win_rate":0,"timestamp":1549425355,"path_taken":["M","M","$","M","?","R","$","M","T","M","?","?","E","?","R","BOSS"],"build_version":"2019-01-23","purchased_purges":0,"victory":false,"max_hp_per_floor":[70,70,70,70,70,70,70,70,70,70,75,75,75,75,75,75],"card_choices":[{"not_picked":["Footwork","Flechettes"],"picked":"Backflip","floor":1.0},{"not_picked":["Outmaneuver","Flechettes"],"picked":"Terror","floor":2.0},{"not_picked":["Acrobatics","Leg Sweep"],"picked":"Caltrops","floor":4.0},{"not_picked":["Prepared","Tactician"],"picked":"Poisoned Stab","floor":8.0},{"not_picked":["Dagger Spray","Flying Knee","Distraction"],"picked":"SKIP","floor":10.0},{"not_picked":["Expertise","Slice"],"picked":"Underhanded Strike","floor":12.0},{"not_picked":["Prepared","Eviscerate"],"picked":"Outmaneuver","floor":13}],"player_experience":134884,"relics_obtained":[{"floor":9.0,"key":"Tiny Chest"},{"floor":13,"key":"Happy Flower"}],"event_choices":[{"damage_healed":0.0,"max_hp_gain":0.0,"max_hp_loss":0.0,"gold_gain":0.0,"event_name":"Scrap Ooze","player_choice":"Success","floor":5.0,"gold_loss":0.0,"damage_taken":18.0,"relics_obtained":["Bag of Marbles"]},{"damage_healed":0.0,"max_hp_gain":0.0,"max_hp_loss":0.0,"gold_gain":0.0,"event_name":"The Woman in Blue","player_choice":"Bought 2 Potions","floor":11.0,"gold_loss":0.0,"damage_taken":0.0}],"is_beta":false,"boss_relics":[],"items_purged_floors":[],"is_endless":false,"potions_floor_spawned":[4,8,13],"killed_by":"Slime Boss","ascension_level":1}