{"gold_per_floor":[118,118,118,118,141,184,197,235,235,235,235,256,256,289,289,379,379,397,413,432,59,59,59,78,122,161,173,224,255,267],"floor_reached":30,"playtime":1150,"items_purged":[],"score":626,"play_id":"c7a2da37-8141-4077-a03b-8d0ddb8429c0","local_time":"20190226180339","is_ascension_mode":true,"campfire_choices":[{"data":"Sunder","floor":11.0,"key":"SMITH"},{"data":"Chill","floor":13.0,"key":"SMITH"},{"data":"Genetic Algorithm","floor":15.0,"key":"SMITH"},{"floor":23.0,"key":"REST"}],"neow_cost":"NONE","seed_source_timestamp":23437116957857,"circlet_count":0,"master_deck":["AscendersBane","Strike_B","Strike_B","Strike_B","Defend_B","Defend_B","Defend_B","Defend_B","Zap","Dualcast","Defragment+1","Coolheaded","Conserve Battery","Sunder+1","Chill+1","Genetic Algorithm+1","Echo Form","Rebound+1"],"special_seed":0,"relics":["Cracked Core","NeowsBlessing","Golden Idol","Mercury Hourglass","Torii","Ginger","Bronze Scales","Busted Crown","Lantern","ClockworkSouvenir","MawBank","Bottled Flame"],"potions_floor_usage":[27],"damage_taken":[{"damage":0.0,"enemies":"2 Louse","floor":1.0,"turns":1.0},{"damage":0.0,"enemies":"Jaw Worm","floor":5.0,"turns":1.0},{"damage":0.0,"enemies":"Gremlin Nob","floor":6.0,"turns":1.0},{"damage":0.0,"enemies":"Small Slimes","floor":7.0,"turns":3.0},{"damage":8.0,"enemies":"3 Sentries","floor":8.0,"turns":5.0},{"damage":0.0,"enemies":"Exordium Wildlife","floor":12.0,"turns":3.0},{"damage":1.0,"enemies":"Lagavulin","floor":14.0,"turns":5.0},{"damage":39.0,"enemies":"Slime Boss","floor":16.0,"turns":11.0},{"damage":1.0,"enemies":"Spheric Guardian","floor":18.0,"turns":5.0},{"damage":1.0,"enemies":"2 Thieves","floor":19.0,"turns":4.0},{"damage":1.0,"enemies":"Snecko","floor":20.0,"turns":4.0},{"damage":2.0,"enemies":"Centurion and Healer","floor":24.0,"turns":6.0},{"damage":8.0,"enemies":"Slavers","floor":25.0,"turns":2.0},{"damage":9,"enemies":"Colosseum Slavers","floor":27,"turns":3},{"damage":29,"enemies":"Book of Stabbing","floor":28,"turns":5},{"damage":1,"enemies":"Sentry and Sphere","floor":29,"turns":5},{"damage":23,"enemies":"Gremlin Leader","floor":30,"turns":2}],"seed_played":"-3818173624372095372","potions_obtained":[{"floor":1.0,"key":"GamblersBrew"},{"floor":7.0,"key":"Energy Potion"},{"floor":14.0,"key":"PowerPotion"},{"floor":16.0,"key":"SkillPotion"},{"floor":19.0,"key":"Ancient Potion"},{"floor":24.0,"key":"Strength Potion"},{"floor":25.0,"key":"FearPotion"}],"is_trial":false,"path_per_floor":["M","?","?","?","M","E","M","E","T","$","R","M","R","E","R","B",null,"M","M","M","$","?","R","M","E","T","?","E","M","E"],"character_chosen":"DEFECT","items_purchased":["Lantern","ClockworkSouvenir"],"campfire_rested":1,"item_purchase_floors":[21,21],"current_hp_per_floor":[64,57,57,57,57,57,57,49,49,49,49,49,49,48,48,9,50,49,48,47,47,47,64,62,54,54,45,16,15,0],"gold":267,"neow_bonus":"THREE_ENEMY_KILL","is_prod":false,"is_daily":false,"chose_seed":false,"campfire_upgraded":3,"win_rate":0,"timestamp":1551200619,"path_taken":["M","?","?","?","M","E","M","E","T","?","R","M","R","E","R","BOSS","M","M","M","$","?","R","M","E","T","?","E","M","E"],"build_version":"2019-02-06","purchased_purges":0,"victory":false,"max_hp_per_floor":[71,71,64,64,64,64,64,64,64,64,64,64,64,64,64,64,64,64,64,64,64,64,64,64,64,64,64,64,64,64],"card_choices":[{"not_picked":["Genetic Algorithm","Streamline"],"picked":"Defragment","floor":1.0},{"not_picked":["Lockon","Rip and Tear"],"picked":"Coolheaded","floor":5.0},{"not_picked":["BootSequence","Turbo"],"picked":"Conserve Battery","floor":6.0},{"not_picked":["Stack","Compile Driver"],"picked":"Sunder","floor":7.0},{"not_picked":["Heatsinks","Thunder Strike"],"picked":"Chill","floor":8.0},{"not_picked":["Fusion","Compile Driver","Stack"],"picked":"SKIP","floor":12.0},{"not_picked":["Go for the Eyes","Hologram"],"picked":"Genetic Algorithm","floor":14.0},{"not_picked":["Meteor Strike","Machine Learning"],"picked":"Echo Form","floor":16.0},{"not_picked":["Skim"],"picked":"SKIP","floor":18.0},{"not_picked":["Sunder"],"picked":"SKIP","floor":19.0},{"not_picked":["Leap"],"picked":"SKIP","floor":20.0},{"not_picked":[],"picked":"Rebound+1","floor":24.0},{"not_picked":["Stack"],"picked":"SKIP","floor":25.0},{"not_picked":["Cold Snap"],"picked":"SKIP","floor":28},{"not_picked":["Barrage"],"picked":"SKIP","floor":29}],"player_experience":954497,"relics_obtained":[{"floor":6.0,"key":"Mercury Hourglass"},{"floor":8.0,"key":"Torii"},{"floor":9.0,"key":"Ginger"},{"floor":14.0,"key":"Bronze Scales"},{"floor":25.0,"key":"MawBank"},{"floor":28,"key":"Bottled Flame"}],"event_choices":[{"cards_removed":["Strike_B"],"damage_healed":0.0,"max_hp_gain":0.0,"max_hp_loss":0.0,"gold_gain":0.0,"event_name":"Golden Wing","player_choice":"Card Removal","floor":2.0,"gold_loss":0.0,"damage_taken":7.0},{"damage_healed":0.0,"max_hp_gain":0.0,"max_hp_loss":7.0,"gold_gain":0.0,"event_name":"Golden Idol","player_choice":"Lose Max HP","floor":3.0,"gold_loss":0.0,"damage_taken":0.0,"relics_obtained":["Golden Idol"]},{"damage_healed":0.0,"max_hp_gain":0.0,"max_hp_loss":0.0,"gold_gain":0.0,"event_name":"Living Wall","player_choice":"Grow","floor":4.0,"gold_loss":0.0,"damage_taken":0.0,"cards_upgraded":["Defragment"]},{"damage_healed":0.0,"max_hp_gain":0.0,"max_hp_loss":0.0,"gold_gain":0.0,"event_name":"Vampires","player_choice":"Ignored","floor":22.0,"gold_loss":0.0,"damage_taken":0.0},{"damage_healed":0,"gold_gain":0,"player_choice":"Fight","damage_taken":0,"max_hp_gain":0,"max_hp_loss":0,"event_name":"Colosseum","floor":27,"gold_loss":0},{"damage_healed":0,"gold_gain":0,"player_choice":"Fled From Nobs","damage_taken":0,"max_hp_gain":0,"max_hp_loss":0,"event_name":"Colosseum","floor":27,"gold_loss":0}],"is_beta":true,"boss_relics":[{"not_picked":["Coffee Dripper","Astrolabe"],"picked":"Busted Crown"}],"items_purged_floors":[],"is_endless":false,"potions_floor_spawned":[1,7,14,16,19,24,25],"killed_by":"Gremlin Leader","ascension_level":20}