{"gold_per_floor":[110,110,134,145,70,70,99,99,169,187,187,213,291,304,304,377,377,396,396,2,12,32,32,51,51,100,100,128,141,141,152,152,152],"floor_reached":33,"playtime":33655,"items_purged":["Pain"],"score":600,"play_id":"b5e8fb9d-ac35-4306-9883-5f1db952da53","local_time":"20190228185717","is_ascension_mode":true,"campfire_choices":[{"data":"Neutralize","floor":6.0,"key":"SMITH"},{"data":"Dagger Spray","floor":8.0,"key":"SMITH"},{"data":"Quick Slash","floor":11.0,"key":"SMITH"},{"data":"Cloak And Dagger","floor":15.0,"key":"SMITH"},{"floor":23.0,"key":"REST"},{"floor":25.0,"key":"REST"},{"floor":27.0,"key":"REST"},{"floor":30.0,"key":"REST"},{"floor":32.0,"key":"REST"}],"neow_cost":"NONE","seed_source_timestamp":0,"circlet_count":0,"master_deck":["AscendersBane","Defend_G","Defend_G","Defend_G","Defend_G","Defend_G","Strike_G","Strike_G","Strike_G","Strike_G","Survivor","Neutralize+1","Quick Slash+1","Deadly Poison","Dagger Spray+1","Cloak And Dagger+1","Cloak And Dagger","PiercingWail","Corpse Explosion","Footwork","Blur+1","Backflip","Crippling Poison","Deadly Poison"],"special_seed":0,"relics":["Ring of the Snake","NeowsBlessing","Bag of Marbles","Juzu Bracelet","Ornamental Fan","Tough Bandages","Black Star","WarpedTongs","Paper Crane","Lantern","Pen Nib","Snake Skull"],"potions_floor_usage":[],"damage_taken":[{"damage":0.0,"enemies":"2 Louse","floor":1.0,"turns":1.0},{"damage":0.0,"enemies":"Jaw Worm","floor":4.0,"turns":1.0},{"damage":0.0,"enemies":"Lagavulin","floor":7.0,"turns":1.0},{"damage":0.0,"enemies":"Cultist","floor":10.0,"turns":3.0},{"damage":12.0,"enemies":"3 Sentries","floor":12.0,"turns":7.0},{"damage":0.0,"enemies":"Exordium Wildlife","floor":14.0,"turns":2.0},{"damage":44.0,"enemies":"Slime Boss","floor":16.0,"turns":13.0},{"damage":32.0,"enemies":"2 Thieves","floor":18.0,"turns":4.0},{"damage":8.0,"enemies":"Shell Parasite","floor":21.0,"turns":11.0},{"damage":0.0,"enemies":"Snake Plant","floor":22.0,"turns":7.0},{"damage":28.0,"enemies":"Cultist and Chosen","floor":24.0,"turns":9.0},{"damage":51.0,"enemies":"Book of Stabbing","floor":28.0,"turns":9.0},{"damage":0.0,"enemies":"Centurion and Healer","floor":29.0,"turns":6.0},{"damage":11.0,"enemies":"Snecko","floor":31.0,"turns":5.0},{"damage":33,"enemies":"Collector","floor":33,"turns":5}],"seed_played":"7816174523729933641","potions_obtained":[{"floor":4.0,"key":"Fire Potion"},{"floor":7.0,"key":"Block Potion"},{"floor":18.0,"key":"SpeedPotion"},{"floor":22.0,"key":"Regen Potion"},{"floor":24.0,"key":"GamblersBrew"}],"is_trial":false,"path_per_floor":["M","?","T","M","?","R","E","R","T","M","R","E","?","M","R","B",null,"M","?","$","M","M","R","M","R","T","R","E","M","R","M","R","B"],"character_chosen":"THE_SILENT","items_purchased":["Footwork","Paper Crane"],"campfire_rested":5,"item_purchase_floors":[20,20],"current_hp_per_floor":[59,59,59,59,59,59,59,59,59,59,59,47,47,47,47,3,50,18,18,18,10,10,29,16,35,35,54,3,3,22,11,30,0],"gold":152,"neow_bonus":"THREE_ENEMY_KILL","is_prod":false,"is_daily":false,"chose_seed":false,"campfire_upgraded":4,"win_rate":0,"timestamp":1551409037,"path_taken":["M","?","?","M","?","R","E","R","T","M","R","E","?","M","R","BOSS","M","?","$","M","M","R","M","R","T","R","E","M","R","M","R","BOSS"],"build_version":"2019-01-23","purchased_purges":1,"victory":false,"max_hp_per_floor":[66,66,66,66,66,66,66,66,66,66,66,66,66,66,66,66,66,66,66,66,66,66,66,66,66,66,66,66,66,66,66,66,66],"card_choices":[{"not_picked":["Dodge and Roll","Caltrops"],"picked":"Quick Slash","floor":1.0},{"not_picked":["Bane","Dodge and Roll"],"picked":"Deadly Poison","floor":4.0},{"not_picked":["Tactician","Leg Sweep"],"picked":"Dagger Spray","floor":7.0},{"not_picked":["Prepared","Calculated Gamble"],"picked":"Cloak And Dagger","floor":10.0},{"not_picked":["Sucker Punch","Deflect"],"picked":"Cloak And Dagger","floor":12.0},{"not_picked":["Deadly Poison","Poisoned Stab"],"picked":"PiercingWail","floor":14.0},{"not_picked":["Venomology","Storm of Steel"],"picked":"Corpse Explosion","floor":16.0},{"not_picked":["Flying Knee","Eviscerate","Predator"],"picked":"SKIP","floor":18.0},{"not_picked":["Concentrate","Slice","Caltrops"],"picked":"SKIP","floor":21.0},{"not_picked":["PiercingWail","Slice+1"],"picked":"Blur+1","floor":22.0},{"not_picked":["Dodge and Roll","Flying Knee"],"picked":"Backflip","floor":24.0},{"not_picked":["Concentrate","Bane"],"picked":"Crippling Poison","floor":28.0},{"not_picked":["Outmaneuver+1","Poisoned Stab"],"picked":"Deadly Poison","floor":29.0},{"not_picked":["Dagger Spray","Underhanded Strike+1","Flying Knee"],"picked":"SKIP","floor":31.0}],"player_experience":278883,"relics_obtained":[{"floor":3.0,"key":"Bag of Marbles"},{"floor":7.0,"key":"Juzu Bracelet"},{"floor":9.0,"key":"Ornamental Fan"},{"floor":12.0,"key":"Tough Bandages"},{"floor":26.0,"key":"Lantern"},{"floor":28.0,"key":"Pen Nib"},{"floor":28.0,"key":"Snake Skull"}],"event_choices":[{"damage_healed":0.0,"max_hp_gain":0.0,"max_hp_loss":0.0,"gold_gain":0.0,"event_name":"Liars Game","player_choice":"Ignored","floor":2.0,"gold_loss":0.0,"damage_taken":0.0},{"cards_removed":["Strike_G"],"damage_healed":0.0,"max_hp_gain":0.0,"max_hp_loss":0.0,"gold_gain":0.0,"event_name":"The Cleric","player_choice":"Card Removal","floor":5.0,"gold_loss":75.0,"damage_taken":0.0},{"damage_healed":0.0,"max_hp_gain":0.0,"max_hp_loss":0.0,"gold_gain":78.0,"event_name":"Golden Wing","player_choice":"Gained Gold","floor":13.0,"gold_loss":0.0,"damage_taken":0.0},{"damage_healed":0.0,"max_hp_gain":0.0,"max_hp_loss":0.0,"gold_gain":0.0,"event_name":"Accursed Blacksmith","player_choice":"Rummage","floor":19.0,"gold_loss":0.0,"damage_taken":0.0,"relics_obtained":["WarpedTongs"],"cards_obtained":["Pain"]}],"is_beta":false,"boss_relics":[{"not_picked":["Sozu","WristBlade"],"picked":"Black Star"}],"items_purged_floors":[20],"is_endless":false,"potions_floor_spawned":[4,7,10,18,22,24],"killed_by":"Collector","ascension_level":20}