{"gold_per_floor":[110,6,6,6,30,61,61,93,93,119,139,104,137,72,72,151,151,165,181,13,13,13],"floor_reached":22,"playtime":595,"items_purged":["Defend_B"],"score":503,"play_id":"0e8e5169-e6bf-4b54-adea-b69070bb5839","local_time":"20181216140625","is_ascension_mode":true,"campfire_choices":[{"data":"Gash","floor":7.0,"key":"SMITH"},{"data":"Defragment","floor":15.0,"key":"SMITH"}],"neow_cost":"NONE","seed_source_timestamp":22712794858143,"circlet_count":0,"master_deck":["AscendersBane","Strike_B","Strike_B","Strike_B","Defend_B","Defend_B","Defend_B","Zap","Dualcast","Auto Shields","Gash+1","Hologram","Ball Lightning","Reboot","Ball Lightning","Defragment+1","Thunder Strike","Lockon","Cold Snap","Cold Snap","Conserve Battery","Stack","Ball Lightning"],"special_seed":0,"relics":["Cracked Core","NeowsBlessing","Regal Pillow","Potion Belt","Pen Nib","Meat on the Bone","Turnip","Letter Opener","Matryoshka","Orrery","Happy Flower","Sundial","Bottled Flame"],"potions_floor_usage":[],"damage_taken":[{"damage":0.0,"enemies":"Cultist","floor":1.0,"turns":1.0},{"damage":0.0,"enemies":"Gremlin Nob","floor":6.0,"turns":1.0},{"damage":0.0,"enemies":"Lagavulin","floor":8.0,"turns":1.0},{"damage":12.0,"enemies":"Gremlin Nob","floor":10.0,"turns":3.0},{"damage":7.0,"enemies":"Small Slimes","floor":11.0,"turns":4.0},{"damage":10.0,"enemies":"3 Sentries","floor":13.0,"turns":4.0},{"damage":33.0,"enemies":"The Guardian","floor":16.0,"turns":9.0},{"damage":16.0,"enemies":"3 Byrds","floor":18.0,"turns":4.0},{"damage":13,"enemies":"2 Thieves","floor":19,"turns":4},{"damage":2,"enemies":"Cultist and Chosen","floor":22,"turns":3}],"seed_played":"-7002660905650132598","potions_obtained":[{"floor":1.0,"key":"SkillPotion"},{"floor":16.0,"key":"Ancient Potion"}],"is_trial":false,"path_per_floor":["M","$","$","?","T","E","R","E","T","E","M","?","E","?","R","B",null,"M","M","M","$","T","M"],"character_chosen":"DEFECT","items_purchased":["Gash","Happy Flower"],"campfire_rested":0,"item_purchase_floors":[2,20],"current_hp_per_floor":[64,64,64,57,57,57,57,57,57,45,38,55,45,45,45,24,59,43,42,42,42,40],"gold":13,"neow_bonus":"THREE_ENEMY_KILL","is_prod":false,"is_daily":false,"chose_seed":false,"campfire_upgraded":2,"win_rate":0,"timestamp":1544965585,"path_taken":["M","?","$","?","?","E","R","E","T","E","?","?","E","?","R","BOSS","M","M","$","?","M"],"build_version":"2018-12-13","purchased_purges":1,"victory":false,"max_hp_per_floor":[71,71,71,71,71,71,71,71,71,71,71,71,71,71,71,71,71,71,71,71,71,71],"card_choices":[{"not_picked":["Self Repair","Turbo"],"picked":"Auto Shields","floor":1.0},{"not_picked":["Rip and Tear","Hello World"],"picked":"Hologram","floor":6.0},{"not_picked":["Steam","Rip and Tear"],"picked":"Ball Lightning","floor":8.0},{"not_picked":["Go for the Eyes","Rebound"],"picked":"Reboot","floor":10.0},{"not_picked":["Streamline","Undo"],"picked":"Ball Lightning","floor":11.0},{"not_picked":["Reboot","Barrage"],"picked":"Defragment","floor":13.0},{"not_picked":["Meteor Strike","Machine Learning"],"picked":"Thunder Strike","floor":16.0},{"not_picked":["Rip and Tear","Creative AI"],"picked":"Lockon","floor":17.0},{"not_picked":["Compile Driver","Steam"],"picked":"Cold Snap","floor":17.0},{"not_picked":["Go for the Eyes","Double Energy"],"picked":"Cold Snap","floor":17.0},{"not_picked":["Compile Driver","Doom and Gloom"],"picked":"Conserve Battery","floor":17.0},{"not_picked":["Darkness","Beam Cell"],"picked":"Stack","floor":17.0},{"not_picked":["Steam+1","Stack"],"picked":"Ball Lightning","floor":18},{"not_picked":["Hologram","Barrage","Compile Driver"],"picked":"SKIP","floor":19}],"player_experience":841400,"relics_obtained":[{"floor":5.0,"key":"Regal Pillow"},{"floor":6.0,"key":"Potion Belt"},{"floor":8.0,"key":"Pen Nib"},{"floor":9.0,"key":"Meat on the Bone"},{"floor":10.0,"key":"Turnip"},{"floor":13.0,"key":"Letter Opener"},{"floor":21,"key":"Sundial"},{"floor":21,"key":"Bottled Flame"}],"event_choices":[{"cards_removed":["Strike_B"],"damage_healed":0.0,"max_hp_gain":0.0,"max_hp_loss":0.0,"gold_gain":0.0,"event_name":"Golden Wing","player_choice":"Card Removal","floor":4.0,"gold_loss":0.0,"damage_taken":7.0},{"damage_healed":17.0,"max_hp_gain":0.0,"max_hp_loss":0.0,"gold_gain":0.0,"event_name":"The Cleric","player_choice":"Healed","floor":12.0,"gold_loss":35.0,"damage_taken":0.0},{"damage_healed":0.0,"max_hp_gain":0.0,"max_hp_loss":0.0,"gold_gain":0.0,"event_name":"WeMeetAgain","player_choice":"Paid Gold","floor":14.0,"gold_loss":65.0,"damage_taken":0.0,"relics_obtained":["Matryoshka"]}],"is_beta":true,"boss_relics":[{"not_picked":["Snecko Eye","Pandora\u0027s Box"],"picked":"Orrery"}],"items_purged_floors":[2],"is_endless":false,"potions_floor_spawned":[1,16],"killed_by":"Cultist and Chosen","ascension_level":19}