{"gold_per_floor":[110,35,46,63,77,107,107,7,32,32,32,32,32,32,32,32],"floor_reached":16,"playtime":447,"items_purged":["Defend_G","Strike_G"],"score":113,"play_id":"dce459a6-fca3-46ac-8283-b29b29d39056","local_time":"20181218230644","is_ascension_mode":true,"campfire_choices":[{"floor":7,"key":"REST"},{"floor":12,"key":"REST"},{"floor":15,"key":"REST"}],"neow_cost":"NONE","seed_source_timestamp":537337355975546,"circlet_count":0,"master_deck":["Defend_G","Defend_G","Defend_G","Strike_G","Strike_G","Strike_G","Survivor","Neutralize","Infinite Blades"],"relics":["Ring of the Snake","NeowsBlessing","Anchor"],"potions_floor_usage":[6,16],"damage_taken":[{"damage":0,"enemies":"Cultist","floor":1,"turns":1},{"damage":0,"enemies":"Jaw Worm","floor":3,"turns":1},{"damage":0,"enemies":"2 Louse","floor":4,"turns":1},{"damage":10,"enemies":"Large Slime","floor":5,"turns":6},{"damage":51,"enemies":"3 Sentries","floor":6,"turns":10},{"damage":66,"enemies":"Slime Boss","floor":16,"turns":10}],"seed_played":"-545917284236558988","potions_obtained":[{"floor":3,"key":"Poison Potion"},{"floor":4,"key":"Swift Potion"}],"is_trial":false,"path_per_floor":["M","$","M","M","M","E","R","$","T","?","?","R","?","$","R","B"],"character_chosen":"THE_SILENT","items_purchased":[],"campfire_rested":3,"item_purchase_floors":[],"current_hp_per_floor":[70,70,70,70,60,9,30,30,30,23,23,44,44,44,65,0],"gold":32,"neow_bonus":"THREE_ENEMY_KILL","is_prod":false,"is_daily":false,"chose_seed":false,"campfire_upgraded":0,"win_rate":0,"timestamp":1545196004,"path_taken":["M","$","?","M","M","E","R","$","T","?","?","R","?","?","R","BOSS"],"build_version":"2018-12-13","purchased_purges":2,"victory":false,"max_hp_per_floor":[70,70,70,70,70,70,70,70,70,70,70,70,70,70,70,70],"card_choices":[{"not_picked":["Dodge and Roll","Blade Dance","Prepared"],"picked":"SKIP","floor":1},{"not_picked":["Crippling Poison","Distraction"],"picked":"Infinite Blades","floor":3},{"not_picked":["Bane","Dagger Throw","Deflect"],"picked":"SKIP","floor":4},{"not_picked":["Setup","Tactician","Caltrops"],"picked":"SKIP","floor":5},{"not_picked":["Choke","Flying Knee","Tactician"],"picked":"SKIP","floor":6}],"player_experience":784937,"relics_obtained":[{"floor":6,"key":"Anchor"}],"event_choices":[{"cards_removed":["Defend_G"],"damage_healed":0,"gold_gain":0,"player_choice":"Card Removal","damage_taken":7,"max_hp_gain":0,"max_hp_loss":0,"event_name":"Golden Wing","floor":10,"gold_loss":0},{"damage_healed":0,"gold_gain":0,"player_choice":"Leave","damage_taken":0,"max_hp_gain":0,"max_hp_loss":0,"event_name":"The Cleric","floor":11,"gold_loss":0},{"cards_removed":["Strike_G"],"damage_healed":0,"gold_gain":0,"player_choice":"Forget","damage_taken":0,"max_hp_gain":0,"max_hp_loss":0,"event_name":"Living Wall","floor":13,"gold_loss":0}],"is_beta":false,"boss_relics":[],"items_purged_floors":[2,8],"is_endless":false,"potions_floor_spawned":[3,4],"killed_by":"Slime Boss","ascension_level":3}