{"gold_per_floor":[19,19,194,65,140,140,214,214,214,234,149,149,183,199,199,325,325,338,263,282,302,317,16,55,75,75,75,75,91,91,109,109,230,293,312,312,645,645,745,745,745,757,826,826],"floor_reached":44,"playtime":2798,"items_purged":["Doubt"],"score":534,"play_id":"729b27ff-33e4-4129-8b5d-00d714a243b5","local_time":"20180928093133","is_ascension_mode":true,"campfire_choices":[{"data":"Zap","floor":6,"key":"SMITH"},{"floor":8,"key":"REST"},{"data":"Redo","floor":12,"key":"SMITH"},{"data":"Defragment","floor":15,"key":"SMITH"},{"data":"Genetic Algorithm","floor":28,"key":"SMITH"},{"data":"Defragment","floor":30,"key":"SMITH"},{"data":"Tempest","floor":32,"key":"SMITH"},{"data":"Zap","floor":40,"key":"SMITH"}],"neow_cost":"NO_GOLD","seed_source_timestamp":868785300060246,"circlet_count":0,"master_deck":["Strike_B","Strike_B","Defend_B","Defend_B+1","Defend_B","Defend_B","Zap+1","Dualcast","Redo+1","Cold Snap","Blizzard","Capacitor","Turbo","Hello World","White Noise","Defragment+1","Electrodynamics","Conserve Battery","Tempest+1","Glacier","Genetic Algorithm+1","Self Repair","Self Repair+1","Defragment+1","Cold Snap+1","Biased Cognition","Steam Power","Biased Cognition","Zap+1","Conserve Battery"],"relics":["Cracked Core","Pocketwatch","Letter Opener","Pantograph","Bronze Scales","Velvet Choker","Lantern","Singing Bowl","Calipers","Tiny House","Cables"],"potions_floor_usage":[22,22,24,33,33,42,44],"damage_taken":[{"damage":2,"enemies":"Small Slimes","floor":1,"turns":4},{"damage":21,"enemies":"Gremlin Nob","floor":7,"turns":4},{"damage":0,"enemies":"2 Louse","floor":10,"turns":2},{"damage":9,"enemies":"3 Sentries","floor":13,"turns":5},{"damage":0,"enemies":"Cultist","floor":14,"turns":3},{"damage":30,"enemies":"Hexaghost","floor":16,"turns":9},{"damage":3,"enemies":"Chosen","floor":18,"turns":4},{"damage":7,"enemies":"Spheric Guardian","floor":20,"turns":4},{"damage":12,"enemies":"Cultist and Chosen","floor":21,"turns":4},{"damage":3,"enemies":"Shelled Parasite and Fungi","floor":22,"turns":5},{"damage":47,"enemies":"Book of Stabbing","floor":24,"turns":5},{"damage":0,"enemies":"3 Cultists","floor":25,"turns":2},{"damage":14,"enemies":"Centurion and Healer","floor":29,"turns":5},{"damage":13,"enemies":"Snecko","floor":31,"turns":3},{"damage":24,"enemies":"Champ","floor":33,"turns":11},{"damage":0,"enemies":"3 Shapes","floor":35,"turns":2},{"damage":0,"enemies":"3 Darklings","floor":42,"turns":2},{"damage":124,"enemies":"Giant Head","floor":44,"turns":11}],"seed_played":"-8263911051372166383","potions_obtained":[{"floor":1,"key":"GamblersBrew"},{"floor":16,"key":"Weak Potion"},{"floor":18,"key":"LiquidBronze"},{"floor":20,"key":"FearPotion"},{"floor":22,"key":"Dexterity Potion"},{"floor":31,"key":"Energy Potion"},{"floor":34,"key":"Explosive Potion"},{"floor":35,"key":"GamblersBrew"},{"floor":42,"key":"GamblersBrew"}],"is_trial":false,"path_per_floor":["M","?","?","$","?","R","?","R","T","M","$","R","E","M","R","B",null,"M","?","M","M","M","$","E","M","T","?","R","M","R","M","R","B",null,"M","?","?","?","?","R","?","M","T"],"character_chosen":"DEFECT","items_purchased":["Cold Snap","Turbo","Hello World","Genetic Algorithm","Self Repair","Lantern"],"campfire_rested":1,"item_purchase_floors":[4,11,11,23,23,23],"current_hp_per_floor":[73,55,55,55,44,44,23,45,45,45,45,45,36,36,36,31,75,72,72,65,60,57,57,19,19,19,19,19,15,15,4,4,5,86,86,86,86,82,82,82,82,82,82,0],"gold":826,"neow_bonus":"ONE_RARE_RELIC","is_prod":false,"is_daily":false,"chose_seed":false,"campfire_upgraded":7,"win_rate":0,"timestamp":1538101893,"path_taken":["M","?","?","$","?","R","?","R","T","M","$","R","E","?","R","BOSS","M","?","M","?","M","$","E","?","T","?","R","M","R","M","R","BOSS","M","?","?","?","?","R","?","M","T","E"],"build_version":"2018-09-27","purchased_purges":1,"victory":false,"max_hp_per_floor":[75,75,75,75,75,75,75,75,75,75,75,75,75,75,75,75,75,75,75,75,75,75,75,77,77,77,77,77,77,77,79,79,79,86,86,86,86,82,82,82,82,82,82,82],"card_choices":[{"not_picked":["Sweeping Beam","Force Field"],"picked":"Redo","floor":1},{"not_picked":["Sweeping Beam","Hello World"],"picked":"Blizzard","floor":7},{"not_picked":["Steam","Sweeping Beam"],"picked":"Capacitor","floor":10},{"not_picked":["Gash","Hyperbeam"],"picked":"White Noise","floor":13},{"not_picked":["Cold Snap","Stack"],"picked":"Defragment","floor":14},{"not_picked":["Multi-Cast","Hyperbeam"],"picked":"Electrodynamics","floor":16},{"not_picked":["Leap","Cold Snap"],"picked":"Conserve Battery","floor":18},{"not_picked":["Barrage+1","Ball Lightning"],"picked":"Tempest","floor":20},{"not_picked":["Steam Power","Cold Snap"],"picked":"Glacier","floor":21},{"not_picked":["Sweeping Beam+1","Steam","Darkness"],"picked":"SKIP","floor":22},{"not_picked":["Steam","Redo","Streamline+1"],"picked":"Singing Bowl","floor":24},{"not_picked":["Rip and Tear","Hyperbeam"],"picked":"Self Repair+1","floor":25},{"not_picked":["Static Discharge","Leap"],"picked":"Cold Snap+1","floor":29},{"not_picked":["Barrage","Compile Driver","Consume"],"picked":"Singing Bowl","floor":31},{"not_picked":["Meteor Strike","Electrodynamics"],"picked":"Biased Cognition","floor":33},{"not_picked":["Gash+1","Streamline","Reprogram"],"picked":"Singing Bowl","floor":34},{"not_picked":["Static Discharge+1","Turbo"],"picked":"Steam Power","floor":35},{"not_picked":["Sweeping Beam","Hologram"],"picked":"Conserve Battery","floor":42}],"player_experience":231133,"relics_obtained":[{"floor":7,"key":"Letter Opener"},{"floor":9,"key":"Pantograph"},{"floor":13,"key":"Bronze Scales"},{"floor":24,"key":"Singing Bowl"},{"floor":26,"key":"Calipers"},{"floor":43,"key":"Cables"}],"event_choices":[{"event_name":"Golden Idol","player_choice":"Take Damage","floor":2,"damage_taken":0},{"event_name":"Liars Game","player_choice":"agreed","floor":3,"damage_taken":0},{"event_name":"World of Goop","player_choice":"Gather Gold","floor":5,"damage_taken":0},{"event_name":"Dead Adventurer","player_choice":"Searched \u00272\u0027 times","floor":7,"damage_taken":0},{"event_name":"Beggar","player_choice":"Gave Gold","floor":19,"damage_taken":0},{"event_name":"The Library","player_choice":"Read","floor":27,"damage_taken":0},{"event_name":"Match and Keep!","player_choice":"2 cards matched","floor":36,"damage_taken":0},{"event_name":"Match and Keep!","player_choice":"2 cards matched","floor":36,"damage_taken":0},{"event_name":"The Moai Head","player_choice":"Gave Idol","floor":37,"damage_taken":0},{"event_name":"Winding Halls","player_choice":"Max HP","floor":38,"damage_taken":0},{"event_name":"Golden Shrine","player_choice":"Pray","floor":39,"damage_taken":0},{"event_name":"Falling","player_choice":"Removed Attack","floor":41,"damage_taken":0}],"is_beta":false,"boss_relics":[{"not_picked":["Astrolabe","Lizard Tail"],"picked":"Velvet Choker"},{"not_picked":["Cursed Key","Snecko Eye"],"picked":"Tiny House"}],"items_purged_floors":[4],"is_endless":false,"potions_floor_spawned":[1,16,18,20,22,31,35,42],"killed_by":"Giant Head","ascension_level":4}