{"gold_per_floor":[112,62,62,73,73,108,126,51,51,51,51,51,65,35,35,35],"floor_reached":16,"playtime":560,"items_purged":["Strike_R"],"score":141,"play_id":"cbc82ac6-38e4-4ca8-8b5c-b25309b43d63","local_time":"20181120191441","is_ascension_mode":true,"campfire_choices":[{"floor":12,"key":"RECALL"},{"floor":15,"key":"DIG"}],"neow_cost":"NONE","seed_source_timestamp":526621965372568,"circlet_count":0,"master_deck":["Strike_R","Strike_R","Strike_R","Strike_R","Defend_R","Defend_R","Defend_R","Defend_R","Whirlwind","Whirlwind+1","Whirlwind+1"],"relics":["Burning Blood","NeowsBlessing","Mango","Molten Egg 2","Shovel","Calipers"],"potions_floor_usage":[],"damage_taken":[{"damage":0,"enemies":"Jaw Worm","floor":1,"turns":1},{"damage":0,"enemies":"2 Louse","floor":4,"turns":2},{"damage":0,"enemies":"Gremlin Nob","floor":6,"turns":1},{"damage":9,"enemies":"Cultist","floor":7,"turns":5},{"damage":11,"enemies":"Lots of Slimes","floor":13,"turns":2},{"damage":2,"enemies":"Looter","floor":14,"turns":4},{"damage":90,"enemies":"Hexaghost","floor":16,"turns":9}],"seed_played":"-6559903565609251135","potions_obtained":[{"floor":4,"key":"PowerPotion"}],"is_trial":false,"path_per_floor":["M","?","?","M","?","E","M","$","T","$","?","R","M","M","R","B"],"character_chosen":"IRONCLAD","items_purchased":[],"campfire_rested":0,"item_purchase_floors":[],"current_hp_per_floor":[80,80,87,93,93,94,91,91,91,91,91,91,86,90,90,0],"gold":35,"neow_bonus":"THREE_ENEMY_KILL","is_prod":false,"is_daily":false,"chose_seed":false,"campfire_upgraded":0,"win_rate":0,"timestamp":1542762881,"path_taken":["M","?","?","M","?","E","?","$","T","?","?","R","?","M","R","BOSS"],"build_version":"2018-11-15","purchased_purges":1,"victory":false,"max_hp_per_floor":[80,80,94,94,94,94,94,94,94,94,94,94,94,94,94,94],"card_choices":[{"not_picked":["Clothesline","Perfected Strike","Wild Strike"],"picked":"SKIP","floor":1},{"not_picked":["Headbutt","Heavy Blade"],"picked":"Whirlwind","floor":4},{"not_picked":["Headbutt","Burning Pact","Heavy Blade"],"picked":"SKIP","floor":6},{"not_picked":["Warcry","Heavy Blade+1"],"picked":"Whirlwind+1","floor":7},{"not_picked":["Armaments","Clothesline+1","Heavy Blade+1"],"picked":"SKIP","floor":13},{"not_picked":["Perfected Strike+1","Power Through"],"picked":"Whirlwind+1","floor":14}],"player_experience":453484,"relics_obtained":[{"floor":6,"key":"Molten Egg 2"},{"floor":15,"key":"Calipers"}],"event_choices":[{"cards_removed":["Bash"],"damage_healed":0,"gold_gain":0,"player_choice":"Card Removal","damage_taken":0,"max_hp_gain":0,"max_hp_loss":0,"event_name":"The Cleric","floor":2,"gold_loss":50},{"damage_healed":0,"gold_gain":0,"player_choice":"Success","damage_taken":7,"relics_obtained":["Mango"],"max_hp_gain":0,"max_hp_loss":0,"event_name":"Scrap Ooze","floor":3,"gold_loss":0},{"damage_healed":0,"gold_gain":0,"player_choice":"Bought 0 Potions","damage_taken":0,"max_hp_gain":0,"max_hp_loss":0,"event_name":"The Woman in Blue","floor":5,"gold_loss":0},{"damage_healed":0,"gold_gain":0,"player_choice":"Gave Potion","damage_taken":0,"relics_obtained":["Shovel"],"max_hp_gain":0,"max_hp_loss":0,"event_name":"WeMeetAgain","floor":11,"gold_loss":0}],"is_beta":false,"boss_relics":[],"items_purged_floors":[8],"is_endless":false,"potions_floor_spawned":[4],"killed_by":"Hexaghost","ascension_level":3}