{"gold_per_floor":[116,7,19,19,19,19,62,62,62,62,83,126,59,83,83,214,214,237,60,81,96,120,120,151,171,171,207,51,51,75,75,75,195,195,215,13,13,28,0,0,35,35,35,35,78,78,112,112],"floor_reached":48,"playtime":5064,"items_purged":[],"score":820,"play_id":"94afd7a1-7994-4812-a28c-b0579d8b5c1f","local_time":"20190225192500","is_ascension_mode":true,"campfire_choices":[{"data":"Footwork","floor":6,"key":"SMITH"},{"data":"Neutralize","floor":8,"key":"SMITH"},{"data":"Concentrate","floor":10,"key":"SMITH"},{"data":"Noxious Fumes","floor":15,"key":"SMITH"},{"data":"Tactician","floor":23,"key":"SMITH"},{"data":"Tools of the Trade","floor":29,"key":"SMITH"},{"data":"Unload","floor":32,"key":"SMITH"},{"data":"Venomology","floor":40,"key":"SMITH"},{"data":"Good Instincts","floor":44,"key":"SMITH"}],"neow_cost":"NONE","seed_source_timestamp":15100950421052,"circlet_count":0,"master_deck":["Defend_G","Defend_G","Defend_G","Defend_G","Strike_G","Strike_G","Survivor","Neutralize+1","Escape Plan","Footwork+1","Tactician+1","Escape Plan","Leg Sweep","Concentrate+1","Acrobatics","Blur","Tools of the Trade+1","Noxious Fumes+1","Unload+1","Predator","Reflex","PiercingWail","Expertise+1","Well Laid Plans","Flying Knee+1","Underhanded Strike","All Out Attack","Well Laid Plans+1","Shame","Venomology+1","Outmaneuver+1","Good Instincts+1","Gash","Impatience","Sadistic Nature","Good Instincts+1","Reflex+1","Madness","Madness","Flying Knee+1"],"relics":["Eternal Feather","Golden Idol","Bottled Tornado","Centennial Puzzle","Mercury Hourglass","Coffee Dripper","Vajra","Gremlin Horn","Bottled Lightning","Potion Belt","PreservedInsect","Question Card","Empty Cage","PrismaticShard","Red Mask","Darkstone Periapt","Ornamental Fan","Pear","Dream Catcher"],"potions_floor_usage":[7,7,12,16,24,25,27,35,41,45,47,47],"damage_taken":[{"damage":1,"enemies":"Cultist","floor":1,"turns":5},{"damage":0,"enemies":"2 Louse","floor":3,"turns":5},{"damage":36,"enemies":"Lagavulin","floor":7,"turns":15},{"damage":0,"enemies":"Small Slimes","floor":11,"turns":8},{"damage":32,"enemies":"3 Sentries","floor":12,"turns":17},{"damage":0,"enemies":"Red Slaver","floor":14,"turns":5},{"damage":6,"enemies":"The Guardian","floor":16,"turns":13},{"damage":0,"enemies":"3 Byrds","floor":18,"turns":5},{"damage":3,"enemies":"Spheric Guardian","floor":20,"turns":6},{"damage":7,"enemies":"Centurion and Healer","floor":21,"turns":9},{"damage":12,"enemies":"Snecko","floor":22,"turns":6},{"damage":18,"enemies":"Slavers","floor":24,"turns":6},{"damage":8,"enemies":"Chosen and Byrds","floor":25,"turns":5},{"damage":0,"enemies":"Book of Stabbing","floor":27,"turns":7},{"damage":13,"enemies":"Snake Plant","floor":30,"turns":6},{"damage":15,"enemies":"Collector","floor":33,"turns":10},{"damage":13,"enemies":"3 Darklings","floor":35,"turns":6},{"damage":11,"enemies":"Orb Walker","floor":38,"turns":4},{"damage":35,"enemies":"Reptomancer","floor":41,"turns":6},{"damage":25,"enemies":"Nemesis","floor":45,"turns":7},{"damage":4,"enemies":"Reptomancer","floor":47,"turns":6},{"damage":16,"enemies":"2 Orb Walkers","floor":48,"turns":1}],"seed_played":"-1784787254628764510","potions_obtained":[{"floor":1,"key":"FearPotion"},{"floor":3,"key":"Fire Potion"},{"floor":11,"key":"Explosive Potion"},{"floor":14,"key":"Fire Potion"},{"floor":22,"key":"FearPotion"},{"floor":24,"key":"Weak Potion"},{"floor":25,"key":"SkillPotion"},{"floor":38,"key":"Energy Potion"},{"floor":41,"key":"SteroidPotion"},{"floor":45,"key":"Poison Potion"}],"is_trial":false,"path_per_floor":["M","$","M","?","?","R","E","R","T","R","M","E","$","M","R","B",null,"M","$","M","M","M","R","E","M","T","E","$","R","M","?","R","B",null,"M","$","?","M","?","R","E","?","T","R","E","?","E","?"],"character_chosen":"THE_SILENT","items_purchased":["Footwork","Tactician","Tools of the Trade","Reflex","Vajra","PreservedInsect","PrismaticShard"],"campfire_rested":0,"item_purchase_floors":[2,2,13,19,19,28,36],"current_hp_per_floor":[62,62,62,62,62,65,29,38,38,47,47,15,15,15,27,21,54,54,54,51,44,32,47,29,21,21,21,21,39,26,26,44,29,56,43,43,43,32,32,50,15,5,5,26,25,16,12,0],"gold":112,"neow_bonus":"BOSS_RELIC","is_prod":false,"is_daily":false,"chose_seed":false,"campfire_upgraded":9,"win_rate":0,"timestamp":1551097500,"path_taken":["M","$","?","?","?","R","E","R","T","R","?","E","?","M","R","BOSS","M","$","?","M","M","R","E","M","T","E","$","R","?","?","R","BOSS","M","$","?","M","?","R","E","?","T","R","E","?","E","?"],"build_version":"2019-01-23","purchased_purges":0,"victory":false,"max_hp_per_floor":[70,70,70,65,65,65,65,65,65,65,65,65,65,65,65,65,65,65,65,65,65,65,65,65,65,65,65,65,65,65,65,65,65,65,65,65,65,65,65,65,65,65,65,65,75,75,75,75],"card_choices":[{"not_picked":["Poisoned Stab","Deflect"],"picked":"Escape Plan","floor":1},{"not_picked":["Dagger Spray","Acrobatics"],"picked":"Escape Plan","floor":3},{"not_picked":["Dodge and Roll","Storm of Steel"],"picked":"Concentrate","floor":7},{"not_picked":["Blade Dance","Flying Knee"],"picked":"Acrobatics","floor":11},{"not_picked":["Bane","Skewer"],"picked":"Blur","floor":12},{"not_picked":["Deflect","Cloak And Dagger"],"picked":"Noxious Fumes","floor":14},{"not_picked":["Tools of the Trade","Bullet Time"],"picked":"Unload","floor":16},{"not_picked":["Masterful Stab","Expertise"],"picked":"Predator","floor":18},{"not_picked":["Outmaneuver","Quick Slash"],"picked":"PiercingWail","floor":20},{"not_picked":["Choke+1","Dash"],"picked":"Expertise+1","floor":21},{"not_picked":["Underhanded Strike","Flying Knee"],"picked":"Well Laid Plans","floor":22},{"not_picked":["Burst","Flechettes"],"picked":"Flying Knee+1","floor":24},{"not_picked":["Riddle With Holes","Flying Knee"],"picked":"Underhanded Strike","floor":25},{"not_picked":["Deadly Poison","Sucker Punch"],"picked":"All Out Attack","floor":27},{"not_picked":["Blade Dance","Underhanded Strike"],"picked":"Well Laid Plans+1","floor":30},{"not_picked":["Corpse Explosion","Die Die Die","Wraith Form v2"],"picked":"Venomology","floor":33},{"not_picked":["Backstab","Leg Sweep","Endless Agony"],"picked":"Outmaneuver+1","floor":35},{"not_picked":["Acrobatics+1","Hologram+1","Slice+1"],"picked":"Good Instincts+1","floor":38},{"not_picked":["Sucker Punch","Rebound","Well Laid Plans"],"picked":"Gash","floor":41},{"not_picked":["Chrysalis","Forethought","Deep Breath"],"picked":"Impatience","floor":42},{"not_picked":["Trip","Blind","Purity"],"picked":"Sadistic Nature","floor":42},{"not_picked":["Purity","Discovery","Flash of Steel"],"picked":"Good Instincts","floor":42},{"not_picked":["Mind Blast+1","Thunderclap","Underhanded Strike+1"],"picked":"Reflex+1","floor":45},{"not_picked":["Conserve Battery","Blade Dance","Purity"],"picked":"Flying Knee+1","floor":47}],"player_experience":264412,"relics_obtained":[{"floor":7,"key":"Bottled Tornado"},{"floor":9,"key":"Centennial Puzzle"},{"floor":12,"key":"Mercury Hourglass"},{"floor":24,"key":"Gremlin Horn"},{"floor":26,"key":"Bottled Lightning"},{"floor":27,"key":"Potion Belt"},{"floor":41,"key":"Darkstone Periapt"},{"floor":43,"key":"Ornamental Fan"},{"floor":45,"key":"Pear"},{"floor":47,"key":"Dream Catcher"}],"event_choices":[{"damage_healed":0,"gold_gain":0,"player_choice":"Lose Max HP","damage_taken":0,"relics_obtained":["Golden Idol"],"max_hp_gain":0,"max_hp_loss":5,"event_name":"Golden Idol","floor":4,"gold_loss":0},{"damage_healed":0,"gold_gain":0,"cards_transformed":["Strike_G"],"player_choice":"Transformed","damage_taken":0,"max_hp_gain":0,"max_hp_loss":0,"event_name":"Transmorgrifier","floor":5,"gold_loss":0,"cards_obtained":["Leg Sweep"]},{"damage_healed":0,"gold_gain":0,"player_choice":"Stole Relic","damage_taken":0,"relics_obtained":["Question Card"],"max_hp_gain":0,"max_hp_loss":0,"event_name":"Addict","floor":31,"gold_loss":0,"cards_obtained":["Shame"]},{"cards_removed":["Defend_G"],"damage_healed":0,"gold_gain":0,"player_choice":"Removed Skill","damage_taken":0,"max_hp_gain":0,"max_hp_loss":0,"event_name":"Falling","floor":37,"gold_loss":0},{"damage_healed":0,"gold_gain":0,"player_choice":"Paid","damage_taken":0,"relics_obtained":["Red Mask"],"max_hp_gain":0,"max_hp_loss":0,"event_name":"Tomb of Lord Red Mask","floor":39,"gold_loss":28},{"damage_healed":0,"gold_gain":0,"player_choice":"Memory 3","damage_taken":10,"max_hp_gain":0,"max_hp_loss":0,"event_name":"SensoryStone","floor":42,"gold_loss":0},{"damage_healed":0,"gold_gain":0,"player_choice":"Embrace Madness","damage_taken":9,"max_hp_gain":0,"max_hp_loss":0,"event_name":"Winding Halls","floor":46,"gold_loss":0,"cards_obtained":["Madness","Madness"]},{"damage_healed":0,"gold_gain":0,"player_choice":"Fight","damage_taken":0,"max_hp_gain":0,"max_hp_loss":0,"event_name":"Mysterious Sphere","floor":48,"gold_loss":0}],"is_beta":false,"boss_relics":[{"not_picked":["Velvet Choker","HoveringKite"],"picked":"Coffee Dripper"},{"not_picked":["Lizard Tail","Cursed Key"],"picked":"Empty Cage"}],"items_purged_floors":[],"is_endless":false,"potions_floor_spawned":[1,3,11,14,22,24,25,38,41,45],"killed_by":"2 Orb Walkers","ascension_level":7}