{"gold_per_floor":[112,127,141,141,66,66,97,111,111,111,142,157,157,157,157,255,255,276,28,28,28,44,44,85,85],"floor_reached":25,"playtime":951,"items_purged":["Decay"],"score":488,"play_id":"71c8aa48-decd-41f3-a391-808d5e14af2e","local_time":"20190202233952","is_ascension_mode":true,"campfire_choices":[{"data":"Cloak And Dagger","floor":6.0,"key":"SMITH"},{"floor":10.0,"key":"REST"},{"floor":15,"key":"REST"},{"floor":23,"key":"DIG"}],"neow_cost":"NONE","seed_source_timestamp":794891755002500,"circlet_count":0,"master_deck":["AscendersBane","Defend_G","Defend_G","Defend_G","Defend_G","Defend_G","Strike_G","Strike_G","Strike_G","Strike_G","Survivor","Neutralize+1","Dodge and Roll","Cloak And Dagger+1","Deadly Poison","Crippling Poison","Blade Dance","Terror+1","Footwork","Bullet Time","Injury","Clumsy","Footwork","Dodge and Roll","Necronomicurse","Dodge and Roll+1","PiercingWail"],"special_seed":0,"relics":["Ring of the Snake","Golden Idol","Dead Branch","FossilizedHelix","Darkstone Periapt","Calling Bell","Oddly Smooth Stone","Gremlin Horn","Shovel","Membership Card","Necronomicon","Dream Catcher","Orichalcum"],"potions_floor_usage":[18,24],"damage_taken":[{"damage":0.0,"enemies":"2 Louse","floor":1.0,"turns":4.0},{"damage":3.0,"enemies":"Small Slimes","floor":2.0,"turns":4.0},{"damage":0.0,"enemies":"Jaw Worm","floor":3.0,"turns":5.0},{"damage":45.0,"enemies":"Lagavulin","floor":7.0,"turns":8.0},{"damage":1.0,"enemies":"Looter","floor":8.0,"turns":3.0},{"damage":24.0,"enemies":"Gremlin Nob","floor":11.0,"turns":4.0},{"damage":0.0,"enemies":"3 Louse","floor":12.0,"turns":1.0},{"damage":0,"enemies":"The Guardian","floor":16,"turns":11},{"damage":4,"enemies":"Shell Parasite","floor":18,"turns":7},{"damage":0,"enemies":"Chosen","floor":22,"turns":7},{"damage":47,"enemies":"Slavers","floor":24,"turns":8},{"damage":8,"enemies":"3 Cultists","floor":25,"turns":5}],"seed_played":"-8448575990163451365","potions_obtained":[{"floor":7.0,"key":"SkillPotion"},{"floor":11.0,"key":"Fire Potion"},{"floor":12.0,"key":"SteroidPotion"},{"floor":18,"key":"SpeedPotion"}],"is_trial":false,"path_per_floor":["M","M","M","?","?","R","E","M","T","R","E","M","?","?","R","B",null,"M","$","?","$","M","R","E","M"],"character_chosen":"THE_SILENT","items_purchased":["Membership Card","Dodge and Roll"],"campfire_rested":2,"item_purchase_floors":[19,19],"current_hp_per_floor":[59,56,56,56,56,56,11,10,10,28,4,4,4,4,22,22,69,65,65,50,50,50,50,3,0],"gold":85,"neow_bonus":"UPGRADE_CARD","is_prod":false,"is_daily":false,"chose_seed":false,"campfire_upgraded":1,"win_rate":0,"timestamp":1549121992,"path_taken":["M","M","M","?","?","R","E","M","T","R","E","?","?","?","R","BOSS","M","$","?","$","M","R","E","M"],"build_version":"2019-01-23","purchased_purges":1,"victory":false,"max_hp_per_floor":[66,66,66,60,60,60,60,60,60,60,60,60,60,60,60,60,78,78,78,84,84,84,84,84,84],"card_choices":[{"not_picked":["Bane","Underhanded Strike"],"picked":"Dodge and Roll","floor":1.0},{"not_picked":["Dagger Throw","Terror"],"picked":"Cloak And Dagger","floor":2.0},{"not_picked":["Slice","Tools of the Trade"],"picked":"Deadly Poison","floor":3.0},{"not_picked":["Underhanded Strike","Night Terror"],"picked":"Crippling Poison","floor":7.0},{"not_picked":["Slice","Leg Sweep"],"picked":"Blade Dance","floor":8.0},{"not_picked":["Accuracy","Setup"],"picked":"Terror","floor":11.0},{"not_picked":["Infinite Blades","Finisher"],"picked":"Footwork","floor":12.0},{"not_picked":["Burst","Wraith Form v2"],"picked":"Bullet Time","floor":16},{"not_picked":["Distraction+1","Quick Slash"],"picked":"Footwork","floor":18},{"not_picked":["Infinite Blades","Footwork"],"picked":"Dodge and Roll+1","floor":22},{"not_picked":["Flying Knee+1","Slice"],"picked":"PiercingWail","floor":24}],"player_experience":689955,"relics_obtained":[{"floor":7.0,"key":"Dead Branch"},{"floor":9.0,"key":"FossilizedHelix"},{"floor":11.0,"key":"Darkstone Periapt"},{"floor":17,"key":"Oddly Smooth Stone"},{"floor":17,"key":"Gremlin Horn"},{"floor":17,"key":"Shovel"},{"floor":20,"key":"Necronomicon"},{"floor":23,"key":"Dream Catcher"},{"floor":24,"key":"Orichalcum"}],"event_choices":[{"damage_healed":0.0,"max_hp_gain":0.0,"max_hp_loss":6.0,"gold_gain":0.0,"event_name":"Golden Idol","player_choice":"Lose Max HP","floor":4.0,"gold_loss":0.0,"damage_taken":0.0,"relics_obtained":["Golden Idol"]},{"cards_removed":["Strike_G"],"damage_healed":0.0,"max_hp_gain":0.0,"max_hp_loss":0.0,"gold_gain":0.0,"event_name":"The Cleric","player_choice":"Card Removal","floor":5.0,"gold_loss":75.0,"damage_taken":0.0},{"damage_healed":0,"gold_gain":0,"player_choice":"Searched \u00270\u0027 times","damage_taken":0,"max_hp_gain":0,"max_hp_loss":0,"event_name":"Dead Adventurer","floor":13,"gold_loss":0},{"damage_healed":0,"gold_gain":0,"player_choice":"Grow","damage_taken":0,"max_hp_gain":0,"max_hp_loss":0,"event_name":"Living Wall","floor":14,"gold_loss":0,"cards_upgraded":["Terror"]},{"damage_healed":0,"gold_gain":0,"player_choice":"Obtained Book","damage_taken":21,"max_hp_gain":0,"max_hp_loss":0,"event_name":"Cursed Tome","floor":20,"gold_loss":0}],"is_beta":false,"boss_relics":[{"not_picked":["Black Star","Philosopher\u0027s Stone"],"picked":"Calling Bell"}],"items_purged_floors":[19],"is_endless":false,"potions_floor_spawned":[7,11,12,18],"killed_by":"3 Cultists","ascension_level":15}