{"gold_per_floor":[112,132,132,144,163,197,197,220,220,248,265,293,308,39,39,39],"floor_reached":16,"playtime":1817,"items_purged":[],"score":147,"play_id":"2e1c5756-dd0c-45d9-a6af-2085ab267bc2","local_time":"20180926010958","is_ascension_mode":false,"campfire_choices":[{"data":"Defragment","floor":7,"key":"SMITH"},{"floor":15,"key":"REST"}],"neow_cost":"","seed_source_timestamp":666862978163053,"circlet_count":0,"master_deck":["Strike_B","Strike_B","Strike_B","Defend_B","Defend_B","Defend_B","Defend_B+1","Zap","Dualcast+1","Go for the Eyes","Hologram","Glacier","Defragment+1","Loop","Genetic Algorithm","Consume","Go for the Eyes","Coolheaded","Hologram"],"relics":["Cracked Core","War Paint","Odd Mushroom","Lantern","The Courier","Happy Flower","Dead Branch"],"potions_floor_usage":[6,10,12],"damage_taken":[{"damage":1,"enemies":"Cultist","floor":1,"turns":3},{"damage":0,"enemies":"Small Slimes","floor":2,"turns":3},{"damage":7,"enemies":"Jaw Worm","floor":4,"turns":5},{"damage":5,"enemies":"Looter","floor":5,"turns":4},{"damage":17,"enemies":"Lagavulin","floor":6,"turns":8},{"damage":3,"enemies":"The Mushroom Lair","floor":8,"turns":5},{"damage":14,"enemies":"3 Sentries","floor":10,"turns":13},{"damage":0,"enemies":"2 Fungi Beasts","floor":11,"turns":4},{"damage":0,"enemies":"Lagavulin","floor":12,"turns":6},{"damage":13,"enemies":"Large Slime","floor":13,"turns":6},{"damage":0,"enemies":"Slime Boss","floor":16,"turns":3}],"seed_played":"-1767818615861965594","potions_obtained":[{"floor":2,"key":"GamblersBrew"},{"floor":5,"key":"Block Potion"},{"floor":11,"key":"FocusPotion"},{"floor":13,"key":"Block Potion"}],"is_trial":false,"path_per_floor":["M","M","?","M","M","E","R","?","T","E","M","E","M","$","R"],"character_chosen":"DEFECT","items_purchased":["Dead Branch","Hologram"],"campfire_rested":1,"item_purchase_floors":[14,14],"current_hp_per_floor":[74,74,67,60,55,38,38,35,35,21,21,21,8,8,30,30],"gold":39,"neow_bonus":"","is_prod":false,"is_daily":false,"chose_seed":false,"campfire_upgraded":1,"win_rate":0.0,"timestamp":1537898998,"path_taken":["M","M","?","M","M","E","R","?","T","E","M","E","M","$","R","BOSS"],"build_version":"2018-09-20","purchased_purges":0,"victory":false,"max_hp_per_floor":[75,75,75,75,75,75,75,75,75,75,75,75,75,75,75,75],"card_choices":[{"not_picked":["Sweeping Beam","Skim"],"picked":"Go for the Eyes","floor":1},{"not_picked":["Ball Lightning","Scrape"],"picked":"Hologram","floor":2},{"not_picked":["Genetic Algorithm","Scrape"],"picked":"Glacier","floor":4},{"not_picked":["Darkness","Conserve Battery"],"picked":"Defragment","floor":5},{"not_picked":["Redo","Blizzard","Sweeping Beam"],"picked":"SKIP","floor":6},{"not_picked":["Genetic Algorithm","Multi-Cast"],"picked":"Loop","floor":8},{"not_picked":["Beam Cell","Hologram"],"picked":"Genetic Algorithm","floor":10},{"not_picked":["Redo","Go for the Eyes"],"picked":"Consume","floor":11},{"not_picked":["Melter","Doom and Gloom"],"picked":"Go for the Eyes","floor":12},{"not_picked":["Chaos","Stack"],"picked":"Coolheaded","floor":13}],"player_experience":163794,"relics_obtained":[{"floor":6,"key":"War Paint"},{"floor":8,"key":"Odd Mushroom"},{"floor":9,"key":"Lantern"},{"floor":10,"key":"The Courier"},{"floor":12,"key":"Happy Flower"}],"event_choices":[{"event_name":"Golden Wing","player_choice":"Card Removal","floor":3,"damage_taken":0},{"event_name":"Mushrooms","player_choice":"Fought Mushrooms","floor":8,"damage_taken":0}],"is_beta":false,"boss_relics":[],"items_purged_floors":[],"is_endless":false,"potions_floor_spawned":[2,5,11,13],"killed_by":"Slime Boss","ascension_level":0}