{"gold_per_floor":[109,109,8,31,49,49,67,67,67,91,106,106,18,42,42,171,171,111,111,130,130,143,143,104,118,118,134,107,107,125,139,139,264,264,287,302,25,46,46,77,77,77,102,125,125,181,181,201,201,201],"floor_reached":50,"playtime":4564,"items_purged":["Injury"],"score":516,"play_id":"b2e0d942-16f3-4890-b391-97899fabd1b5","local_time":"20190202021657","is_ascension_mode":false,"campfire_choices":[{"data":"Feed","floor":6,"key":"SMITH"},{"data":"Juggernaut","floor":8,"key":"SMITH"},{"data":"Armaments","floor":15,"key":"SMITH"},{"floor":23,"key":"REST"},{"data":"Juggernaut","floor":29,"key":"SMITH"},{"floor":32,"key":"REST"},{"floor":42,"key":"REST"},{"floor":45,"key":"REST"},{"floor":47,"key":"REST"},{"floor":49,"key":"REST"}],"neow_cost":"NONE","seed_source_timestamp":1252257022503010,"circlet_count":0,"master_deck":["Strike_R","Strike_R","Strike_R","Strike_R","Strike_R","Defend_R","Defend_R","Defend_R","Defend_R","Bash","Feed+1","Iron Wave","Body Slam+1","Rage","Juggernaut+1","Bandage Up","Armaments+1","Iron Wave","Body Slam","Headbutt","Evolve","Iron Wave+1","Juggernaut+1","Shrug It Off","Power Through","Impervious","Disarm+1","Entrench","Forethought","Feel No Pain+1"],"relics":["Burning Blood","Golden Idol","Peace Pipe","Mark of Pain","Happy Flower","Busted Crown","Ornamental Fan","Bird Faced Urn","Potion Belt","StoneCalendar"],"potions_floor_usage":[11,14,20,33,38,44,46],"damage_taken":[{"damage":1,"enemies":"Cultist","floor":1,"turns":4},{"damage":5,"enemies":"2 Louse","floor":4,"turns":3},{"damage":6,"enemies":"Jaw Worm","floor":5,"turns":5},{"damage":13,"enemies":"Large Slime","floor":7,"turns":8},{"damage":7,"enemies":"Looter","floor":10,"turns":3},{"damage":6,"enemies":"Lots of Slimes","floor":11,"turns":6},{"damage":29,"enemies":"Exordium Thugs","floor":14,"turns":4},{"damage":57,"enemies":"Hexaghost","floor":16,"turns":11},{"damage":25,"enemies":"2 Thieves","floor":18,"turns":4},{"damage":18,"enemies":"3 Byrds","floor":20,"turns":5},{"damage":32,"enemies":"Snecko","floor":22,"turns":7},{"damage":13,"enemies":"Chosen and Byrds","floor":25,"turns":6},{"damage":9,"enemies":"Centurion and Healer","floor":27,"turns":6},{"damage":34,"enemies":"3 Cultists","floor":30,"turns":6},{"damage":3,"enemies":"Chosen and Byrds","floor":31,"turns":5},{"damage":71,"enemies":"Collector","floor":33,"turns":9},{"damage":33,"enemies":"3 Darklings","floor":35,"turns":6},{"damage":0,"enemies":"Orb Walker","floor":36,"turns":2},{"damage":18,"enemies":"Sphere and 2 Shapes","floor":38,"turns":5},{"damage":87,"enemies":"Giant Head","floor":40,"turns":10},{"damage":26,"enemies":"Jaw Worm Horde","floor":44,"turns":6},{"damage":91,"enemies":"2 Orb Walkers","floor":46,"turns":7},{"damage":18,"enemies":"4 Shapes","floor":48,"turns":6},{"damage":96,"enemies":"Awakened One","floor":50,"turns":11}],"seed_played":"-9168903098761117086","potions_obtained":[{"floor":4,"key":"Poison Potion"},{"floor":5,"key":"SteroidPotion"},{"floor":10,"key":"EssenceOfSteel"},{"floor":14,"key":"SpeedPotion"},{"floor":27,"key":"BloodPotion"},{"floor":30,"key":"SpeedPotion"},{"floor":35,"key":"Energy Potion"},{"floor":38,"key":"Fruit Juice"},{"floor":40,"key":"Energy Potion"}],"is_trial":false,"path_per_floor":["?","?","$","?","?","M","?","?"],"character_chosen":"IRONCLAD","items_purchased":["Body Slam","Bandage Up","Evolve","Shrug It Off","Ornamental Fan","Entrench"],"campfire_rested":6,"item_purchase_floors":[3,13,24,28,37,37],"current_hp_per_floor":[83,83,83,86,89,89,86,86,86,85,89,89,89,70,70,23,97,82,82,76,76,54,83,83,84,84,85,85,85,65,76,108,47,109,86,92,92,93,93,16,16,51,51,45,81,14,50,46,82,0],"gold":201,"neow_bonus":"ONE_RANDOM_RARE_CARD","is_prod":false,"is_daily":false,"chose_seed":false,"campfire_upgraded":4,"win_rate":0,"timestamp":1549070217,"path_taken":["M","?","$","M","M","R","M","R","T","M","M","?","?","M","R","BOSS","M","?","M","?","M","R","$","?","T","M","$","R","M","M","R","BOSS","M","M","$","M","?","E","$","R","T","M","R","?","R","M","R","BOSS"],"build_version":"2019-01-23","purchased_purges":1,"victory":false,"max_hp_per_floor":[83,83,83,86,89,89,93,93,93,93,97,97,97,97,97,97,97,97,97,97,97,97,97,97,101,101,101,101,101,105,109,109,109,109,109,109,109,118,118,118,118,118,118,122,122,122,122,122,122,122],"card_choices":[{"not_picked":["Clash","True Grit"],"picked":"Iron Wave","floor":1},{"not_picked":["Uppercut","True Grit"],"picked":"Rage","floor":4},{"not_picked":["Cleave","Warcry","Flex"],"picked":"SKIP","floor":5},{"not_picked":["Corruption","Sword Boomerang"],"picked":"Juggernaut","floor":7},{"not_picked":["Hemokinesis","Second Wind","Shockwave"],"picked":"SKIP","floor":10},{"not_picked":["Havoc","Intimidate","Inflame"],"picked":"SKIP","floor":11},{"not_picked":["Whirlwind","Thunderclap"],"picked":"Armaments","floor":14},{"not_picked":["True Grit","Rupture+1","Wild Strike"],"picked":"SKIP","floor":18},{"not_picked":["Corruption","Flex+1"],"picked":"Body Slam","floor":20},{"not_picked":["Flex","Perfected Strike"],"picked":"Headbutt","floor":22},{"not_picked":["Body Slam","Cleave"],"picked":"Iron Wave+1","floor":25},{"not_picked":["Perfected Strike","Armaments"],"picked":"Juggernaut","floor":27},{"not_picked":["Havoc","Shockwave"],"picked":"Power Through","floor":30},{"not_picked":["Rampage+1","Sever Soul","Heavy Blade"],"picked":"SKIP","floor":31},{"not_picked":["Exhume","Reaper"],"picked":"Impervious","floor":33},{"not_picked":["Wild Strike+1"],"picked":"SKIP","floor":35},{"not_picked":[],"picked":"Disarm+1","floor":36},{"not_picked":["Sword Boomerang"],"picked":"SKIP","floor":38},{"not_picked":[],"picked":"Forethought","floor":39},{"not_picked":["Thunderclap+1"],"picked":"SKIP","floor":40},{"not_picked":[],"picked":"Feel No Pain+1","floor":44},{"not_picked":["True Grit"],"picked":"SKIP","floor":48}],"player_experience":51024,"relics_obtained":[{"floor":9,"key":"Peace Pipe"},{"floor":26,"key":"Happy Flower"},{"floor":40,"key":"Bird Faced Urn"},{"floor":43,"key":"Potion Belt"},{"floor":46,"key":"StoneCalendar"}],"event_choices":[{"damage_healed":0,"gold_gain":0,"player_choice":"Take Wound","damage_taken":0,"relics_obtained":["Golden Idol"],"max_hp_gain":0,"max_hp_loss":0,"event_name":"Golden Idol","floor":2,"gold_loss":0,"cards_obtained":["Injury"]},{"damage_healed":0,"gold_gain":0,"player_choice":"Grow","damage_taken":0,"max_hp_gain":0,"max_hp_loss":0,"event_name":"Living Wall","floor":12,"gold_loss":0,"cards_upgraded":["Body Slam"]},{"damage_healed":0,"gold_gain":0,"player_choice":"Read","damage_taken":0,"max_hp_gain":0,"max_hp_loss":0,"event_name":"The Library","floor":19,"gold_loss":0,"cards_obtained":["Iron Wave"]},{"damage_healed":0,"gold_gain":0,"player_choice":"Ignored","damage_taken":0,"max_hp_gain":0,"max_hp_loss":0,"event_name":"NoteForYourself","floor":21,"gold_loss":0},{"damage_healed":0,"gold_gain":0,"player_choice":"Memory 1","damage_taken":0,"max_hp_gain":0,"max_hp_loss":0,"event_name":"SensoryStone","floor":39,"gold_loss":0},{"damage_healed":0,"gold_gain":0,"player_choice":"Fight","damage_taken":0,"max_hp_gain":0,"max_hp_loss":0,"event_name":"Mysterious Sphere","floor":46,"gold_loss":0}],"is_beta":false,"boss_relics":[{"not_picked":["Velvet Choker","Snecko Eye"],"picked":"Mark of Pain"},{"not_picked":["Calling Bell","Fusion Hammer"],"picked":"Busted Crown"}],"items_purged_floors":[3],"is_endless":false,"potions_floor_spawned":[4,5,10,14,27,30,31,35,38,40],"killed_by":"Awakened One","ascension_level":0}