{"gold_per_floor":[114,141,153,171,171,204,204,69,69,84,84,100,2,16,16,16],"floor_reached":16,"playtime":741,"items_purged":[],"score":112,"play_id":"f7bc4f5e-c2fa-4f44-99e4-8291cfe3788d","local_time":"20190223172028","is_ascension_mode":true,"campfire_choices":[{"data":"Prepared","floor":7.0,"key":"SMITH"},{"data":"Phantasmal Killer","floor":15.0,"key":"SMITH"}],"neow_cost":"NONE","seed_source_timestamp":0,"circlet_count":0,"master_deck":["Defend_G","Defend_G","Defend_G","Defend_G","Defend_G","Strike_G","Strike_G","Strike_G","Strike_G","Survivor","Neutralize","Dash","Poisoned Stab","Prepared+1","Eviscerate","Dodge and Roll","Phantasmal Killer+1","Riddle With Holes","Poisoned Stab","Good Instincts"],"special_seed":0,"relics":["Ring of the Snake","NeowsBlessing","Dream Catcher","Bag of Preparation","Bottled Flame"],"potions_floor_usage":[16,16],"damage_taken":[{"damage":0.0,"enemies":"Cultist","floor":1.0,"turns":1.0},{"damage":0.0,"enemies":"Small Slimes","floor":3.0,"turns":1.0},{"damage":0.0,"enemies":"2 Louse","floor":4.0,"turns":1.0},{"damage":18.0,"enemies":"Gremlin Nob","floor":6.0,"turns":5.0},{"damage":3.0,"enemies":"Looter","floor":10.0,"turns":4.0},{"damage":5.0,"enemies":"Blue Slaver","floor":12.0,"turns":3.0},{"damage":10.0,"enemies":"2 Fungi Beasts","floor":14.0,"turns":3.0},{"damage":38,"enemies":"Slime Boss","floor":16,"turns":7}],"seed_played":"-2743859260098191660","potions_obtained":[{"floor":3.0,"key":"FearPotion"},{"floor":6.0,"key":"Poison Potion"},{"floor":12.0,"key":"GhostInAJar"}],"is_trial":false,"path_per_floor":["M","T","M","M","?","E","R","$","T","M","?","M","$","M","R","B"],"character_chosen":"THE_SILENT","items_purchased":["Phantasmal Killer","Good Instincts"],"campfire_rested":0,"item_purchase_floors":[8,13],"current_hp_per_floor":[70,70,70,70,70,52,52,52,52,49,49,44,44,34,34,0],"gold":16,"neow_bonus":"THREE_ENEMY_KILL","is_prod":false,"is_daily":false,"chose_seed":false,"campfire_upgraded":2,"win_rate":0,"timestamp":1550964028,"path_taken":["M","?","?","?","?","E","R","?","T","?","?","M","$","M","R","BOSS"],"build_version":"2019-01-23","purchased_purges":0,"victory":false,"max_hp_per_floor":[70,70,70,70,70,70,70,70,70,70,70,70,70,70,70,70],"card_choices":[{"not_picked":["Underhanded Strike","Quick Slash"],"picked":"Dash","floor":1.0},{"not_picked":["Caltrops","Acrobatics"],"picked":"Poisoned Stab","floor":3.0},{"not_picked":["Calculated Gamble","Quick Slash"],"picked":"Prepared","floor":4.0},{"not_picked":["Outmaneuver","Dagger Throw"],"picked":"Dodge and Roll","floor":6.0},{"not_picked":["Dagger Throw","Dodge and Roll"],"picked":"Riddle With Holes","floor":10.0},{"not_picked":["Dagger Throw","Slice"],"picked":"Poisoned Stab","floor":12.0},{"not_picked":["Dagger Throw","Well Laid Plans","Outmaneuver"],"picked":"SKIP","floor":14.0}],"player_experience":161164,"relics_obtained":[{"floor":2.0,"key":"Dream Catcher"},{"floor":6.0,"key":"Bag of Preparation"},{"floor":9.0,"key":"Bottled Flame"}],"event_choices":[{"damage_healed":0.0,"max_hp_gain":0.0,"max_hp_loss":0.0,"gold_gain":0.0,"cards_transformed":["Strike_G"],"event_name":"Transmorgrifier","player_choice":"Transformed","floor":5.0,"gold_loss":0.0,"damage_taken":0.0,"cards_obtained":["Eviscerate"]},{"damage_healed":0.0,"max_hp_gain":0.0,"max_hp_loss":0.0,"gold_gain":0.0,"event_name":"Shining Light","player_choice":"Ignored","floor":11.0,"gold_loss":0.0,"damage_taken":0.0}],"is_beta":false,"boss_relics":[],"items_purged_floors":[],"is_endless":false,"potions_floor_spawned":[3,6,12],"killed_by":"Slime Boss","ascension_level":2}