{"gold_per_floor":[115,40,55,70,82,115,115,190,241,241,141,166,166,116,116,116],"floor_reached":16,"playtime":4483,"items_purged":["Strike_R","Defend_R"],"score":178,"play_id":"41fb6526-80bc-4d9b-86a0-eae16c47e0db","local_time":"20190105100143","is_ascension_mode":true,"campfire_choices":[{"floor":7,"key":"REST"},{"floor":13,"key":"REST"},{"floor":15,"key":"REST"}],"neow_cost":"NONE","seed_source_timestamp":0,"circlet_count":0,"master_deck":["Strike_R","Strike_R","Strike_R","Defend_R+1","Defend_R","Defend_R+1","Bash","Purity","Shrug It Off"],"special_seed":0,"relics":["Burning Blood","Sundial","War Paint","Odd Mushroom"],"potions_floor_usage":[6,6,16],"damage_taken":[{"damage":0,"enemies":"2 Louse","floor":1,"turns":2},{"damage":6,"enemies":"Small Slimes","floor":3,"turns":5},{"damage":4,"enemies":"Jaw Worm","floor":4,"turns":6},{"damage":27,"enemies":"Red Slaver","floor":5,"turns":5},{"damage":49,"enemies":"3 Sentries","floor":6,"turns":8},{"damage":32,"enemies":"The Mushroom Lair","floor":12,"turns":7},{"damage":70,"enemies":"Hexaghost","floor":16,"turns":14}],"seed_played":"-7315008625157671775","potions_obtained":[{"floor":4,"key":"BloodPotion"},{"floor":5,"key":"PowerPotion"},{"floor":12,"key":"Strength Potion"}],"is_trial":false,"path_per_floor":["M","$","M","M","M","E","R","?","T","?","$","?","R","?","R","B"],"character_chosen":"IRONCLAD","items_purchased":[],"campfire_rested":3,"item_purchase_floors":[],"current_hp_per_floor":[80,80,80,80,59,24,48,37,37,42,42,16,41,41,66,0],"gold":116,"neow_bonus":"RANDOM_COLORLESS","is_prod":false,"is_daily":false,"chose_seed":false,"campfire_upgraded":0,"win_rate":0,"timestamp":1546704103,"path_taken":["M","$","M","M","M","E","R","?","T","?","$","?","R","?","R","BOSS"],"build_version":"2019-01-03v4","purchased_purges":2,"victory":false,"max_hp_per_floor":[80,80,80,80,80,80,80,80,80,85,85,85,85,85,85,85],"card_choices":[{"not_picked":["Armaments","True Grit","Iron Wave"],"picked":"SKIP","floor":1},{"not_picked":["Twin Strike","Wild Strike","Body Slam"],"picked":"SKIP","floor":3},{"not_picked":["Anger","Power Through","Feel No Pain"],"picked":"SKIP","floor":4},{"not_picked":["Anger","Body Slam","Clothesline"],"picked":"SKIP","floor":5},{"not_picked":["Anger","Offering"],"picked":"Shrug It Off","floor":6}],"player_experience":982651,"relics_obtained":[{"floor":6,"key":"Sundial"},{"floor":9,"key":"War Paint"},{"floor":12,"key":"Odd Mushroom"}],"event_choices":[{"damage_healed":0,"gold_gain":75,"player_choice":"Gather Gold","damage_taken":11,"max_hp_gain":0,"max_hp_loss":0,"event_name":"World of Goop","floor":8,"gold_loss":0},{"damage_healed":0,"gold_gain":0,"player_choice":"Donut","damage_taken":0,"max_hp_gain":5,"max_hp_loss":0,"event_name":"Big Fish","floor":10,"gold_loss":0},{"damage_healed":0,"gold_gain":0,"player_choice":"Fought Mushrooms","damage_taken":0,"max_hp_gain":0,"max_hp_loss":0,"event_name":"Mushrooms","floor":12,"gold_loss":0},{"cards_removed":["Strike_R"],"damage_healed":0,"gold_gain":0,"player_choice":"Card Removal","damage_taken":0,"max_hp_gain":0,"max_hp_loss":0,"event_name":"The Cleric","floor":14,"gold_loss":50}],"is_beta":false,"boss_relics":[],"items_purged_floors":[2,11],"is_endless":false,"potions_floor_spawned":[4,5,12],"killed_by":"Hexaghost","ascension_level":4}