{"gold_per_floor":[112,127,146,146,73,73,99,99,99,99,111,121,132,132,132,132],"floor_reached":16,"playtime":1196,"items_purged":[],"score":138,"play_id":"aaabcb7e-e1e6-479d-b9fa-cefccff513c2","local_time":"20181113165751","is_ascension_mode":true,"campfire_choices":[{"floor":6,"key":"REST"},{"data":"Footwork","floor":8,"key":"SMITH"},{"floor":10,"key":"REST"},{"data":"Dash","floor":15,"key":"SMITH"}],"neow_cost":"NONE","seed_source_timestamp":13129188820384,"circlet_count":0,"master_deck":["Defend_G","Defend_G","Defend_G","Defend_G","Defend_G","Strike_G","Strike_G","Strike_G","Strike_G","Survivor+1","Neutralize","Backstab","Footwork+1","Blur","Dash+1","Cloak And Dagger","Endless Agony","Backflip"],"relics":["Ring of the Snake","Gambling Chip","Frozen Egg 2"],"potions_floor_usage":[16,16,16],"damage_taken":[{"damage":7,"enemies":"2 Louse","floor":1,"turns":4},{"damage":0,"enemies":"Jaw Worm","floor":2,"turns":5},{"damage":0,"enemies":"Cultist","floor":3,"turns":4},{"damage":16,"enemies":"Gremlin Nob","floor":7,"turns":6},{"damage":8,"enemies":"Large Slime","floor":11,"turns":8},{"damage":3,"enemies":"Gremlin Gang","floor":12,"turns":7},{"damage":2,"enemies":"Looter","floor":13,"turns":3},{"damage":70,"enemies":"Hexaghost","floor":16,"turns":16}],"seed_played":"-987732180823457449","potions_obtained":[{"floor":2,"key":"Strength Potion"},{"floor":3,"key":"EssenceOfSteel"},{"floor":12,"key":"Regen Potion"}],"is_trial":false,"path_per_floor":["M","M","M","?","$","R","E","R","T","R","M","M","M","?","R","B"],"character_chosen":"THE_SILENT","items_purchased":["Dash"],"campfire_rested":2,"item_purchase_floors":[5],"current_hp_per_floor":[63,63,63,48,48,71,55,55,55,77,69,66,64,57,57,0],"gold":132,"neow_bonus":"TEN_PERCENT_HP_BONUS","is_prod":false,"is_daily":false,"chose_seed":false,"campfire_upgraded":2,"win_rate":0,"timestamp":1542157071,"path_taken":["M","M","M","?","$","R","E","R","T","R","M","M","M","?","R","BOSS"],"build_version":"2018-11-08","purchased_purges":0,"victory":false,"max_hp_per_floor":[77,77,77,77,77,77,77,77,77,77,77,77,77,77,77,77],"card_choices":[{"not_picked":["Dagger Throw","Underhanded Strike"],"picked":"Backstab","floor":1},{"not_picked":["Sucker Punch","Prepared"],"picked":"Footwork","floor":2},{"not_picked":["Blade Dance","Flying Knee"],"picked":"Blur","floor":3},{"not_picked":["Deflect","Burst"],"picked":"Cloak And Dagger","floor":7},{"not_picked":["Quick Slash","Prepared","Underhanded Strike"],"picked":"SKIP","floor":11},{"not_picked":["Dagger Spray","Poisoned Stab"],"picked":"Endless Agony","floor":12},{"not_picked":["Cloak And Dagger","Bane"],"picked":"Backflip","floor":13}],"player_experience":233064,"relics_obtained":[{"floor":7,"key":"Gambling Chip"},{"floor":9,"key":"Frozen Egg 2"}],"event_choices":[{"damage_healed":0,"gold_gain":0,"player_choice":"Entered Light","damage_taken":15,"max_hp_gain":0,"max_hp_loss":0,"event_name":"Shining Light","floor":4,"gold_loss":0,"cards_upgraded":["Survivor","Strike_G"]},{"cards_removed":["Strike_G"],"damage_healed":0,"gold_gain":0,"player_choice":"Card Removal","damage_taken":7,"max_hp_gain":0,"max_hp_loss":0,"event_name":"Golden Wing","floor":14,"gold_loss":0}],"is_beta":false,"boss_relics":[],"items_purged_floors":[],"is_endless":false,"potions_floor_spawned":[2,3,12],"killed_by":"Hexaghost","ascension_level":7}