{"gold_per_floor":[119,135,148,161,161,161,194,194,221,240,240,165,176,191,191,191],"floor_reached":16,"playtime":1596,"items_purged":["Normality"],"score":104,"play_id":"a99e5c2d-388e-41ae-9476-7e97d4f7f115","local_time":"20181019013431","is_ascension_mode":false,"campfire_choices":[{"data":"Pommel Strike","floor":6,"key":"SMITH"},{"data":"Bash","floor":8,"key":"SMITH"},{"floor":15,"key":"REST"}],"neow_cost":"CURSE","seed_source_timestamp":769032038822199,"circlet_count":0,"master_deck":["Strike_R","Strike_R","Strike_R","Strike_R","Strike_R","Defend_R","Defend_R","Defend_R","Defend_R","Bash+1","Carnage","Pommel Strike+1","Cleave","Double Tap+1","Anger","Rampage","Thunderclap","Iron Wave"],"relics":["Burning Blood","Unceasing Top","Dream Catcher","Red Skull"],"potions_floor_usage":[16],"damage_taken":[{"damage":1,"enemies":"Cultist","floor":1,"turns":4},{"damage":5,"enemies":"Small Slimes","floor":2,"turns":4},{"damage":0,"enemies":"2 Louse","floor":3,"turns":3},{"damage":24,"enemies":"Large Slime","floor":4,"turns":6},{"damage":31,"enemies":"3 Sentries","floor":7,"turns":7},{"damage":9,"enemies":"2 Fungi Beasts","floor":10,"turns":3},{"damage":10,"enemies":"Looter","floor":13,"turns":2},{"damage":6,"enemies":"Exordium Thugs","floor":14,"turns":3},{"damage":56,"enemies":"The Guardian","floor":16,"turns":7}],"seed_played":"6105154898008182854","potions_obtained":[{"floor":2,"key":"Dexterity Potion"},{"floor":4,"key":"Swift Potion"}],"is_trial":false,"path_per_floor":["M","M","M","M","?","R","E","R","T","M","?","$","M","M","R"],"character_chosen":"IRONCLAD","items_purchased":[],"campfire_rested":1,"item_purchase_floors":[],"current_hp_per_floor":[80,80,80,62,62,62,37,37,37,34,34,34,30,30,54,0],"gold":191,"neow_bonus":"ONE_RARE_RELIC","is_prod":false,"is_daily":false,"chose_seed":false,"campfire_upgraded":2,"win_rate":0,"timestamp":1539938071,"path_taken":["M","M","M","?","?","R","E","R","T","M","?","$","M","M","R","BOSS"],"build_version":"2018-10-18","purchased_purges":1,"victory":false,"max_hp_per_floor":[80,80,80,80,80,80,80,80,80,80,80,80,80,80,80,80],"card_choices":[{"not_picked":["Power Through","Headbutt"],"picked":"Carnage","floor":1},{"not_picked":["Clothesline","Twin Strike"],"picked":"Pommel Strike","floor":2},{"not_picked":["Heavy Blade","Armaments"],"picked":"Cleave","floor":3},{"not_picked":["Warcry","Iron Wave"],"picked":"Double Tap","floor":4},{"not_picked":["Fire Breathing","Shockwave"],"picked":"Anger","floor":7},{"not_picked":["True Grit","Headbutt"],"picked":"Rampage","floor":10},{"not_picked":["Clothesline","Juggernaut","Spot Weakness"],"picked":"SKIP","floor":13},{"not_picked":["Sword Boomerang","Shrug It Off"],"picked":"Thunderclap","floor":14},{"not_picked":["Flame Barrier","Ghostly Armor"],"picked":"Iron Wave","floor":15}],"player_experience":39320,"relics_obtained":[{"floor":7,"key":"Dream Catcher"},{"floor":9,"key":"Red Skull"}],"event_choices":[{"damage_healed":0,"gold_gain":0,"player_choice":"Grow","damage_taken":0,"max_hp_gain":0,"max_hp_loss":0,"event_name":"Living Wall","floor":5,"gold_loss":0,"cards_upgraded":["Double Tap"]},{"damage_healed":0,"gold_gain":0,"player_choice":"Ignored","damage_taken":0,"max_hp_gain":0,"max_hp_loss":0,"event_name":"Liars Game","floor":11,"gold_loss":0}],"is_beta":false,"boss_relics":[],"items_purged_floors":[12],"is_endless":false,"potions_floor_spawned":[2,4],"killed_by":"The Guardian","ascension_level":0}