{"path_per_floor":["M","?","?","M","M","E","M","M","T","E","M","R","?","M","R","B",null,"M","?","M","?"],"character_chosen":"DEFECT","items_purchased":[],"gold_per_floor":[110,60,60,73,91,116,127,145,145,174,193,193,193,204,204,301,301,315,855,871,901,901],"floor_reached":22,"campfire_rested":1,"playtime":1020,"current_hp_per_floor":[73,73,73,71,71,66,59,58,58,42,31,57,57,45,45,21,89,72,16,16,9,0],"items_purged":[],"gold":901,"score":198,"play_id":"4e8867be-38ab-4a6f-bee4-7e8a5710fa15","local_time":"20180503212435","is_prod":false,"is_daily":false,"chose_seed":false,"is_ascension_mode":false,"campfire_upgraded":1,"timestamp":1525353875,"path_taken":["M","?","?","M","M","E","M","M","T","E","?","R","?","?","R","BOSS","M","?","M","?","?"],"build_version":"2018-05-02","seed_source_timestamp":11313893048151,"purchased_purges":0,"victory":false,"master_deck":["Strike_B","Defend_B","Defend_B","Defend_B","Zap+1","Dualcast","Coolheaded","Ball Lightning","Rebound","Sunder+1","Capacitor","Streamline","Go for the Eyes+1","Prime","Consume+1","Gash+1","Static Discharge+1","Go for the Eyes","Cold Snap"],"max_hp_per_floor":[75,75,75,75,75,89,89,89,89,89,89,89,89,89,89,89,89,89,89,89,89,89],"relics":["Cracked Core","Mango","Gambling Chip","Toolbox","Astrolabe","Red Mask"],"card_choices":[{"not_picked":["Auto Shields","Consume"],"picked":"Coolheaded","floor":1},{"not_picked":["Force Field","Capacitor"],"picked":"Ball Lightning","floor":4},{"not_picked":["Leap","Static Discharge"],"picked":"Rebound","floor":5},{"not_picked":["Recycle","Reprogram"],"picked":"Sunder","floor":7},{"not_picked":["Double Energy","Darkness"],"picked":"Capacitor","floor":8},{"not_picked":["FTL","White Noise"],"picked":"Streamline","floor":11},{"not_picked":["Chill","Coolheaded"],"picked":"Go for the Eyes","floor":14},{"not_picked":["Multi-Cast","Meteor Strike"],"picked":"Prime","floor":16},{"not_picked":["Axe Kick","Sunder"],"picked":"Go for the Eyes","floor":18},{"not_picked":["Tempest","Chill"],"picked":"Cold Snap","floor":20}],"player_experience":25249,"potions_floor_usage":[8,18,21,22],"damage_taken":[{"damage":2,"enemies":"Jaw Worm","floor":1,"turns":4},{"damage":2,"enemies":"2 Louse","floor":4,"turns":2},{"damage":0,"enemies":"Cultist","floor":5,"turns":3},{"damage":19,"enemies":"3 Sentries","floor":6,"turns":7},{"damage":7,"enemies":"Blue Slaver","floor":7,"turns":3},{"damage":1,"enemies":"Gremlin Gang","floor":8,"turns":3},{"damage":16,"enemies":"Gremlin Nob","floor":10,"turns":3},{"damage":11,"enemies":"Exordium Wildlife","floor":11,"turns":2},{"damage":12,"enemies":"Blue Slaver","floor":14,"turns":2},{"damage":24,"enemies":"The Guardian","floor":16,"turns":9},{"damage":17,"enemies":"2 Thieves","floor":18,"turns":2},{"damage":0,"enemies":"Chosen","floor":20,"turns":5},{"damage":7,"enemies":"Masked Bandits","floor":21,"turns":3},{"damage":14,"enemies":"Snecko","floor":22,"turns":4}],"event_choices":[{"event_name":"The Cleric","player_choice":"Card Removal","floor":2,"damage_taken":0},{"event_name":"The Lab","player_choice":"Got Potions","floor":3,"damage_taken":0},{"event_name":"Upgrade Shrine","player_choice":"Upgraded","floor":13,"damage_taken":0},{"event_name":"Knowing Skull","player_choice":"GOLD GOLD GOLD GOLD GOLD GOLD ","floor":19,"damage_taken":0},{"event_name":"Masked Bandits","player_choice":"Fought over 871 gold","floor":21,"damage_taken":0}],"boss_relics":[{"not_picked":["White Beast Statue","Velvet Choker"],"picked":"Astrolabe"}],"potions_floor_spawned":[1,7,8,11,14,20],"seed_played":"5746405614957713472","killed_by":"Snecko","ascension_level":0,"is_trial":false}