{"gold_per_floor":[118,118,136,136,136,136,156,156,156,156,203,203,215,227,227,328,328,338,357,52,67,67,67],"floor_reached":23,"playtime":718,"items_purged":["Defend_B"],"score":208,"play_id":"15dbc2a5-1427-45ce-a09f-772111a8f727","local_time":"20181220195609","is_ascension_mode":true,"campfire_choices":[{"floor":6,"key":"REST"},{"floor":8,"key":"RECALL"},{"data":"Zap","floor":10,"key":"SMITH"},{"data":"Redo","floor":12,"key":"SMITH"},{"data":"Capacitor","floor":15,"key":"SMITH"}],"neow_cost":"NONE","seed_source_timestamp":48812919775962,"circlet_count":0,"master_deck":["Strike_B","Strike_B","Strike_B","Defend_B","Defend_B","Defend_B","Zap+1","Redo+1","Chill","Cold Snap","Capacitor+1","Echo Form","Capacitor","Apotheosis","Capacitor"],"relics":["Cracked Core","Mercury Hourglass","Juzu Bracelet","Velvet Choker"],"potions_floor_usage":[16,21,23,23],"damage_taken":[{"damage":12,"enemies":"Jaw Worm","floor":1,"turns":3},{"damage":4,"enemies":"Cultist","floor":3,"turns":3},{"damage":0,"enemies":"2 Louse","floor":7,"turns":2},{"damage":0,"enemies":"2 Fungi Beasts","floor":13,"turns":3},{"damage":4,"enemies":"Looter","floor":14,"turns":2},{"damage":3,"enemies":"Slime Boss","floor":16,"turns":8},{"damage":16,"enemies":"Spheric Guardian","floor":18,"turns":4},{"damage":21,"enemies":"Shell Parasite","floor":19,"turns":7},{"damage":38,"enemies":"Snake Plant","floor":21,"turns":5},{"damage":8,"enemies":"Gremlin Leader","floor":23,"turns":1}],"seed_played":"7335869881258408545","potions_obtained":[{"floor":1,"key":"FocusPotion"},{"floor":13,"key":"Regen Potion"},{"floor":16,"key":"Poison Potion"},{"floor":21,"key":"Dexterity Potion"}],"is_trial":false,"path_per_floor":["M","?","M","?","?","R","M","R","T","R","T","R","M","M","R","B",null,"M","M","$","M","?","E"],"character_chosen":"DEFECT","items_purchased":["Apotheosis","Capacitor"],"campfire_rested":1,"item_purchase_floors":[20,20],"current_hp_per_floor":[63,63,59,52,52,74,74,74,74,74,74,74,74,70,70,67,75,59,38,38,5,5,0],"gold":67,"neow_bonus":"TRANSFORM_CARD","is_prod":false,"is_daily":false,"chose_seed":false,"campfire_upgraded":3,"win_rate":0,"timestamp":1545357369,"path_taken":["M","?","?","?","?","R","M","R","T","R","?","R","M","M","R","BOSS","M","M","$","M","?","E"],"build_version":"2018-12-13","purchased_purges":1,"victory":false,"max_hp_per_floor":[75,75,75,75,75,75,75,75,75,75,75,75,75,75,75,75,75,75,75,75,75,75,75],"card_choices":[{"not_picked":["Lockon","Steam"],"picked":"Chill","floor":1},{"not_picked":["Conserve Battery","Reprogram"],"picked":"Cold Snap","floor":3},{"not_picked":["Rebound","Streamline","Coolheaded"],"picked":"SKIP","floor":7},{"not_picked":["Beam Cell","Leap","Biased Cognition"],"picked":"SKIP","floor":13},{"not_picked":["Leap","Streamline"],"picked":"Capacitor","floor":14},{"not_picked":["Biased Cognition","Creative AI"],"picked":"Echo Form","floor":16},{"not_picked":["Compile Driver","Turbo+1"],"picked":"Capacitor","floor":18},{"not_picked":["Rebound","Steam","Coolheaded"],"picked":"SKIP","floor":19},{"not_picked":["Barrage","Beam Cell","Rip and Tear"],"picked":"SKIP","floor":21}],"player_experience":809817,"relics_obtained":[{"floor":9,"key":"Juzu Bracelet"}],"event_choices":[{"cards_removed":["Strike_B"],"damage_healed":0,"gold_gain":0,"player_choice":"Offered Basic","damage_taken":0,"max_hp_gain":0,"max_hp_loss":0,"event_name":"Bonfire Elementals","floor":2,"gold_loss":0},{"damage_healed":0,"gold_gain":0,"player_choice":"Success","damage_taken":7,"relics_obtained":["Mercury Hourglass"],"max_hp_gain":0,"max_hp_loss":0,"event_name":"Scrap Ooze","floor":4,"gold_loss":0},{"damage_healed":0,"gold_gain":0,"player_choice":"Ignored","damage_taken":0,"max_hp_gain":0,"max_hp_loss":0,"event_name":"Liars Game","floor":5,"gold_loss":0},{"damage_healed":0,"gold_gain":0,"player_choice":"Ignored","damage_taken":0,"max_hp_gain":0,"max_hp_loss":0,"event_name":"Vampires","floor":22,"gold_loss":0}],"is_beta":false,"boss_relics":[{"not_picked":["White Beast Statue","Coffee Dripper"],"picked":"Velvet Choker"}],"items_purged_floors":[20],"is_endless":false,"potions_floor_spawned":[1,13,16,21],"killed_by":"Gremlin Leader","ascension_level":3}