{"gold_per_floor":[119,138,34,48,48,48,76,76,125,125,136,169,82,109,109,212,212,224,236,84,104,122,122,149,149,227,246,262,262,318,329,329,429,429,443,457,476,167,179,206,206,81,81,81,108,120,160,172,184,196],"floor_reached":51,"playtime":5471,"items_purged":["Defend_G","Defend_G","Defend_G"],"score":787,"play_id":"a5cf9772-188a-404d-ad40-901d0a8cad39","local_time":"20181025231144","is_ascension_mode":true,"campfire_choices":[{"floor":6,"key":"REST"},{"data":"Skewer","floor":15,"key":"SMITH"},{"floor":23,"key":"REST"},{"data":"Sucker Punch","floor":25,"key":"SMITH"},{"data":"Caltrops","floor":32,"key":"SMITH"},{"data":"After Image","floor":41,"key":"SMITH"},{"data":"Footwork","floor":46,"key":"SMITH"},{"floor":49,"key":"REST"}],"neow_cost":"PERCENT_DAMAGE","seed_source_timestamp":1361388506561932,"circlet_count":0,"master_deck":["Defend_G+1","Defend_G+1","Strike_G","Strike_G","Strike_G","Strike_G","Strike_G","Survivor","Neutralize","Skewer+1","Backstab","PiercingWail","Footwork+1","Sucker Punch+1","Footwork","Dodge and Roll+1","Calculated Gamble+1","After Image+1","Leg Sweep","Blur","Terror+1","Endless Agony","Dagger Throw+1","Dagger Throw+1","Backstab+1","Caltrops+1","Flying Knee+1","Quick Slash+1","Slice+1"],"relics":["Ring of the Snake","Bird Faced Urn","Happy Flower","Blood Vial","Juzu Bracelet","Pen Nib","Anchor","Letter Opener","Black Star","Vajra","War Paint","Molten Egg 2","Tiny Chest","Boot","Busted Crown","Centennial Puzzle","Peace Pipe","Thread and Needle","Dodecahedron","MawBank","Matryoshka","Question Card","Bag of Marbles","Mercury Hourglass"],"potions_floor_usage":[7,7,12,16,22,24,30,33,50,50],"damage_taken":[{"damage":0,"enemies":"Cultist","floor":1,"turns":3},{"damage":5,"enemies":"Small Slimes","floor":2,"turns":4},{"damage":2,"enemies":"Jaw Worm","floor":4,"turns":3},{"damage":6,"enemies":"Lagavulin","floor":7,"turns":8},{"damage":1,"enemies":"Looter","floor":11,"turns":3},{"damage":8,"enemies":"3 Sentries","floor":12,"turns":9},{"damage":17,"enemies":"Gremlin Nob","floor":14,"turns":5},{"damage":42,"enemies":"Slime Boss","floor":16,"turns":14},{"damage":15,"enemies":"Shell Parasite","floor":18,"turns":8},{"damage":8,"enemies":"Chosen","floor":19,"turns":5},{"damage":15,"enemies":"Centurion and Healer","floor":21,"turns":9},{"damage":46,"enemies":"3 Cultists","floor":22,"turns":9},{"damage":2,"enemies":"Slavers","floor":24,"turns":9},{"damage":18,"enemies":"Snake Plant","floor":27,"turns":3},{"damage":4,"enemies":"Cultist and Chosen","floor":28,"turns":8},{"damage":5,"enemies":"Book of Stabbing","floor":30,"turns":6},{"damage":2,"enemies":"Sentry and Sphere","floor":31,"turns":3},{"damage":54,"enemies":"Collector","floor":33,"turns":11},{"damage":0,"enemies":"Orb Walker","floor":35,"turns":2},{"damage":8,"enemies":"3 Shapes","floor":36,"turns":3},{"damage":15,"enemies":"Jaw Worm Horde","floor":37,"turns":3},{"damage":11,"enemies":"Transient","floor":39,"turns":5},{"damage":6,"enemies":"Giant Head","floor":40,"turns":8},{"damage":3,"enemies":"Nemesis","floor":47,"turns":6},{"damage":35,"enemies":"Awakened One","floor":50,"turns":12}],"seed_played":"-5416742223507865659","potions_obtained":[{"floor":1,"key":"PowerPotion"},{"floor":2,"key":"AttackPotion"},{"floor":4,"key":"Regen Potion"},{"floor":14,"key":"Regen Potion"},{"floor":21,"key":"Regen Potion"},{"floor":22,"key":"Energy Potion"},{"floor":24,"key":"Regen Potion"},{"floor":27,"key":"SkillPotion"},{"floor":37,"key":"Block Potion"},{"floor":40,"key":"FearPotion"},{"floor":47,"key":"SmokeBomb"}],"is_trial":false,"path_per_floor":["M","M","$","M","?","R","E","?","T","T","M","E","?","E","R","B",null,"M","M","$","M","M","R","E","R","T","M","M","?","E","M","R","B",null,"M","M","M","$","M","E","R","$","T","?","T","R","E","T","R","B"],"character_chosen":"THE_SILENT","items_purchased":["PiercingWail","Footwork","Blur","Quick Slash+1","Centennial Puzzle"],"campfire_rested":3,"item_purchase_floors":[3,3,20,38,38],"current_hp_per_floor":[49,44,44,44,30,51,64,64,64,64,67,64,64,51,51,30,70,61,61,61,54,28,49,55,55,55,43,47,34,52,56,56,12,75,75,67,56,56,49,53,53,53,53,53,53,53,60,60,75,40],"gold":208,"neow_bonus":"ONE_RARE_RELIC","is_prod":false,"is_daily":false,"chose_seed":false,"campfire_upgraded":5,"win_rate":0,"timestamp":1540534304,"path_taken":["M","M","?","M","?","R","E","?","T","?","M","E","?","E","R","BOSS","M","M","$","M","M","R","E","R","T","M","M","?","E","M","R","BOSS","M","M","M","$","M","E","R","$","T","?","?","R","E","?","R","BOSS"],"build_version":"2018-10-25","purchased_purges":3,"victory":true,"max_hp_per_floor":[70,70,70,70,70,70,70,70,70,70,70,70,70,70,70,70,70,70,70,70,70,70,70,70,70,70,70,70,75,75,75,75,75,75,75,75,75,75,75,75,75,75,75,75,75,75,75,75,75,75],"card_choices":[{"not_picked":["Poisoned Stab","Slice"],"picked":"Skewer","floor":1},{"not_picked":["Blur","Flying Knee"],"picked":"Backstab","floor":2},{"not_picked":["PiercingWail","Bane"],"picked":"Sucker Punch","floor":4},{"not_picked":["Skewer","Predator"],"picked":"Footwork","floor":7},{"not_picked":["Dagger Throw","Distraction"],"picked":"Dodge and Roll","floor":11},{"not_picked":["Flying Knee","Sucker Punch"],"picked":"Calculated Gamble","floor":12},{"not_picked":["Expertise","Blade Dance","All Out Attack"],"picked":"SKIP","floor":14},{"not_picked":["Storm of Steel","Glass Knife"],"picked":"After Image","floor":16},{"not_picked":["Slice","Cloak And Dagger","Blade Dance"],"picked":"SKIP","floor":18},{"not_picked":["Flying Knee","Terror"],"picked":"Leg Sweep","floor":19},{"not_picked":["Choke","Bane","Quick Slash"],"picked":"SKIP","floor":21},{"not_picked":["Dash+1","Flechettes"],"picked":"Terror+1","floor":22},{"not_picked":["Acrobatics","Flechettes"],"picked":"Endless Agony","floor":24},{"not_picked":["Prepared","Deadly Poison"],"picked":"Dagger Throw+1","floor":27},{"not_picked":["Catalyst","Slice+1"],"picked":"Dagger Throw+1","floor":28},{"not_picked":["Deadly Poison","Choke+1"],"picked":"Backstab+1","floor":30},{"not_picked":["Venomology","Leg Sweep"],"picked":"Caltrops","floor":31},{"not_picked":["Acrobatics"],"picked":"SKIP","floor":35},{"not_picked":[],"picked":"Flying Knee+1","floor":36},{"not_picked":["Deadly Poison+1"],"picked":"SKIP","floor":37},{"not_picked":["Dodge and Roll"],"picked":"SKIP","floor":39},{"not_picked":["Flying Knee+1"],"picked":"SKIP","floor":40},{"not_picked":[],"picked":"Slice+1","floor":47}],"player_experience":105717,"relics_obtained":[{"floor":7,"key":"Happy Flower"},{"floor":9,"key":"Blood Vial"},{"floor":10,"key":"Juzu Bracelet"},{"floor":12,"key":"Pen Nib"},{"floor":14,"key":"Letter Opener"},{"floor":24,"key":"Vajra"},{"floor":24,"key":"War Paint"},{"floor":26,"key":"Molten Egg 2"},{"floor":30,"key":"Tiny Chest"},{"floor":30,"key":"Boot"},{"floor":40,"key":"Peace Pipe"},{"floor":40,"key":"Thread and Needle"},{"floor":43,"key":"Dodecahedron"},{"floor":45,"key":"MawBank"},{"floor":47,"key":"Matryoshka"},{"floor":47,"key":"Question Card"},{"floor":48,"key":"Bag of Marbles"},{"floor":48,"key":"Mercury Hourglass"}],"event_choices":[{"damage_healed":0,"gold_gain":0,"player_choice":"Entered Light","damage_taken":14,"max_hp_gain":0,"max_hp_loss":0,"event_name":"Shining Light","floor":5,"gold_loss":0,"cards_upgraded":["Defend_G","Defend_G"]},{"damage_healed":0,"gold_gain":0,"player_choice":"Ignored","damage_taken":0,"max_hp_gain":0,"max_hp_loss":0,"event_name":"Liars Game","floor":8,"gold_loss":0},{"damage_healed":0,"gold_gain":0,"player_choice":"Paid Gold","damage_taken":0,"relics_obtained":["Anchor"],"max_hp_gain":0,"max_hp_loss":0,"event_name":"WeMeetAgain","floor":13,"gold_loss":87},{"damage_healed":0,"gold_gain":0,"player_choice":"Shed Blood","damage_taken":18,"max_hp_gain":5,"max_hp_loss":0,"event_name":"Forgotten Altar","floor":29,"gold_loss":0},{"damage_healed":0,"gold_gain":0,"player_choice":"0 cards matched","damage_taken":0,"max_hp_gain":0,"max_hp_loss":0,"event_name":"Match and Keep!","floor":44,"gold_loss":0,"cards_obtained":[]}],"is_beta":false,"boss_relics":[{"not_picked":["Runic Dome","HoveringKite"],"picked":"Black Star"},{"not_picked":["Fusion Hammer","Runic Pyramid"],"picked":"Busted Crown"}],"items_purged_floors":[20,38,42],"is_endless":false,"potions_floor_spawned":[1,2,4,14,21,22,24,27,37,40,47],"ascension_level":2}