{"gold_per_floor":[119,119,44,44,61,91,103,103,152,152,227,227,254,267,267,345,345,355,374,374],"floor_reached":20,"playtime":1036,"items_purged":[],"score":362,"play_id":"579f8d48-1a40-40e1-a6e7-8a2503c64b29","local_time":"20190224012710","is_ascension_mode":true,"campfire_choices":[{"floor":12,"key":"REST"},{"floor":15,"key":"REST"}],"neow_cost":"NONE","seed_source_timestamp":805457145731500,"circlet_count":0,"master_deck":["AscendersBane","Defend_G","Defend_G","Defend_G","Defend_G+1","Defend_G","Strike_G","Strike_G+1","Strike_G","Strike_G","Survivor","Neutralize","Blade Dance","Footwork","Crippling Poison","Noxious Fumes","A Thousand Cuts","Corpse Explosion","Catalyst","Skewer"],"relics":["Ring of the Snake","NeowsBlessing","Potion Belt","Ice Cream","Lantern","Ancient Tea Set","Black Star"],"potions_floor_usage":[13,16,20],"damage_taken":[{"damage":0,"enemies":"Small Slimes","floor":1,"turns":1},{"damage":0,"enemies":"Jaw Worm","floor":5,"turns":1},{"damage":0,"enemies":"Lagavulin","floor":6,"turns":2},{"damage":0,"enemies":"2 Louse","floor":7,"turns":4},{"damage":21,"enemies":"Gremlin Nob","floor":13,"turns":4},{"damage":0,"enemies":"2 Fungi Beasts","floor":14,"turns":4},{"damage":14,"enemies":"Slime Boss","floor":16,"turns":9},{"damage":5,"enemies":"Chosen","floor":18,"turns":6},{"damage":19,"enemies":"Shell Parasite","floor":19,"turns":8},{"damage":36,"enemies":"Masked Bandits","floor":20,"turns":3}],"seed_played":"5326899825859941030","potions_obtained":[{"floor":1,"key":"LiquidBronze"},{"floor":5,"key":"AttackPotion"},{"floor":13,"key":"Fire Potion"},{"floor":16,"key":"Fire Potion"}],"is_trial":false,"path_per_floor":["M","?","?","$","M","E","M","?","T","?","?","R","E","M","R","B",null,"M","M","?"],"character_chosen":"THE_SILENT","items_purchased":[],"campfire_rested":2,"item_purchase_floors":[],"current_hp_per_floor":[59,41,41,41,41,41,41,21,21,21,10,29,8,8,27,13,53,48,29,0],"gold":374,"neow_bonus":"THREE_ENEMY_KILL","is_prod":false,"is_daily":false,"chose_seed":false,"campfire_upgraded":0,"win_rate":0,"timestamp":1550942830,"path_taken":["M","?","?","$","M","E","M","?","T","?","?","R","E","?","R","BOSS","M","M","?"],"build_version":"2019-01-23","purchased_purges":0,"victory":false,"max_hp_per_floor":[66,66,66,66,66,66,66,66,66,66,66,66,66,66,66,66,66,66,66,66],"card_choices":[{"not_picked":["Slice","Prepared"],"picked":"Blade Dance","floor":1},{"not_picked":["Bane","Quick Slash"],"picked":"Footwork","floor":5},{"not_picked":["Flying Knee","Terror"],"picked":"Crippling Poison","floor":6},{"not_picked":["Outmaneuver","Poisoned Stab"],"picked":"Noxious Fumes","floor":7},{"not_picked":["Bouncing Flask","Catalyst"],"picked":"A Thousand Cuts","floor":13},{"not_picked":["Acrobatics","Concentrate","Underhanded Strike"],"picked":"SKIP","floor":14},{"not_picked":["Bullet Time","Unload"],"picked":"Corpse Explosion","floor":16},{"not_picked":["Caltrops","Dagger Spray"],"picked":"Catalyst","floor":18},{"not_picked":["Blur","Leg Sweep"],"picked":"Skewer","floor":19}],"player_experience":712703,"relics_obtained":[{"floor":6,"key":"Ice Cream"},{"floor":9,"key":"Lantern"},{"floor":13,"key":"Ancient Tea Set"}],"event_choices":[{"damage_healed":0,"gold_gain":0,"player_choice":"Success","damage_taken":18,"relics_obtained":["Potion Belt"],"max_hp_gain":0,"max_hp_loss":0,"event_name":"Scrap Ooze","floor":2,"gold_loss":0},{"cards_removed":["Strike_G"],"damage_healed":0,"gold_gain":0,"player_choice":"Card Removal","damage_taken":0,"max_hp_gain":0,"max_hp_loss":0,"event_name":"The Cleric","floor":3,"gold_loss":75},{"damage_healed":0,"gold_gain":0,"player_choice":"Entered Light","damage_taken":20,"max_hp_gain":0,"max_hp_loss":0,"event_name":"Shining Light","floor":8,"gold_loss":0,"cards_upgraded":["Strike_G","Defend_G"]},{"damage_healed":0,"gold_gain":0,"player_choice":"Ignored","damage_taken":0,"max_hp_gain":0,"max_hp_loss":0,"event_name":"Liars Game","floor":10,"gold_loss":0},{"damage_healed":0,"gold_gain":75,"player_choice":"Gather Gold","damage_taken":11,"max_hp_gain":0,"max_hp_loss":0,"event_name":"World of Goop","floor":11,"gold_loss":0},{"damage_healed":0,"gold_gain":0,"player_choice":"Fought Bandits","damage_taken":0,"max_hp_gain":0,"max_hp_loss":0,"event_name":"Masked Bandits","floor":20,"gold_loss":0}],"is_beta":false,"boss_relics":[{"not_picked":["Calling Bell","Eternal Feather"],"picked":"Black Star"}],"items_purged_floors":[],"is_endless":false,"potions_floor_spawned":[1,5,13,16],"killed_by":"Masked Bandits","ascension_level":15}