{"gold_per_floor":[117,48,61,26,26,55,31,66,66,85,101,133,194,213,213,310,310,326,19,19,33,51,51,76,96,167,167,198,198,226,245,245,343,343,359,359,109,109,122,72,104,104,131,161,75,35,54,114,114,114],"floor_reached":51,"playtime":4171,"items_purged":["Strike_B","Strike_B","Strike_B","Strike_B"],"score":961,"play_id":"c235536e-c01a-485e-8de5-ed3dd933991d","local_time":"20180927022201","is_ascension_mode":true,"campfire_choices":[{"data":"Defragment","floor":15,"key":"SMITH"},{"data":"Zap","floor":23,"key":"SMITH"},{"data":"White Noise","floor":29,"key":"SMITH"},{"data":"Zap","floor":32,"key":"SMITH"},{"data":"Biased Cognition","floor":49,"key":"SMITH"}],"neow_cost":"NONE","seed_source_timestamp":755227484392052,"circlet_count":0,"master_deck":["Defend_B","Defend_B","Defend_B","Defend_B","Zap+1","Dualcast+1","Conserve Battery","Defragment+1","Hello World","White Noise+1","Hologram+1","Conserve Battery","Cold Snap","Biased Cognition+1","Seek","Zap+1","Cold Snap","Go for the Eyes+1","Defragment+1","Machine Learning","Coolheaded+1","Undo+1","Sunder+1","FTL","Hologram+1","Aggregate"],"relics":["FrozenCore","NeowsBlessing","Bag of Preparation","Sundial","Meat on the Bone","Smiling Mask","Potion Belt","Bottled Tornado","Bottled Lightning","Anchor","Mummified Hand","Pen Nib","Cables","Busted Crown","Strange Spoon","Bronze Scales","Lantern","Shuriken","Tiny Chest"],"potions_floor_usage":[8,16,16,25,28,28,33,33,33,48,48],"damage_taken":[{"damage":0,"enemies":"Cultist","floor":1,"turns":1},{"damage":0,"enemies":"2 Louse","floor":3,"turns":1},{"damage":0,"enemies":"3 Sentries","floor":6,"turns":1},{"damage":16,"enemies":"Gremlin Nob","floor":8,"turns":3},{"damage":3,"enemies":"Small Slimes","floor":10,"turns":5},{"damage":6,"enemies":"Blue Slaver","floor":11,"turns":3},{"damage":13,"enemies":"Lagavulin","floor":12,"turns":7},{"damage":32,"enemies":"Lagavulin Event","floor":13,"turns":5},{"damage":3,"enemies":"Red Slaver","floor":14,"turns":4},{"damage":6,"enemies":"Hexaghost","floor":16,"turns":8},{"damage":12,"enemies":"Chosen","floor":18,"turns":7},{"damage":0,"enemies":"Shell Parasite","floor":21,"turns":9},{"damage":22,"enemies":"Cultist and Chosen","floor":22,"turns":8},{"damage":27,"enemies":"Book of Stabbing","floor":24,"turns":7},{"damage":5,"enemies":"Centurion and Healer","floor":25,"turns":9},{"damage":11,"enemies":"Gremlin Leader","floor":28,"turns":5},{"damage":0,"enemies":"Book of Stabbing","floor":30,"turns":5},{"damage":0,"enemies":"Shelled Parasite and Fungi","floor":31,"turns":5},{"damage":32,"enemies":"Automaton","floor":33,"turns":8},{"damage":0,"enemies":"3 Shapes","floor":35,"turns":6},{"damage":0,"enemies":"3 Darklings","floor":39,"turns":6},{"damage":37,"enemies":"2 Orb Walkers","floor":41,"turns":8},{"damage":13,"enemies":"Giant Head","floor":44,"turns":8},{"damage":25,"enemies":"Reptomancer","floor":47,"turns":4},{"damage":0,"enemies":"2 Orb Walkers","floor":48,"turns":5},{"damage":4,"enemies":"Donu and Deca","floor":50,"turns":6}],"seed_played":"5537309236381407357","potions_obtained":[{"floor":3,"key":"AttackPotion"},{"floor":11,"key":"LiquidBronze"},{"floor":13,"key":"Weak Potion"},{"floor":13,"key":"Regen Potion"},{"floor":14,"key":"FearPotion"},{"floor":16,"key":"Explosive Potion"},{"floor":18,"key":"Explosive Potion"},{"floor":21,"key":"SteroidPotion"},{"floor":28,"key":"AttackPotion"},{"floor":30,"key":"SteroidPotion"},{"floor":31,"key":"SpeedPotion"},{"floor":41,"key":"Fire Potion"},{"floor":47,"key":"Regen Potion"},{"floor":48,"key":"Block Potion"}],"is_trial":false,"path_per_floor":["M","$","M","$","?","E","$","E","T","M","M","E","?","M","R","B",null,"M","$","T","M","M","R","E","M","T","?","E","R","E","M","R","B",null,"M","?","$","?","M","$","E","?","T","E","$","?","M","E","R","B"],"character_chosen":"DEFECT","items_purchased":["FTL","Hello World","Hologram","Bottled Tornado","Strange Spoon","FTL"],"campfire_rested":0,"item_purchase_floors":[2,4,7,19,37,45],"current_hp_per_floor":[75,75,75,75,75,75,75,59,59,56,50,49,29,38,38,44,75,63,63,63,63,41,41,26,48,48,48,49,49,49,49,49,29,75,75,85,85,85,85,85,55,55,55,49,49,49,36,57,57,53],"gold":114,"neow_bonus":"THREE_ENEMY_KILL","is_prod":false,"is_daily":false,"chose_seed":false,"campfire_upgraded":5,"win_rate":0,"timestamp":1537989721,"path_taken":["M","?","M","$","?","E","$","E","T","?","M","E","?","M","R","BOSS","M","$","?","?","M","R","E","?","T","?","E","R","E","M","R","BOSS","M","?","?","?","?","$","E","?","T","E","$","?","M","E","R","BOSS"],"build_version":"2018-09-20","purchased_purges":4,"victory":true,"max_hp_per_floor":[75,75,75,75,75,75,75,75,75,75,75,75,75,75,75,75,75,75,75,75,75,75,75,75,75,75,75,75,75,75,75,75,75,75,75,85,85,85,85,85,85,81,81,81,81,81,81,81,81,81],"card_choices":[{"not_picked":["Ball Lightning","Stack"],"picked":"Conserve Battery","floor":1},{"not_picked":["Turbo","Auto Shields"],"picked":"Defragment","floor":3},{"not_picked":["Compile Driver","Force Field"],"picked":"White Noise","floor":6},{"not_picked":["Ball Lightning","Doom and Gloom","Reinforced Body"],"picked":"SKIP","floor":8},{"not_picked":["Sunder","Leap"],"picked":"Conserve Battery","floor":10},{"not_picked":["Leap","Sweeping Beam","Redo"],"picked":"SKIP","floor":11},{"not_picked":["Barrage","Leap","Cold Snap"],"picked":"SKIP","floor":12},{"not_picked":["Conserve Battery","Stack"],"picked":"Core Surge","floor":13},{"not_picked":["Redo","Rebound"],"picked":"Cold Snap","floor":14},{"not_picked":["Seek","Machine Learning"],"picked":"Biased Cognition","floor":16},{"not_picked":["Leap","Compile Driver","Sweeping Beam"],"picked":"SKIP","floor":18},{"not_picked":["Gash","Conserve Battery","Chill+1"],"picked":"SKIP","floor":21},{"not_picked":["Redo","Stack","Cold Snap"],"picked":"SKIP","floor":22},{"not_picked":["Hello World","Sweeping Beam","Rebound"],"picked":"SKIP","floor":24},{"not_picked":["Hello World","Sweeping Beam","Rebound"],"picked":"SKIP","floor":24},{"not_picked":["Hello World","Sweeping Beam","Rebound"],"picked":"SKIP","floor":24},{"not_picked":["Steam","Recycle"],"picked":"Seek","floor":25},{"not_picked":["Hyperbeam","Seek"],"picked":"Go for the Eyes+1","floor":28},{"not_picked":["Hello World+1","Stack"],"picked":"Defragment+1","floor":30},{"not_picked":["Hologram","Streamline","Reinforced Body"],"picked":"SKIP","floor":31},{"not_picked":["All For One","Meteor Strike"],"picked":"Machine Learning","floor":33},{"not_picked":[],"picked":"Coolheaded+1","floor":35},{"not_picked":["Coolheaded"],"picked":"SKIP","floor":39},{"not_picked":[],"picked":"Undo+1","floor":41},{"not_picked":[],"picked":"Sunder+1","floor":44},{"not_picked":[],"picked":"Hologram+1","floor":47},{"not_picked":[],"picked":"Aggregate","floor":48}],"player_experience":185767,"relics_obtained":[{"floor":6,"key":"Bag of Preparation"},{"floor":8,"key":"Sundial"},{"floor":9,"key":"Meat on the Bone"},{"floor":12,"key":"Smiling Mask"},{"floor":13,"key":"Potion Belt"},{"floor":20,"key":"Bottled Lightning"},{"floor":24,"key":"Anchor"},{"floor":26,"key":"Mummified Hand"},{"floor":28,"key":"Pen Nib"},{"floor":30,"key":"Cables"},{"floor":41,"key":"Bronze Scales"},{"floor":43,"key":"Lantern"},{"floor":44,"key":"Shuriken"},{"floor":48,"key":"Tiny Chest"}],"event_choices":[{"event_name":"The Cleric","player_choice":"Leave","floor":5,"damage_taken":0},{"event_name":"Dead Adventurer","player_choice":"Searched \u00271\u0027 times","floor":13,"damage_taken":0},{"event_name":"Match and Keep!","player_choice":"2 cards matched","floor":27,"damage_taken":0},{"event_name":"Bonfire Elementals","player_choice":"RARE","floor":36,"damage_taken":0},{"event_name":"Falling","player_choice":"Removed Attack","floor":38,"damage_taken":0},{"event_name":"Winding Halls","player_choice":"Max HP","floor":42,"damage_taken":0},{"event_name":"Designer","player_choice":"Upgrade 2 Random Cards","floor":46,"damage_taken":0}],"is_beta":false,"boss_relics":[{"not_picked":["Tiny House","Sozu"],"picked":"FrozenCore"},{"not_picked":["Velvet Choker","Empty Cage"],"picked":"Busted Crown"}],"items_purged_floors":[19,37,40,45],"is_endless":false,"potions_floor_spawned":[3,11,13,13,14,16,18,21,28,30,31,41,47,48],"ascension_level":3}