{"path_per_floor":["M","$","$","?","?","R","M","R","T","R","E","M","M","?","R","B",null,"M","M","?","M"],"character_chosen":"DEFECT","items_purchased":["Loop"],"gold_per_floor":[118,36,36,36,111,111,134,134,134,134,177,193,208,287,287,416,416,435,458,458,479,479],"floor_reached":22,"campfire_rested":2,"playtime":1053,"item_purchase_floors":[2],"current_hp_per_floor":[74,74,74,56,45,45,34,34,34,56,34,33,20,3,25,17,75,64,64,64,57,0],"items_purged":[],"gold":479,"score":202,"play_id":"ebba4fbc-a753-445a-808c-e535bb848f16","local_time":"20180526125859","is_prod":false,"is_daily":false,"chose_seed":false,"is_ascension_mode":true,"campfire_upgraded":2,"win_rate":0,"timestamp":1527310739,"campfire_choices":[{"data":"Zap","floor":6,"key":"SMITH"},{"data":"Coolheaded","floor":8,"key":"SMITH"},{"floor":10,"key":"REST"},{"floor":15,"key":"REST"}],"path_taken":["M","?","$","?","?","R","M","R","T","R","E","M","?","?","R","BOSS","M","M","?","M","?"],"build_version":"2018-05-24","seed_source_timestamp":9286910963303,"purchased_purges":0,"victory":false,"master_deck":["Strike_B+1","Strike_B+1","Strike_B+1","Strike_B+1","Defend_B+1","Defend_B+1","Defend_B+1","Defend_B+1","Zap+1","Dualcast","Amplify","Hello World","Loop","Coolheaded+1","Doom and Gloom","Darkness","Beam Cell","Storm","Multi-Cast","Rebound","Go for the Eyes+1"],"max_hp_per_floor":[75,75,75,75,75,75,75,75,75,75,75,75,75,75,75,75,75,75,75,75,75,75],"relics":["Cracked Core","Golden Idol","Torii","Ancient Tea Set","Pen Nib","Sozu"],"card_choices":[{"not_picked":["Cold Snap","Redo"],"picked":"Hello World","floor":1},{"not_picked":["Fusion","Barrage"],"picked":"Coolheaded","floor":7},{"not_picked":["Leap","Compile Driver"],"picked":"Doom and Gloom","floor":11},{"not_picked":["Barrage","Sweeping Beam"],"picked":"Darkness","floor":12},{"not_picked":["Rebound","Hologram"],"picked":"Beam Cell","floor":13},{"not_picked":["Double Energy","Sweeping Beam"],"picked":"Storm","floor":14},{"not_picked":["Rainbow","Meteor Strike"],"picked":"Multi-Cast","floor":16},{"not_picked":["Turbo","Darkness"],"picked":"Rebound","floor":18},{"not_picked":["Barrage","Auto Shields+1"],"picked":"Go for the Eyes+1","floor":19},{"not_picked":["Genetic Algorithm","Sweeping Beam","Leap"],"picked":"SKIP","floor":21}],"player_experience":50116,"potions_floor_usage":[14,19,19],"damage_taken":[{"damage":1,"enemies":"Cultist","floor":1,"turns":3},{"damage":11,"enemies":"2 Louse","floor":7,"turns":2},{"damage":22,"enemies":"Lagavulin","floor":11,"turns":8},{"damage":1,"enemies":"Jaw Worm","floor":12,"turns":4},{"damage":13,"enemies":"2 Fungi Beasts","floor":13,"turns":4},{"damage":17,"enemies":"Gremlin Nob","floor":14,"turns":4},{"damage":8,"enemies":"Slime Boss","floor":16,"turns":7},{"damage":11,"enemies":"Spheric Guardian","floor":18,"turns":4},{"damage":0,"enemies":"Chosen","floor":19,"turns":4},{"damage":7,"enemies":"Snecko","floor":21,"turns":5},{"damage":59,"enemies":"Masked Bandits","floor":22,"turns":3}],"relics_obtained":[{"floor":9,"key":"Torii"},{"floor":11,"key":"Ancient Tea Set"},{"floor":14,"key":"Pen Nib"}],"event_choices":[{"event_name":"Golden Idol","player_choice":"Take Damage","floor":4,"damage_taken":0},{"event_name":"World of Goop","player_choice":"Gather Gold","floor":5,"damage_taken":0},{"event_name":"Dead Adventurer","player_choice":"Searched \u00271\u0027 times","floor":14,"damage_taken":0},{"event_name":"Back to Basics","player_choice":"Simplicity","floor":20,"damage_taken":0},{"event_name":"Masked Bandits","player_choice":"Fought over 479 gold","floor":22,"damage_taken":0}],"boss_relics":[{"not_picked":["Orrery","Velvet Choker"],"picked":"Sozu"}],"items_purged_floors":[],"potions_floor_spawned":[1,13,14,18,21],"seed_played":"-2557417073080011559","killed_by":"Masked Bandits","ascension_level":2,"potions_obtained":[{"floor":1,"key":"Explosive Potion"},{"floor":13,"key":"Dexterity Potion"},{"floor":14,"key":"Explosive Potion"}],"is_trial":false}