{"gold_per_floor":[119,133,147,2,21,21,33,59,133,133,133,133],"floor_reached":12,"playtime":720,"items_purged":["Strike_G"],"score":132,"play_id":"77db7d5b-05c5-4be8-b8c2-3149be841212","local_time":"20190301201306","is_ascension_mode":true,"campfire_choices":[{"data":"Neutralize","floor":6,"key":"SMITH"},{"data":"Dagger Spray","floor":10,"key":"SMITH"}],"neow_cost":"NONE","seed_source_timestamp":1263406194008955,"circlet_count":0,"master_deck":["AscendersBane","Defend_G","Defend_G","Defend_G","Defend_G","Defend_G","Strike_G","Strike_G","Strike_G","Survivor","Neutralize+1","Dagger Spray+1","Backflip","Cloak And Dagger","Well Laid Plans","Blur"],"relics":["Ring of the Snake","Matryoshka","Ancient Tea Set","Blue Candle"],"potions_floor_usage":[5],"damage_taken":[{"damage":0,"enemies":"2 Louse","floor":1,"turns":4},{"damage":0,"enemies":"Small Slimes","floor":2,"turns":4},{"damage":3,"enemies":"Cultist","floor":3,"turns":4},{"damage":0,"enemies":"Large Slime","floor":5,"turns":9},{"damage":0,"enemies":"Blue Slaver","floor":7,"turns":6},{"damage":17,"enemies":"3 Sentries","floor":8,"turns":11},{"damage":41,"enemies":"Lagavulin","floor":12,"turns":11}],"seed_played":"8278124167565784519","potions_obtained":[{"floor":2,"key":"Block Potion"},{"floor":3,"key":"Ancient Potion"}],"is_trial":false,"path_per_floor":["M","M","M","$","M","R","M","E","T","R","?","E"],"character_chosen":"THE_SILENT","items_purchased":["Well Laid Plans"],"campfire_rested":0,"item_purchase_floors":[4],"current_hp_per_floor":[63,63,60,60,60,60,60,43,43,43,36,0],"gold":133,"neow_bonus":"THREE_CARDS","is_prod":false,"is_daily":false,"chose_seed":false,"campfire_upgraded":2,"win_rate":0,"timestamp":1551467586,"path_taken":["M","M","M","$","M","R","M","E","T","R","?","E"],"build_version":"2019-01-23","purchased_purges":1,"victory":false,"max_hp_per_floor":[70,70,70,70,70,70,70,70,70,70,70,70],"card_choices":[{"not_picked":["Prepared","Underhanded Strike"],"picked":"Dagger Spray","floor":0},{"not_picked":["Blade Dance","Endless Agony","Calculated Gamble"],"picked":"SKIP","floor":1},{"not_picked":["Underhanded Strike","Bouncing Flask"],"picked":"Backflip","floor":2},{"not_picked":["Bane","Choke"],"picked":"Cloak And Dagger","floor":3},{"not_picked":["Backflip","Dodge and Roll","Flechettes"],"picked":"SKIP","floor":5},{"not_picked":["Well Laid Plans","Deflect","Endless Agony"],"picked":"SKIP","floor":7},{"not_picked":["Prepared","Poisoned Stab"],"picked":"Blur","floor":8}],"player_experience":684800,"relics_obtained":[{"floor":8,"key":"Matryoshka"},{"floor":9,"key":"Ancient Tea Set"},{"floor":9,"key":"Blue Candle"}],"event_choices":[{"cards_removed":["Strike_G"],"damage_healed":0,"gold_gain":0,"player_choice":"Card Removal","damage_taken":7,"max_hp_gain":0,"max_hp_loss":0,"event_name":"Golden Wing","floor":11,"gold_loss":0}],"is_beta":false,"boss_relics":[],"items_purged_floors":[4],"is_endless":false,"potions_floor_spawned":[2,3],"killed_by":"Lagavulin","ascension_level":13}