{"gold_per_floor":[114,114,130,130,130,130,141,141,141,141,66,66,89,102,102,226,226,250,283,283,296,296,296,315,315,338,370,382,180,180,195,195,326,326,340,340,144,165,190,190,190],"floor_reached":41,"playtime":1883,"items_purged":["Strike_B","Strike_B+1","Strike_B+1"],"score":381,"play_id":"62b4564f-2427-42bc-955f-dcfeb5fba636","local_time":"20190212230043","is_ascension_mode":false,"campfire_choices":[{"data":"Zap","floor":6,"key":"SMITH"},{"data":"Dualcast","floor":8,"key":"SMITH"},{"data":"Chaos","floor":15,"key":"SMITH"},{"data":"Buffer","floor":23,"key":"SMITH"},{"data":"Electrodynamics","floor":25,"key":"SMITH"},{"data":"Self Repair","floor":28,"key":"SMITH"},{"data":"Redo","floor":30,"key":"SMITH"},{"data":"Reinforced Body","floor":32,"key":"SMITH"},{"data":"Defragment","floor":40,"key":"SMITH"}],"neow_cost":"NONE","seed_source_timestamp":6665917508211,"circlet_count":0,"master_deck":["Defend_B+1","Defend_B+1","Defend_B+1","Zap+1","Dualcast+1","Defragment+1","Sweeping Beam","Chaos+1","Buffer+1","Electrodynamics+1","Ball Lightning","Self Repair+1","Rebound","Reinforced Body+1","Redo+1","Multi-Cast+1","Defragment+1"],"relics":["Cracked Core","Bronze Scales","Golden Idol","Busted Crown","Red Mask","MawBank","Cursed Key"],"potions_floor_usage":[16,16,24,27],"damage_taken":[{"damage":3,"enemies":"2 Louse","floor":1,"turns":3},{"damage":0,"enemies":"Jaw Worm","floor":3,"turns":4},{"damage":0,"enemies":"Small Slimes","floor":7,"turns":3},{"damage":2,"enemies":"Looter","floor":13,"turns":2},{"damage":0,"enemies":"Large Slime","floor":14,"turns":3},{"damage":10,"enemies":"Slime Boss","floor":16,"turns":9},{"damage":0,"enemies":"Chosen","floor":18,"turns":4},{"damage":5,"enemies":"Masked Bandits","floor":19,"turns":2},{"damage":7,"enemies":"2 Thieves","floor":21,"turns":2},{"damage":0,"enemies":"Snecko","floor":24,"turns":4},{"damage":0,"enemies":"3 Cultists","floor":27,"turns":2},{"damage":20,"enemies":"Snake Plant","floor":31,"turns":3},{"damage":52,"enemies":"Champ","floor":33,"turns":15},{"damage":0,"enemies":"3 Darklings","floor":35,"turns":4},{"damage":0,"enemies":"Orb Walker","floor":38,"turns":3},{"damage":0,"enemies":"Transient","floor":39,"turns":5},{"damage":89,"enemies":"Reptomancer","floor":41,"turns":4}],"seed_played":"8011272051295463818","potions_obtained":[{"floor":1,"key":"Strength Potion"},{"floor":13,"key":"Fruit Juice"},{"floor":18,"key":"Ancient Potion"},{"floor":19,"key":"FocusPotion"},{"floor":20,"key":"Block Potion"},{"floor":20,"key":"GamblersBrew"},{"floor":24,"key":"FocusPotion"},{"floor":31,"key":"FearPotion"},{"floor":35,"key":"Energy Potion"},{"floor":38,"key":"Energy Potion"}],"is_trial":false,"path_per_floor":["M","?","M","?","?","R","M","R","T","?","$","?","M","M","R","B",null,"M","?","?","M","?","R","M","R","T","M","R","$","R","M","R","B",null,"M","?","$","M","M","R","E"],"character_chosen":"DEFECT","items_purchased":["Reinforced Body","Redo","Defragment"],"campfire_rested":0,"item_purchase_floors":[29,29,37],"current_hp_per_floor":[72,57,57,62,62,62,62,62,62,62,62,55,53,53,53,48,79,79,74,74,67,67,67,67,67,67,74,74,74,74,64,64,22,79,79,79,79,79,79,79,0],"gold":190,"neow_bonus":"REMOVE_CARD","is_prod":false,"is_daily":false,"chose_seed":false,"campfire_upgraded":9,"win_rate":0,"timestamp":1549980043,"path_taken":["M","?","M","?","?","R","M","R","T","?","$","?","M","M","R","BOSS","M","?","?","?","?","R","M","R","T","M","R","?","R","M","R","BOSS","M","?","$","?","M","R","E"],"build_version":"2019-01-23","purchased_purges":3,"victory":false,"max_hp_per_floor":[75,75,75,80,80,80,80,80,80,74,74,74,74,74,74,79,79,79,79,79,79,79,79,79,79,79,79,79,79,79,79,79,79,79,79,79,79,79,79,79,79],"card_choices":[{"not_picked":["Self Repair","Compile Driver"],"picked":"Defragment","floor":1},{"not_picked":["Consume","BootSequence","Hologram"],"picked":"SKIP","floor":3},{"not_picked":["Barrage","Steam"],"picked":"Sweeping Beam","floor":7},{"not_picked":["Gash","Go for the Eyes"],"picked":"Chaos","floor":13},{"not_picked":["Steam Power","Coolheaded"],"picked":"Buffer","floor":14},{"not_picked":["Reboot","Thunder Strike"],"picked":"Electrodynamics","floor":16},{"not_picked":[],"picked":"Ball Lightning","floor":18},{"not_picked":["Lockon"],"picked":"SKIP","floor":21},{"not_picked":[],"picked":"Self Repair","floor":24},{"not_picked":[],"picked":"Rebound","floor":27},{"not_picked":["Cold Snap"],"picked":"SKIP","floor":31},{"not_picked":[],"picked":"Multi-Cast","floor":33},{"not_picked":["Sweeping Beam+1"],"picked":"SKIP","floor":35},{"not_picked":["Leap+1"],"picked":"SKIP","floor":38},{"not_picked":["Turbo+1"],"picked":"SKIP","floor":39}],"player_experience":432451,"relics_obtained":[{"floor":9,"key":"Bronze Scales"},{"floor":19,"key":"Red Mask"},{"floor":26,"key":"MawBank"}],"event_choices":[{"damage_healed":0,"gold_gain":0,"player_choice":"Entered Light","damage_taken":15,"max_hp_gain":0,"max_hp_loss":0,"event_name":"Shining Light","floor":2,"gold_loss":0,"cards_upgraded":["Defend_B","Defragment"]},{"damage_healed":0,"gold_gain":0,"player_choice":"Donut","damage_taken":0,"max_hp_gain":5,"max_hp_loss":0,"event_name":"Big Fish","floor":4,"gold_loss":0},{"damage_healed":0,"gold_gain":0,"player_choice":"Ignored","damage_taken":0,"max_hp_gain":0,"max_hp_loss":0,"event_name":"Liars Game","floor":5,"gold_loss":0},{"damage_healed":0,"gold_gain":0,"player_choice":"Lose Max HP","damage_taken":0,"relics_obtained":["Golden Idol"],"max_hp_gain":0,"max_hp_loss":6,"event_name":"Golden Idol","floor":10,"gold_loss":0},{"cards_removed":["Defend_B"],"damage_healed":0,"gold_gain":0,"player_choice":"Card Removal","damage_taken":7,"max_hp_gain":0,"max_hp_loss":0,"event_name":"Golden Wing","floor":12,"gold_loss":0},{"damage_healed":0,"gold_gain":0,"player_choice":"Fought Bandits","damage_taken":0,"max_hp_gain":0,"max_hp_loss":0,"event_name":"Masked Bandits","floor":19,"gold_loss":0},{"damage_healed":0,"gold_gain":0,"player_choice":"Got Potions","damage_taken":0,"max_hp_gain":0,"max_hp_loss":0,"event_name":"Lab","floor":20,"gold_loss":0},{"damage_healed":0,"gold_gain":0,"player_choice":"Simplicity","damage_taken":0,"max_hp_gain":0,"max_hp_loss":0,"event_name":"Back to Basics","floor":22,"gold_loss":0,"cards_upgraded":["Strike_B","Strike_B","Defend_B","Defend_B"]},{"damage_healed":0,"gold_gain":0,"player_choice":"Upgraded","damage_taken":0,"max_hp_gain":0,"max_hp_loss":0,"event_name":"Upgrade Shrine","floor":36,"gold_loss":0,"cards_upgraded":["Multi-Cast"]}],"is_beta":false,"boss_relics":[{"not_picked":["Coffee Dripper","Lizard Tail"],"picked":"Busted Crown"},{"not_picked":["Orrery","Eternal Feather"],"picked":"Cursed Key"}],"items_purged_floors":[11,29,37],"is_endless":false,"potions_floor_spawned":[1,13,18,19,24,31,35,38],"killed_by":"Reptomancer","ascension_level":0}