{"gold_per_floor":[114,88,88,88,108,108,128,148,148,160,160,160,47,57,57,57],"floor_reached":16,"playtime":600,"items_purged":[],"score":179,"play_id":"d2a5a8ec-f64b-4b49-b6f6-91940e8b0001","local_time":"20190228230804","is_ascension_mode":true,"campfire_choices":[{"floor":6,"key":"REST"},{"floor":15,"key":"REST"}],"neow_cost":"NONE","seed_source_timestamp":579973544246095,"circlet_count":0,"master_deck":["AscendersBane","Strike_R","Strike_R","Strike_R","Defend_R","Defend_R","Defend_R","Bash","Headbutt","True Grit","Shrug It Off","Corruption","Second Wind","Inflame","Armaments"],"relics":["Empty Cage","Incense Burner"],"potions_floor_usage":[12,16],"damage_taken":[{"damage":6,"enemies":"Cultist","floor":1,"turns":4},{"damage":3,"enemies":"2 Louse","floor":5,"turns":5},{"damage":5,"enemies":"Small Slimes","floor":7,"turns":4},{"damage":26,"enemies":"Exordium Thugs","floor":8,"turns":6},{"damage":32,"enemies":"3 Louse","floor":10,"turns":6},{"damage":0,"enemies":"Lagavulin","floor":12,"turns":1},{"damage":6,"enemies":"Blue Slaver","floor":14,"turns":4},{"damage":40,"enemies":"Slime Boss","floor":16,"turns":10}],"seed_played":"4491416755170916205","potions_obtained":[{"floor":10,"key":"SmokeBomb"},{"floor":14,"key":"Block Potion"}],"is_trial":false,"path_per_floor":["M","$","?","?","M","R","M","M","T","M","?","E","$","M","R","B"],"character_chosen":"IRONCLAD","items_purchased":["True Grit","Inflame","Armaments"],"campfire_rested":2,"item_purchase_floors":[2,13,13],"current_hp_per_floor":[62,62,51,51,48,70,65,39,39,7,7,7,7,1,23,0],"gold":57,"neow_bonus":"BOSS_RELIC","is_prod":false,"is_daily":false,"chose_seed":false,"campfire_upgraded":0,"win_rate":0,"timestamp":1551362884,"path_taken":["M","?","?","?","M","R","M","M","T","M","?","E","$","M","R","BOSS"],"build_version":"2019-01-23","purchased_purges":0,"victory":false,"max_hp_per_floor":[75,75,75,75,75,75,75,75,75,75,75,75,75,75,75,75],"card_choices":[{"not_picked":["True Grit","Anger"],"picked":"Headbutt","floor":1},{"not_picked":["Shockwave","Bloodletting"],"picked":"Shrug It Off","floor":5},{"not_picked":["Pommel Strike","Searing Blow"],"picked":"Corruption","floor":7},{"not_picked":["Carnage","Heavy Blade","Havoc"],"picked":"SKIP","floor":8},{"not_picked":["Cleave","Heavy Blade"],"picked":"Second Wind","floor":10},{"not_picked":["Shockwave","Body Slam","Shrug It Off"],"picked":"SKIP","floor":14}],"player_experience":135133,"relics_obtained":[{"floor":9,"key":"Incense Burner"}],"event_choices":[{"damage_healed":0,"gold_gain":0,"player_choice":"Fled","damage_taken":11,"max_hp_gain":0,"max_hp_loss":0,"event_name":"Scrap Ooze","floor":3,"gold_loss":0},{"damage_healed":0,"gold_gain":0,"player_choice":"Ignored","damage_taken":0,"max_hp_gain":0,"max_hp_loss":0,"event_name":"Liars Game","floor":4,"gold_loss":0},{"cards_removed":["Defend_R"],"damage_healed":0,"gold_gain":0,"player_choice":"Purged","damage_taken":0,"max_hp_gain":0,"max_hp_loss":0,"event_name":"Purifier","floor":11,"gold_loss":0}],"is_beta":false,"boss_relics":[],"items_purged_floors":[],"is_endless":false,"potions_floor_spawned":[10,12,14],"killed_by":"Slime Boss","ascension_level":15}