{"gold_per_floor":[114,129,204,219,234,84,99,114,114,144,150,150,150,169,169,294,294,279,279,279,279,239,89,4,4,4,4,4,4,4,4,4,4,4,4,4,4,4,0,0,0,0,0,0,0,0,0,0,0,0],"floor_reached":51,"playtime":3577,"items_purged":[],"score":755,"play_id":"95b526c0-f874-4b3d-b3f7-c3b6be81dc4d","local_time":"20181027225508","daily_mods":["SealedDeck","Uncertain Future","Lethality"],"is_ascension_mode":false,"campfire_choices":[{"data":"Genetic Algorithm","floor":12,"key":"SMITH"},{"data":"Auto Shields","floor":15,"key":"SMITH"},{"data":"1","floor":30,"key":"LIFT"},{"data":"Seek","floor":32,"key":"SMITH"},{"data":"2","floor":40,"key":"LIFT"},{"data":"3","floor":42,"key":"LIFT"},{"floor":49,"key":"REST"}],"neow_cost":"","seed_source_timestamp":1522775983232905,"circlet_count":0,"master_deck":["Conserve Battery","Gash+1","Beam Cell","Genetic Algorithm+1","Hologram","Sweeping Beam","Conserve Battery","Gash","FTL","Gash","Hologram","Auto Shields+1","Seek+1","Streamline","Sweeping Beam+1","Genetic Algorithm+1","Hologram+1","FTL+1","All For One","All For One"],"special_seed":17832,"relics":["Cracked Core","Lantern","Bronze Scales","Juzu Bracelet","Omamori","Golden Idol","Ectoplasm","Strawberry","Girya","Bag of Marbles","Boot","Fusion Hammer","Red Mask","Old Coin","Darkstone Periapt"],"potions_floor_usage":[11,16,16,16,21,27,50],"damage_taken":[{"damage":0,"enemies":"2 Louse","floor":1,"turns":1},{"damage":0,"enemies":"Small Slimes","floor":2,"turns":1},{"damage":0,"enemies":"Jaw Worm","floor":4,"turns":1},{"damage":3,"enemies":"Exordium Wildlife","floor":5,"turns":2},{"damage":0,"enemies":"3 Louse","floor":7,"turns":1},{"damage":3,"enemies":"Exordium Thugs","floor":8,"turns":2},{"damage":2,"enemies":"3 Sentries","floor":10,"turns":4},{"damage":0,"enemies":"3 Sentries","floor":11,"turns":4},{"damage":0,"enemies":"Exordium Wildlife","floor":14,"turns":2},{"damage":0,"enemies":"Slime Boss","floor":16,"turns":6},{"damage":0,"enemies":"2 Thieves","floor":18,"turns":2},{"damage":0,"enemies":"Chosen","floor":19,"turns":3},{"damage":0,"enemies":"3 Cultists","floor":20,"turns":4},{"damage":0,"enemies":"Snecko","floor":21,"turns":3},{"damage":4,"enemies":"Book of Stabbing","floor":27,"turns":3},{"damage":0,"enemies":"Centurion and Healer","floor":28,"turns":2},{"damage":0,"enemies":"3 Cultists","floor":29,"turns":1},{"damage":0,"enemies":"Snecko","floor":31,"turns":2},{"damage":14,"enemies":"Collector","floor":33,"turns":4},{"damage":0,"enemies":"Orb Walker","floor":35,"turns":2},{"damage":0,"enemies":"3 Shapes","floor":36,"turns":1},{"damage":0,"enemies":"Transient","floor":37,"turns":5},{"damage":0,"enemies":"Reptomancer","floor":41,"turns":2},{"damage":0,"enemies":"3 Darklings","floor":46,"turns":1},{"damage":0,"enemies":"Sphere and 2 Shapes","floor":47,"turns":2},{"damage":0,"enemies":"4 Shapes","floor":48,"turns":1},{"damage":14,"enemies":"Awakened One","floor":50,"turns":5}],"seed_played":"5963366377252793879","potions_obtained":[{"floor":1,"key":"Swift Potion"},{"floor":2,"key":"EntropicBrew"},{"floor":7,"key":"Regen Potion"},{"floor":16,"key":"SpeedPotion"},{"floor":21,"key":"Dexterity Potion"},{"floor":25,"key":"Fire Potion"},{"floor":27,"key":"LiquidBronze"},{"floor":41,"key":"Explosive Potion"},{"floor":46,"key":"Strength Potion"}],"is_trial":false,"path_per_floor":["M","M","?","M","M","$","M","M","T","E","?","R","?","M","R","B",null,"M","M","M","M","?","$","?","?","T","E","M","M","R","M","R","B",null,"M","M","M","?","?","R","E","R","T","?","$","M","M","M","R","B"],"character_chosen":"DEFECT","items_purchased":["Lantern","Strawberry"],"campfire_rested":1,"item_purchase_floors":[6,23],"current_hp_per_floor":[75,75,64,64,61,61,61,58,58,56,56,56,38,38,38,47,75,75,75,75,75,75,82,82,82,82,78,78,78,78,78,78,64,82,82,82,82,82,82,82,82,82,82,82,82,82,82,82,82,68],"gold":0,"neow_bonus":"","is_prod":false,"is_daily":true,"chose_seed":false,"campfire_upgraded":3,"win_rate":0,"timestamp":1540706108,"path_taken":["M","M","?","M","M","$","M","M","T","E","?","R","?","M","R","BOSS","M","M","M","M","?","$","?","?","T","E","M","M","R","M","R","BOSS","M","M","M","?","?","R","E","R","T","?","$","M","M","M","R","BOSS"],"build_version":"2018-10-25v2","purchased_purges":0,"victory":true,"max_hp_per_floor":[75,75,75,75,75,75,75,75,75,75,75,75,75,75,75,75,75,75,75,75,75,75,82,82,82,82,82,82,82,82,82,82,82,82,82,82,82,82,82,82,82,82,82,82,82,82,82,82,82,82],"card_choices":[{"not_picked":["Ball Lightning","Cold Snap"],"picked":"Hologram","floor":1},{"not_picked":["Skim","Ball Lightning"],"picked":"Auto Shields","floor":2},{"not_picked":["Conserve Battery","Hello World","Capacitor"],"picked":"SKIP","floor":4},{"not_picked":["Ball Lightning","Steam","Coolheaded"],"picked":"SKIP","floor":5},{"not_picked":["Beam Cell","Glacier","Ball Lightning"],"picked":"SKIP","floor":7},{"not_picked":["Hello World","Creative AI","Compile Driver"],"picked":"SKIP","floor":8},{"not_picked":["Loop","Static Discharge","Sweeping Beam"],"picked":"SKIP","floor":10},{"not_picked":["Darkness","Barrage","Beam Cell"],"picked":"SKIP","floor":14},{"not_picked":["Rainbow","Core Surge"],"picked":"Seek","floor":16},{"not_picked":["Tempest","Leap"],"picked":"Streamline","floor":18},{"not_picked":["Compile Driver","Barrage+1","Hello World"],"picked":"SKIP","floor":19},{"not_picked":["Beam Cell","Darkness"],"picked":"Sweeping Beam+1","floor":20},{"not_picked":["Conserve Battery","Turbo"],"picked":"Genetic Algorithm","floor":21},{"not_picked":["Melter","Steam Power"],"picked":"Hologram+1","floor":27},{"not_picked":["Static Discharge","Sweeping Beam"],"picked":"FTL+1","floor":28},{"not_picked":["Coolheaded","Streamline","Hello World"],"picked":"SKIP","floor":29},{"not_picked":["Steam+1","Beam Cell","Ball Lightning+1"],"picked":"SKIP","floor":31},{"not_picked":["Meteor Strike","Machine Learning"],"picked":"All For One","floor":33},{"not_picked":["Aggregate","Coolheaded","Redo"],"picked":"SKIP","floor":35},{"not_picked":["Double Energy","Redo","Ball Lightning+1"],"picked":"SKIP","floor":36},{"not_picked":["Melter","Beam Cell","Conserve Battery+1"],"picked":"SKIP","floor":37},{"not_picked":["Force Field","Turbo+1","Heatsinks+1"],"picked":"SKIP","floor":41},{"not_picked":["Blizzard","Rebound+1"],"picked":"All For One","floor":46},{"not_picked":["Turbo","Cold Snap+1","Rebound"],"picked":"SKIP","floor":47},{"not_picked":["Fusion+1","Reprogram+1","Chill"],"picked":"SKIP","floor":48}],"player_experience":138843,"relics_obtained":[{"floor":9,"key":"Bronze Scales"},{"floor":10,"key":"Juzu Bracelet"},{"floor":11,"key":"Omamori"},{"floor":26,"key":"Bag of Marbles"},{"floor":27,"key":"Boot"},{"floor":41,"key":"Old Coin"},{"floor":43,"key":"Darkstone Periapt"}],"event_choices":[{"damage_healed":0,"gold_gain":75,"player_choice":"Gather Gold","damage_taken":11,"max_hp_gain":0,"max_hp_loss":0,"event_name":"World of Goop","floor":3,"gold_loss":0},{"damage_healed":0,"gold_gain":30,"player_choice":"Searched \u00272\u0027 times","damage_taken":0,"max_hp_gain":0,"max_hp_loss":0,"event_name":"Dead Adventurer","floor":11,"gold_loss":0},{"damage_healed":0,"gold_gain":0,"player_choice":"Take Damage","damage_taken":18,"relics_obtained":["Golden Idol"],"max_hp_gain":0,"max_hp_loss":0,"event_name":"Golden Idol","floor":13,"gold_loss":0},{"damage_healed":0,"gold_gain":0,"player_choice":"Upgraded Two","damage_taken":0,"max_hp_gain":0,"max_hp_loss":0,"event_name":"Designer","floor":22,"gold_loss":40,"cards_upgraded":["Genetic Algorithm","Gash"]},{"damage_healed":0,"gold_gain":0,"player_choice":"Obtained Relic","damage_taken":0,"relics_obtained":["Girya"],"max_hp_gain":0,"max_hp_loss":0,"event_name":"Addict","floor":24,"gold_loss":85},{"damage_healed":0,"gold_gain":0,"player_choice":"Got Potions","damage_taken":0,"max_hp_gain":0,"max_hp_loss":0,"event_name":"The Lab","floor":25,"gold_loss":0},{"damage_healed":0,"gold_gain":0,"player_choice":"Ignored","damage_taken":0,"max_hp_gain":0,"max_hp_loss":0,"event_name":"The Moai Head","floor":38,"gold_loss":0},{"damage_healed":0,"gold_gain":0,"player_choice":"Paid","damage_taken":0,"relics_obtained":["Red Mask"],"max_hp_gain":0,"max_hp_loss":0,"event_name":"Tomb of Lord Red Mask","floor":39,"gold_loss":4},{"damage_healed":0,"gold_gain":0,"player_choice":"Memory 1","damage_taken":0,"max_hp_gain":0,"max_hp_loss":0,"event_name":"SensoryStone","floor":44,"gold_loss":0}],"is_beta":false,"boss_relics":[{"not_picked":["Lizard Tail","Cursed Key"],"picked":"Ectoplasm"},{"not_picked":["Eternal Feather","Snecko Eye"],"picked":"Fusion Hammer"}],"items_purged_floors":[],"is_endless":false,"potions_floor_spawned":[1,2,7,16,20,21,27,28,41,46,47],"ascension_level":0}