{"gold_per_floor":[109,124,57,57,72,99,99,126,150,160,15,15,15,28,28,124,124,134,63,163,163,180,180,198,198,243,257,257,182,182,195,195,298,298,315,315,315,327,351,363,275,290,290,290,82,82,98,0,0,0],"floor_reached":51,"playtime":5120,"items_purged":["Strike_G","Caltrops"],"score":628,"play_id":"44e62a97-e5ce-42a9-a972-a5d77a61f8dd","local_time":"20181017151245","is_ascension_mode":false,"campfire_choices":[{"data":"Crippling Poison","floor":7,"key":"SMITH"},{"floor":13,"key":"REST"},{"data":"Footwork","floor":15,"key":"SMITH"},{"data":"Noxious Fumes","floor":23,"key":"SMITH"},{"floor":25,"key":"REST"},{"floor":30,"key":"REST"},{"floor":32,"key":"REST"},{"data":"Catalyst","floor":40,"key":"SMITH"},{"data":"Catalyst","floor":46,"key":"SMITH"},{"floor":49,"key":"REST"}],"neow_cost":"NONE","seed_source_timestamp":641762989587498,"circlet_count":0,"master_deck":["Defend_G","Defend_G","Defend_G","Defend_G","Survivor","Neutralize","Crippling Poison+1","Bane","Catalyst+1","Bane","Footwork+1","Poisoned Stab","Dagger Throw","Corpse Explosion","Bane","Well Laid Plans+1","Infinite Blades+1","Sucker Punch+1","Noxious Fumes+1","Finisher","Escape Plan+1","Prepared+1","Adrenaline","Crippling Poison+1","Acrobatics+1","Catalyst+1","Writhe","Terror"],"relics":["Ring of the Snake","Juzu Bracelet","Bronze Scales","Vajra","Astrolabe","Lantern","HoveringKite","MawBank","Darkstone Periapt","TwistedFunnel","Red Mask"],"potions_floor_usage":[24,33,50,50],"damage_taken":[{"damage":1,"enemies":"Small Slimes","floor":1,"turns":4},{"damage":1,"enemies":"Cultist","floor":2,"turns":4},{"damage":0,"enemies":"2 Louse","floor":5,"turns":2},{"damage":13,"enemies":"Lagavulin","floor":6,"turns":8},{"damage":27,"enemies":"Gremlin Nob","floor":8,"turns":5},{"damage":0,"enemies":"2 Fungi Beasts","floor":10,"turns":3},{"damage":6,"enemies":"3 Louse","floor":14,"turns":2},{"damage":26,"enemies":"The Guardian","floor":16,"turns":8},{"damage":27,"enemies":"2 Thieves","floor":18,"turns":3},{"damage":17,"enemies":"Spheric Guardian","floor":22,"turns":6},{"damage":11,"enemies":"Snecko","floor":24,"turns":3},{"damage":9,"enemies":"Centurion and Healer","floor":27,"turns":4},{"damage":10,"enemies":"Snake Plant","floor":31,"turns":3},{"damage":55,"enemies":"Collector","floor":33,"turns":8},{"damage":11,"enemies":"3 Darklings","floor":35,"turns":3},{"damage":9,"enemies":"Orb Walker","floor":38,"turns":4},{"damage":15,"enemies":"4 Shapes","floor":42,"turns":2},{"damage":0,"enemies":"Reptomancer","floor":47,"turns":4},{"damage":37,"enemies":"Time Eater","floor":50,"turns":5}],"seed_played":"-3729840922979513313","potions_obtained":[{"floor":6,"key":"SteroidPotion"},{"floor":8,"key":"Swift Potion"},{"floor":14,"key":"FearPotion"},{"floor":27,"key":"Fire Potion"},{"floor":33,"key":"FearPotion"},{"floor":47,"key":"Block Potion"}],"is_trial":false,"path_per_floor":["M","M","$","?","M","E","R","E","T","M","$","?","R","M","R","B",null,"M","$","?","?","M","R","M","R","T","M","?","$","R","M","R","B",null,"M","?","?","M","T","R","$","M","T","?","$","R","M","?","R","B"],"character_chosen":"THE_SILENT","items_purchased":["Catalyst","Corpse Explosion","Noxious Fumes","TwistedFunnel"],"campfire_rested":5,"item_purchase_floors":[3,11,19,45],"current_hp_per_floor":[69,68,68,68,68,55,55,28,28,28,28,33,55,49,49,23,75,48,48,48,41,24,24,13,35,35,26,26,26,48,38,60,5,75,64,64,64,55,55,55,55,40,40,65,65,65,65,65,81,44],"gold":0,"neow_bonus":"TRANSFORM_CARD","is_prod":false,"is_daily":false,"chose_seed":false,"campfire_upgraded":5,"win_rate":0.0,"timestamp":1539814365,"path_taken":["M","M","$","?","M","E","R","E","T","M","$","?","R","M","R","BOSS","M","$","?","?","M","R","M","R","T","M","?","$","R","M","R","BOSS","M","?","?","M","?","R","?","M","T","?","$","R","M","?","R","BOSS"],"build_version":"2018-10-11","purchased_purges":2,"victory":true,"max_hp_per_floor":[70,70,70,70,70,70,70,70,70,70,70,75,75,75,75,75,75,75,75,75,75,75,75,75,75,75,75,75,75,75,75,75,75,75,75,75,75,75,75,75,75,75,75,81,81,81,81,81,81,81],"card_choices":[{"not_picked":["Acrobatics","Dodge and Roll"],"picked":"Crippling Poison","floor":1},{"not_picked":["Leg Sweep","Quick Slash"],"picked":"Bane","floor":2},{"not_picked":["PiercingWail","Footwork"],"picked":"Bane","floor":5},{"not_picked":["Deflect","Eviscerate"],"picked":"Footwork","floor":6},{"not_picked":["Dodge and Roll","Tactician"],"picked":"Poisoned Stab","floor":8},{"not_picked":["PiercingWail","All Out Attack"],"picked":"Dagger Throw","floor":10},{"not_picked":["Flying Knee","Prepared"],"picked":"Bane","floor":14},{"not_picked":["Acrobatics+1","Choke"],"picked":"Caltrops","floor":18},{"not_picked":["Dagger Throw","Skewer"],"picked":"Finisher","floor":22},{"not_picked":["Distraction","Dash"],"picked":"Escape Plan+1","floor":24},{"not_picked":["Blade Dance","Tactician"],"picked":"Prepared+1","floor":27},{"not_picked":["Dodge and Roll","Flying Knee","Bane"],"picked":"SKIP","floor":31},{"not_picked":["Phantasmal Killer","Venomology"],"picked":"Adrenaline","floor":33},{"not_picked":["Dash","Dodge and Roll","Heel Hook"],"picked":"SKIP","floor":35},{"not_picked":["Slice+1","Backflip"],"picked":"Acrobatics+1","floor":38},{"not_picked":["Choke","Footwork+1"],"picked":"Catalyst","floor":42},{"not_picked":["Outmaneuver","Caltrops"],"picked":"Terror","floor":47}],"player_experience":21984,"relics_obtained":[{"floor":6,"key":"Juzu Bracelet"},{"floor":8,"key":"Bronze Scales"},{"floor":9,"key":"Vajra"},{"floor":26,"key":"Lantern"},{"floor":39,"key":"MawBank"},{"floor":43,"key":"Darkstone Periapt"}],"event_choices":[{"event_name":"Living Wall","player_choice":"Forget","floor":4,"damage_taken":0},{"event_name":"Big Fish","player_choice":"Donut","floor":12,"damage_taken":0},{"event_name":"Golden Shrine","player_choice":"Pray","floor":20,"damage_taken":0},{"event_name":"Wheel of Change","player_choice":"Damage","floor":21,"damage_taken":0},{"event_name":"Cursed Tome","player_choice":"Ignored","floor":28,"damage_taken":0},{"event_name":"Duplicator","player_choice":"One dupe","floor":36,"damage_taken":0},{"event_name":"Falling","player_choice":"Removed Attack","floor":37,"damage_taken":0},{"event_name":"Winding Halls","player_choice":"Writhe","floor":44,"damage_taken":0},{"event_name":"Tomb of Lord Red Mask","player_choice":"Paid","floor":48,"damage_taken":0}],"is_beta":false,"boss_relics":[{"not_picked":["Philosopher\u0027s Stone","Fusion Hammer"],"picked":"Astrolabe"},{"not_picked":["WristBlade","White Beast Statue"],"picked":"HoveringKite"}],"items_purged_floors":[29,41],"is_endless":false,"potions_floor_spawned":[6,8,14,16,18,22,27,33,47],"ascension_level":0}