{"gold_per_floor":[110,185,185,200,211,237,237,255,306,317,282,302,302,315,315,413,413,430,210,210,220,234,234,269,269,346,346,346,366,380,295,295,295],"floor_reached":33,"playtime":3518,"items_purged":["Strike_G"],"score":294,"play_id":"aedfa04e-77c3-4e00-9d35-0887381a6f82","local_time":"20180808183915","is_ascension_mode":false,"campfire_choices":[{"floor":7.0,"key":"REST"},{"floor":15.0,"key":"REST"},{"floor":23,"key":"REST"},{"floor":25,"key":"REST"},{"floor":27,"key":"REST"},{"floor":32,"key":"REST"}],"neow_cost":"NONE","seed_source_timestamp":0,"circlet_count":0,"master_deck":["Defend_G","Defend_G","Defend_G","Defend_G","Defend_G","Strike_G","Strike_G","Strike_G","Strike_G","Survivor","Neutralize","Crippling Poison","Dagger Spray","Footwork","Deadly Poison","Dash","Backflip","Catalyst","Prepared","Blur","Venomology","Terror","Deflect","Infinite Blades","Dodge and Roll","Deadly Poison","Blur","Poisoned Stab","Footwork","Deflect","Poisoned Stab+1","Poisoned Stab","Bouncing Flask","Bouncing Flask+1","Bane"],"special_seed":0,"relics":["Ring of the Snake","Meat on the Bone","Darkstone Periapt","Bronze Scales","Matryoshka","Regal Pillow","Mercury Hourglass","Nloth\u0027s Gift","Centennial Puzzle"],"potions_floor_usage":[21,22,24,24,24,33,33,33,33],"damage_taken":[{"damage":1.0,"enemies":"Jaw Worm","floor":1.0,"turns":4.0},{"damage":3.0,"enemies":"Small Slimes","floor":4.0,"turns":3.0},{"damage":0.0,"enemies":"2 Louse","floor":5.0,"turns":2.0},{"damage":15.0,"enemies":"Gremlin Nob","floor":6.0,"turns":6.0},{"damage":9.0,"enemies":"Exordium Thugs","floor":8.0,"turns":5.0},{"damage":5.0,"enemies":"Exordium Wildlife","floor":10.0,"turns":6.0},{"damage":6.0,"enemies":"3 Louse","floor":12.0,"turns":4.0},{"damage":15.0,"enemies":"Exordium Thugs","floor":14.0,"turns":6.0},{"damage":53.0,"enemies":"Slime Boss","floor":16.0,"turns":16.0},{"damage":7,"enemies":"3 Byrds","floor":18,"turns":3},{"damage":10,"enemies":"Spheric Guardian","floor":21,"turns":8},{"damage":29,"enemies":"Snecko","floor":22,"turns":8},{"damage":47,"enemies":"Gremlin Leader","floor":24,"turns":7},{"damage":29,"enemies":"Sentry and Sphere","floor":29,"turns":6},{"damage":4,"enemies":"Chosen and Byrds","floor":30,"turns":5},{"damage":70,"enemies":"Champ","floor":33,"turns":11}],"seed_played":"-7310990059436505638","potions_obtained":[{"floor":1.0,"key":"Dexterity Potion"},{"floor":4.0,"key":"Dexterity Potion"},{"floor":8.0,"key":"Poison Potion"},{"floor":16.0,"key":"Weak Potion"},{"floor":20,"key":"Regen Potion"},{"floor":20,"key":"AttackPotion"},{"floor":24,"key":"AttackPotion"},{"floor":29,"key":"Strength Potion"},{"floor":30,"key":"AttackPotion"}],"is_trial":false,"path_per_floor":["M","?","T","M","M","E","R","M","T","M","?","M","?","M","R","B",null,"M","$","?","M","M","R","E","R","T","R","?","M","M","?","R"],"character_chosen":"THE_SILENT","items_purchased":["Poisoned Stab","Footwork","Deflect"],"campfire_rested":6,"item_purchase_floors":[19,19,19],"current_hp_per_floor":[69,58,58,55,55,40,61,52,52,47,64,58,58,43,64,23,70,63,63,63,53,36,57,27,48,48,70,70,41,37,37,70,0],"gold":295,"neow_bonus":"THREE_CARDS","is_prod":false,"is_daily":false,"chose_seed":false,"campfire_upgraded":0,"win_rate":0.0,"timestamp":1533778755,"path_taken":["M","?","?","M","M","E","R","M","T","?","?","M","?","M","R","BOSS","M","$","?","M","M","R","E","R","T","R","?","M","M","?","R","BOSS"],"build_version":"2018-08-02","purchased_purges":1,"victory":false,"max_hp_per_floor":[70,70,70,70,70,70,70,70,70,70,70,70,70,70,70,70,70,70,70,70,70,70,70,70,70,70,70,70,70,70,70,70,70],"card_choices":[{"not_picked":["Poisoned Stab","Dagger Spray"],"picked":"Crippling Poison","floor":0.0},{"not_picked":["Skewer","Acrobatics"],"picked":"Dagger Spray","floor":1.0},{"not_picked":["PiercingWail","Poisoned Stab"],"picked":"Footwork","floor":4.0},{"not_picked":["Crippling Poison","Distraction"],"picked":"Deadly Poison","floor":5.0},{"not_picked":["Outmaneuver","Bouncing Flask"],"picked":"Dash","floor":6.0},{"not_picked":["Endless Agony","All Out Attack"],"picked":"Backflip","floor":8.0},{"not_picked":["Dagger Throw","Dodge and Roll"],"picked":"Catalyst","floor":10.0},{"not_picked":["Slice","Eviscerate"],"picked":"Prepared","floor":12.0},{"not_picked":["Poisoned Stab","Slice"],"picked":"Blur","floor":14.0},{"not_picked":["Doppelganger","Phantasmal Killer"],"picked":"Venomology","floor":16.0},{"not_picked":["Slice","Expertise"],"picked":"Terror","floor":17},{"not_picked":["Underhanded Strike","Reflex"],"picked":"Deflect","floor":17},{"not_picked":["Blade Dance","Terror"],"picked":"Infinite Blades","floor":17},{"not_picked":["Deadly Poison","Deflect"],"picked":"Dodge and Roll","floor":17},{"not_picked":["Dodge and Roll","Infinite Blades"],"picked":"Deadly Poison","floor":17},{"not_picked":["Escape Plan+1","Bullet Time"],"picked":"Blur","floor":18},{"not_picked":["Deadly Poison","Outmaneuver"],"picked":"Poisoned Stab+1","floor":21},{"not_picked":["Quick Slash","Backflip+1"],"picked":"Poisoned Stab","floor":22},{"not_picked":["Dodge and Roll","Deflect"],"picked":"Bouncing Flask","floor":24},{"not_picked":["Dagger Spray","Sucker Punch"],"picked":"Bouncing Flask+1","floor":29},{"not_picked":["Backflip","Calculated Gamble"],"picked":"Bane","floor":30}],"player_experience":66666,"relics_obtained":[{"floor":3.0,"key":"Meat on the Bone"},{"floor":6.0,"key":"Darkstone Periapt"},{"floor":9.0,"key":"Bronze Scales"},{"floor":24,"key":"Matryoshka"},{"floor":26,"key":"Regal Pillow"},{"floor":26,"key":"Mercury Hourglass"}],"event_choices":[{"event_name":"World of Goop","player_choice":"Gather Gold","floor":2.0,"damage_taken":0.0},{"event_name":"The Cleric","player_choice":"Healed","floor":11.0,"damage_taken":0.0},{"event_name":"Golden Idol","player_choice":"Ignored","floor":13.0,"damage_taken":0.0},{"event_name":"The Lab","player_choice":"Got Potions","floor":20,"damage_taken":0},{"event_name":"N\u0027loth","player_choice":"Traded a Orrery","floor":28,"damage_taken":0},{"event_name":"Addict","player_choice":"Obtained Relic","floor":31,"damage_taken":0}],"is_beta":false,"boss_relics":[{"not_picked":["Philosopher\u0027s Stone","Velvet Choker"],"picked":"Orrery"}],"items_purged_floors":[19],"is_endless":false,"potions_floor_spawned":[1,4,8,16,24,29,30],"killed_by":"Champ","ascension_level":0}