{"gold_per_floor":[361,361,536,486,71,105,105,139,166,182,202,213,213],"floor_reached":13,"playtime":566,"items_purged":["Doubt"],"score":116,"play_id":"593b4122-5bfb-4ae8-b097-31f41641f60e","local_time":"20180928135738","is_ascension_mode":true,"campfire_choices":[{"data":"Zap","floor":7,"key":"SMITH"}],"neow_cost":"CURSE","seed_source_timestamp":9466999139288,"circlet_count":0,"master_deck":["Strike_B","Strike_B","Strike_B","Defend_B","Defend_B","Defend_B","Defend_B","Zap+1","Dualcast","Auto Shields","Stack","Capacitor+1","FTL","Double Energy","Turbo","Force Field"],"relics":["Cracked Core","Frozen Egg 2","Smiling Mask","Boot","Anchor"],"potions_floor_usage":[6,13,13,13],"damage_taken":[{"damage":0,"enemies":"2 Louse","floor":1,"turns":2},{"damage":26,"enemies":"Lagavulin","floor":6,"turns":9},{"damage":23,"enemies":"3 Sentries","floor":8,"turns":9},{"damage":0,"enemies":"Cultist","floor":10,"turns":3},{"damage":0,"enemies":"Small Slimes","floor":11,"turns":2},{"damage":9,"enemies":"3 Louse","floor":12,"turns":5},{"damage":20,"enemies":"Lagavulin","floor":13,"turns":4}],"seed_played":"-8849468454883871021","potions_obtained":[{"floor":1,"key":"Block Potion"},{"floor":8,"key":"Fire Potion"},{"floor":10,"key":"AttackPotion"},{"floor":12,"key":"AttackPotion"}],"is_trial":false,"path_per_floor":["M","?","?","?","$","E","R","E","T","M","M","M"],"character_chosen":"DEFECT","items_purchased":["Frozen Egg 2","Capacitor+1"],"campfire_rested":0,"item_purchase_floors":[5,5],"current_hp_per_floor":[75,75,75,75,75,49,49,26,26,26,26,17,0],"gold":213,"neow_bonus":"TWO_FIFTY_GOLD","is_prod":false,"is_daily":false,"chose_seed":false,"campfire_upgraded":1,"win_rate":0,"timestamp":1538117858,"path_taken":["M","?","?","?","$","E","R","E","T","M","M","M","E"],"build_version":"2018-09-27","purchased_purges":1,"victory":false,"max_hp_per_floor":[75,75,75,75,75,75,75,75,75,75,75,75,75],"card_choices":[{"not_picked":["Coolheaded","Heatsinks"],"picked":"Auto Shields","floor":1},{"not_picked":["Go for the Eyes","Leap"],"picked":"FTL","floor":6},{"not_picked":["Redo","Sweeping Beam"],"picked":"Double Energy","floor":8},{"not_picked":["Compile Driver","Leap","Streamline"],"picked":"SKIP","floor":10},{"not_picked":["Skim","Aggregate"],"picked":"Turbo","floor":11},{"not_picked":["Fusion","Gash"],"picked":"Force Field","floor":12}],"player_experience":239883,"relics_obtained":[{"floor":6,"key":"Smiling Mask"},{"floor":8,"key":"Boot"},{"floor":9,"key":"Anchor"}],"event_choices":[{"event_name":"Living Wall","player_choice":"Change","floor":2,"damage_taken":0},{"event_name":"Liars Game","player_choice":"agreed","floor":3,"damage_taken":0},{"event_name":"The Cleric","player_choice":"Card Removal","floor":4,"damage_taken":0}],"is_beta":false,"boss_relics":[],"items_purged_floors":[5],"is_endless":false,"potions_floor_spawned":[1,8,10,12],"killed_by":"Lagavulin","ascension_level":5}