{"gold_per_floor":[110,0,17,17,30,30,49,49,49,60,60,73,92,127,127,127],"floor_reached":16,"playtime":912,"items_purged":["Strike_R"],"score":114,"play_id":"60f58db6-a0b8-4bcd-a61c-a0c78c9e9bf3","local_time":"20190210025940","is_ascension_mode":true,"campfire_choices":[{"data":"Corruption","floor":6,"key":"SMITH"},{"floor":15,"key":"REST"}],"neow_cost":"NONE","seed_source_timestamp":1949696704160907,"circlet_count":0,"master_deck":["Strike_R","Strike_R","Strike_R","Defend_R","Defend_R","Defend_R","Defend_R","Bash","Dropkick+1","Corruption+1","Dropkick","Thunderclap"],"relics":["Burning Blood","Regal Pillow","Singing Bowl"],"potions_floor_usage":[14],"damage_taken":[{"damage":1,"enemies":"Cultist","floor":1,"turns":3},{"damage":2,"enemies":"2 Louse","floor":3,"turns":4},{"damage":4,"enemies":"Small Slimes","floor":5,"turns":4},{"damage":10,"enemies":"Exordium Thugs","floor":7,"turns":5},{"damage":15,"enemies":"3 Louse","floor":10,"turns":5},{"damage":25,"enemies":"Exordium Wildlife","floor":12,"turns":6},{"damage":5,"enemies":"2 Fungi Beasts","floor":13,"turns":3},{"damage":25,"enemies":"Gremlin Nob","floor":14,"turns":4},{"damage":75,"enemies":"Slime Boss","floor":16,"turns":8}],"seed_played":"8641877634082156608","potions_obtained":[{"floor":1,"key":"Explosive Potion"},{"floor":7,"key":"Ancient Potion"},{"floor":10,"key":"FearPotion"}],"is_trial":false,"path_per_floor":["$","?","?"],"character_chosen":"IRONCLAD","items_purchased":["Corruption"],"campfire_rested":1,"item_purchase_floors":[2],"current_hp_per_floor":[80,80,80,80,80,80,76,76,76,67,67,48,49,32,71,0],"gold":127,"neow_bonus":"TRANSFORM_CARD","is_prod":false,"is_daily":false,"chose_seed":false,"campfire_upgraded":1,"win_rate":0,"timestamp":1549763980,"path_taken":["M","?","M","?","M","R","M","$","T","M","?","M","M","E","R","BOSS"],"build_version":"2019-01-23","purchased_purges":1,"victory":false,"max_hp_per_floor":[80,80,80,80,80,80,80,80,80,80,80,80,80,82,82,82],"card_choices":[{"not_picked":["Seeing Red","Feel No Pain","Sentinel"],"picked":"SKIP","floor":1},{"not_picked":["Headbutt","Evolve","Armaments"],"picked":"SKIP","floor":3},{"not_picked":["Headbutt","Impervious","Sword Boomerang"],"picked":"SKIP","floor":5},{"not_picked":["Flex","Pommel Strike"],"picked":"Dropkick","floor":7},{"not_picked":["Entrench","Flex"],"picked":"Thunderclap","floor":10},{"not_picked":["Entrench","True Grit","Reckless Charge"],"picked":"SKIP","floor":12},{"not_picked":["Clothesline","Evolve","Dual Wield"],"picked":"SKIP","floor":13},{"not_picked":["Corruption","Flex","Clothesline"],"picked":"Singing Bowl","floor":14}],"player_experience":154903,"relics_obtained":[{"floor":9,"key":"Regal Pillow"},{"floor":14,"key":"Singing Bowl"}],"event_choices":[{"damage_healed":0,"gold_gain":0,"player_choice":"Ignored","damage_taken":0,"max_hp_gain":0,"max_hp_loss":0,"event_name":"Golden Idol","floor":4,"gold_loss":0},{"damage_healed":0,"gold_gain":0,"player_choice":"Upgraded","damage_taken":0,"max_hp_gain":0,"max_hp_loss":0,"event_name":"Upgrade Shrine","floor":11,"gold_loss":0,"cards_upgraded":["Dropkick"]}],"is_beta":false,"boss_relics":[],"items_purged_floors":[2],"is_endless":false,"potions_floor_spawned":[1,7,10],"killed_by":"Slime Boss","ascension_level":2}