{"gold_per_floor":[115,115,130,146,162,162,196,196,196,211,5,40,40,50,50,153,153,173,173],"floor_reached":19,"playtime":7621,"items_purged":[],"score":171,"play_id":"b4e3bac4-f4a7-404d-a9c5-cbf067b9e8cd","local_time":"20180925225721","is_ascension_mode":false,"campfire_choices":[{"data":"BootSequence","floor":6,"key":"SMITH"},{"data":"Self Repair","floor":8,"key":"SMITH"},{"data":"Ball Lightning","floor":13,"key":"SMITH"},{"data":"Ball Lightning","floor":15,"key":"SMITH"}],"neow_cost":"PERCENT_DAMAGE","seed_source_timestamp":653025580123983,"circlet_count":0,"master_deck":["Strike_B","Strike_B","Strike_B","Defend_B","Defend_B","Defend_B","Defend_B","Zap","Dualcast","Ball Lightning+1","Ball Lightning+1","BootSequence+1","Cold Snap","Self Repair+1","Coolheaded+1","Auto Shields+1","Rainbow+1","Fission+1","Regret","Parasite","Shame","Coolheaded+1"],"relics":["Cracked Core","Incense Burner","Letter Opener","Toxic Egg 2","Toolbox","Calling Bell","Bronze Scales","Question Card","Torii"],"potions_floor_usage":[7,7],"damage_taken":[{"damage":8,"enemies":"Jaw Worm","floor":1,"turns":3},{"damage":2,"enemies":"Small Slimes","floor":3,"turns":2},{"damage":0,"enemies":"2 Louse","floor":4,"turns":2},{"damage":1,"enemies":"Large Slime","floor":5,"turns":3},{"damage":6,"enemies":"Lagavulin","floor":7,"turns":5},{"damage":10,"enemies":"Gremlin Gang","floor":10,"turns":5},{"damage":11,"enemies":"Exordium Thugs","floor":12,"turns":4},{"damage":0,"enemies":"Exordium Wildlife","floor":14,"turns":4},{"damage":28,"enemies":"Slime Boss","floor":16,"turns":11},{"damage":13,"enemies":"2 Thieves","floor":18,"turns":4},{"damage":0,"enemies":"Shell Parasite","floor":19,"turns":2}],"seed_played":"-1200347089339571491","potions_obtained":[{"floor":3,"key":"SkillPotion"},{"floor":4,"key":"Regen Potion"},{"floor":12,"key":"Regen Potion"},{"floor":16,"key":"LiquidBronze"},{"floor":18,"key":"FearPotion"}],"is_trial":false,"path_per_floor":["M","?","M","M","M","R","E","R","T","M","$","M","R","M","R","B",null,"M"],"character_chosen":"DEFECT","items_purchased":["Toolbox"],"campfire_rested":0,"item_purchase_floors":[11],"current_hp_per_floor":[46,39,37,37,36,36,44,44,44,44,44,43,43,53,53,35,75,72,72],"gold":173,"neow_bonus":"ONE_RARE_RELIC","is_prod":false,"is_daily":false,"chose_seed":false,"campfire_upgraded":4,"win_rate":0.0,"timestamp":1537891041,"path_taken":["M","?","M","?","M","R","E","R","T","M","$","M","R","M","R","BOSS","M","M"],"build_version":"2018-09-20","purchased_purges":0,"victory":false,"max_hp_per_floor":[75,75,75,75,75,75,75,75,75,75,75,75,75,75,75,75,75,75,75],"card_choices":[{"not_picked":["Hello World","Darkness"],"picked":"Ball Lightning","floor":1},{"not_picked":["Go for the Eyes","Stack"],"picked":"Ball Lightning","floor":3},{"not_picked":["Redo","Aggregate"],"picked":"BootSequence","floor":4},{"not_picked":["Darkness","Sweeping Beam"],"picked":"Cold Snap","floor":5},{"not_picked":["Consume","Fusion"],"picked":"Self Repair","floor":7},{"not_picked":["Hologram+1","Streamline"],"picked":"Coolheaded+1","floor":10},{"not_picked":["Barrage","Chaos+1"],"picked":"Auto Shields+1","floor":12},{"not_picked":["Gash","Rip and Tear"],"picked":"Rainbow+1","floor":14},{"not_picked":["Biased Cognition","Electrodynamics"],"picked":"Fission+1","floor":16},{"not_picked":["Cold Snap","Go for the Eyes","Rebound"],"picked":"Coolheaded+1","floor":18}],"player_experience":155860,"relics_obtained":[{"floor":7,"key":"Letter Opener"},{"floor":9,"key":"Toxic Egg 2"},{"floor":17,"key":"Bronze Scales"},{"floor":17,"key":"Question Card"},{"floor":17,"key":"Torii"}],"event_choices":[{"event_name":"Golden Wing","player_choice":"Card Removal","floor":2,"damage_taken":0}],"is_beta":false,"boss_relics":[{"not_picked":["Eternal Feather","Ectoplasm"],"picked":"Calling Bell"}],"items_purged_floors":[],"is_endless":false,"potions_floor_spawned":[3,4,12,16,18],"killed_by":"Shell Parasite","ascension_level":0}