{"gold_per_floor":[109,109,109,109,121,121,196,146,146,157,172,172,172,17,17,120,170,182,182,200,212,32,32,45,45,45,65,78,98,98,62,62,62],"floor_reached":33,"playtime":1758,"items_purged":["Strike_R","Strike_R"],"score":309,"play_id":"a5e156b3-98ad-41af-907d-135ea7ebd2f6","local_time":"20190121220450","is_ascension_mode":true,"campfire_choices":[{"floor":6,"key":"REST"},{"data":"Whirlwind","floor":15,"key":"SMITH"},{"floor":23,"key":"REST"},{"floor":25,"key":"REST"},{"data":"Disarm","floor":32,"key":"SMITH"}],"neow_cost":"PERCENT_DAMAGE","seed_source_timestamp":1012697561559308,"circlet_count":0,"master_deck":["Strike_R","Strike_R+1","Defend_R","Defend_R+1","Defend_R+1","Defend_R","Bash","Disarm+1","Whirlwind+1","Demon Form","Metallicize","Ghostly Armor","Uppercut","Inflame","Metallicize"],"relics":["Burning Blood","Sundial","Ornamental Fan","Pen Nib","Tiny House","Bottled Lightning"],"potions_floor_usage":[16,16,33,33,33],"damage_taken":[{"damage":0,"enemies":"Cultist","floor":1,"turns":4},{"damage":5,"enemies":"Small Slimes","floor":5,"turns":4},{"damage":2,"enemies":"2 Louse","floor":10,"turns":4},{"damage":7,"enemies":"Exordium Wildlife","floor":11,"turns":5},{"damage":52,"enemies":"The Guardian","floor":16,"turns":17},{"damage":12,"enemies":"Chosen","floor":18,"turns":5},{"damage":52,"enemies":"Spheric Guardian","floor":20,"turns":18},{"damage":17,"enemies":"Snecko","floor":21,"turns":5},{"damage":24,"enemies":"3 Cultists","floor":24,"turns":4},{"damage":12,"enemies":"Snake Plant","floor":27,"turns":6},{"damage":24,"enemies":"Snecko","floor":28,"turns":5},{"damage":60,"enemies":"Cultist and Chosen","floor":29,"turns":10},{"damage":109,"enemies":"Collector","floor":33,"turns":7}],"seed_played":"6178147607575054840","potions_obtained":[{"floor":5,"key":"Regen Potion"},{"floor":11,"key":"Dexterity Potion"},{"floor":16,"key":"FearPotion"},{"floor":17,"key":"Explosive Potion"},{"floor":18,"key":"Strength Potion"}],"is_trial":false,"path_per_floor":["M","T","?","?","M","R","?","?","T","M","M","T","?","$","R","B",null,"M","?","M","M","$","R","M","R","T","M","M","M","?","$","R","B"],"character_chosen":"IRONCLAD","items_purchased":["Whirlwind","Uppercut","Metallicize"],"campfire_rested":3,"item_purchase_floors":[14,22,31],"current_hp_per_floor":[78,78,78,59,60,88,77,77,77,81,80,80,85,85,85,54,106,100,100,54,43,43,74,56,87,87,81,63,9,106,106,106,0],"gold":62,"neow_bonus":"TWENTY_PERCENT_HP_BONUS","is_prod":false,"is_daily":false,"chose_seed":false,"campfire_upgraded":2,"win_rate":0,"timestamp":1548129890,"path_taken":["M","?","?","?","?","R","?","?","T","M","M","?","?","?","R","BOSS","M","?","?","M","?","R","M","R","T","?","M","M","?","$","R","BOSS"],"build_version":"2019-01-17v2","purchased_purges":2,"victory":false,"max_hp_per_floor":[96,96,96,96,96,96,96,96,96,96,96,96,101,101,101,101,106,106,106,106,106,106,106,106,106,106,106,106,106,106,106,106,106],"card_choices":[{"not_picked":["Wild Strike","Warcry"],"picked":"Disarm","floor":1},{"not_picked":["Twin Strike","Clash","Body Slam"],"picked":"SKIP","floor":5},{"not_picked":["Pommel Strike","Offering","Burning Pact"],"picked":"SKIP","floor":10},{"not_picked":["Heavy Blade","Entrench","Body Slam"],"picked":"SKIP","floor":11},{"not_picked":["Impervious","Immolate"],"picked":"Demon Form","floor":16},{"not_picked":["Uppercut","Blood for Blood"],"picked":"Metallicize","floor":17},{"not_picked":["Corruption+1","Rupture+1"],"picked":"Ghostly Armor","floor":18},{"not_picked":["Anger","Clothesline+1","Flex+1"],"picked":"SKIP","floor":20},{"not_picked":["Body Slam","Pommel Strike","Thunderclap+1"],"picked":"SKIP","floor":21},{"not_picked":["Clothesline","Clash","Iron Wave"],"picked":"SKIP","floor":24},{"not_picked":["Havoc+1","Heavy Blade","Sever Soul"],"picked":"SKIP","floor":27},{"not_picked":["Sword Boomerang","Double Tap","Headbutt"],"picked":"SKIP","floor":28},{"not_picked":["True Grit","Anger"],"picked":"Inflame","floor":29}],"player_experience":1124483,"relics_obtained":[{"floor":2,"key":"Sundial"},{"floor":9,"key":"Ornamental Fan"},{"floor":12,"key":"Pen Nib"},{"floor":26,"key":"Bottled Lightning"}],"event_choices":[{"damage_healed":0,"gold_gain":0,"player_choice":"Ignored","damage_taken":0,"max_hp_gain":0,"max_hp_loss":0,"event_name":"Liars Game","floor":3,"gold_loss":0},{"damage_healed":0,"gold_gain":0,"player_choice":"Entered Light","damage_taken":19,"max_hp_gain":0,"max_hp_loss":0,"event_name":"Shining Light","floor":4,"gold_loss":0,"cards_upgraded":["Defend_R","Defend_R"]},{"damage_healed":0,"gold_gain":75,"player_choice":"Gather Gold","damage_taken":11,"max_hp_gain":0,"max_hp_loss":0,"event_name":"World of Goop","floor":7,"gold_loss":0},{"cards_removed":["Strike_R"],"damage_healed":0,"gold_gain":0,"player_choice":"Card Removal","damage_taken":0,"max_hp_gain":0,"max_hp_loss":0,"event_name":"The Cleric","floor":8,"gold_loss":50},{"damage_healed":0,"gold_gain":0,"player_choice":"Donut","damage_taken":0,"max_hp_gain":5,"max_hp_loss":0,"event_name":"Big Fish","floor":13,"gold_loss":0},{"damage_healed":0,"gold_gain":0,"player_choice":"Bought 0 Potions","damage_taken":0,"max_hp_gain":0,"max_hp_loss":0,"event_name":"The Woman in Blue","floor":19,"gold_loss":0},{"damage_healed":97,"gold_gain":0,"player_choice":"Full Heal","damage_taken":0,"max_hp_gain":0,"max_hp_loss":0,"event_name":"Wheel of Change","floor":30,"gold_loss":0}],"is_beta":false,"boss_relics":[{"not_picked":["Coffee Dripper","Runic Cube"],"picked":"Tiny House"}],"items_purged_floors":[14,22],"is_endless":false,"potions_floor_spawned":[5,11,16,18,24,28],"killed_by":"Collector","ascension_level":4}