{"gold_per_floor":[130,142,154,177,139,177,189,126,171,171,191,191,210,223,223,326,326,326],"floor_reached":18,"playtime":1100,"items_purged":["Strike_R"],"score":216,"play_id":"b4b74a44-7f17-4821-97e5-1f882092f7b1","local_time":"20190223201531","is_ascension_mode":true,"campfire_choices":[{"floor":7,"key":"REST"},{"floor":10,"key":"REST"},{"data":"Seeing Red","floor":15,"key":"SMITH"}],"neow_cost":"NONE","seed_source_timestamp":942486135716269,"circlet_count":0,"master_deck":["Defend_R","Defend_R+1","Defend_R+1","Defend_R","Bash","Seeing Red+1","Battle Trance","Reaper"],"relics":["Burning Blood","MawBank","War Paint","Vajra","Empty Cage"],"potions_floor_usage":[16,16,16],"damage_taken":[{"damage":0,"enemies":"2 Louse","floor":1,"turns":7},{"damage":3,"enemies":"Small Slimes","floor":4,"turns":5},{"damage":60,"enemies":"3 Sentries","floor":6,"turns":15},{"damage":0,"enemies":"Jaw Worm","floor":11,"turns":4},{"damage":19,"enemies":"Large Slime","floor":13,"turns":12},{"damage":3,"enemies":"Gremlin Gang","floor":14,"turns":12},{"damage":21,"enemies":"The Guardian","floor":16,"turns":17},{"damage":87,"enemies":"3 Byrds","floor":18,"turns":4}],"seed_played":"1427224879724676072","potions_obtained":[{"floor":4,"key":"LiquidBronze"},{"floor":6,"key":"Energy Potion"},{"floor":11,"key":"AttackPotion"}],"is_trial":false,"path_per_floor":["M","?","?","M","?","E","R","$","T","R","M","?","M","M","R","B",null,"M"],"character_chosen":"IRONCLAD","items_purchased":[],"campfire_rested":2,"item_purchase_floors":[],"current_hp_per_floor":[78,78,83,85,85,31,56,56,56,81,85,85,72,75,75,60,79,0],"gold":326,"neow_bonus":"RANDOM_COMMON_RELIC","is_prod":false,"is_daily":false,"chose_seed":false,"campfire_upgraded":1,"win_rate":0,"timestamp":1550974531,"path_taken":["M","?","?","M","?","E","R","$","T","R","?","?","M","M","R","BOSS","M"],"build_version":"2019-01-23","purchased_purges":1,"victory":false,"max_hp_per_floor":[80,80,85,85,85,85,85,85,85,85,85,85,85,85,85,85,85,85],"card_choices":[{"not_picked":["Cleave","Iron Wave"],"picked":"Seeing Red","floor":1},{"not_picked":["Twin Strike","Infernal Blade","Clothesline"],"picked":"SKIP","floor":4},{"not_picked":["Shrug It Off","Twin Strike"],"picked":"Battle Trance","floor":6},{"not_picked":["Havoc","Wild Strike","True Grit"],"picked":"SKIP","floor":11},{"not_picked":["Havoc","Pommel Strike","Battle Trance"],"picked":"SKIP","floor":13},{"not_picked":["Havoc","Headbutt","Perfected Strike"],"picked":"SKIP","floor":14},{"not_picked":["Bludgeon","Dark Embrace"],"picked":"Reaper","floor":16}],"player_experience":1499982,"relics_obtained":[{"floor":6,"key":"War Paint"},{"floor":9,"key":"Vajra"}],"event_choices":[{"cards_removed":["Strike_R"],"damage_healed":0,"gold_gain":0,"player_choice":"Forget","damage_taken":0,"max_hp_gain":0,"max_hp_loss":0,"event_name":"Living Wall","floor":2,"gold_loss":0},{"damage_healed":0,"gold_gain":0,"player_choice":"Donut","damage_taken":0,"max_hp_gain":5,"max_hp_loss":0,"event_name":"Big Fish","floor":3,"gold_loss":0},{"cards_removed":["Strike_R"],"damage_healed":0,"gold_gain":0,"player_choice":"Card Removal","damage_taken":0,"max_hp_gain":0,"max_hp_loss":0,"event_name":"The Cleric","floor":5,"gold_loss":50},{"damage_healed":0,"gold_gain":0,"player_choice":"Bought 0 Potions","damage_taken":0,"max_hp_gain":0,"max_hp_loss":0,"event_name":"The Woman in Blue","floor":12,"gold_loss":0}],"is_beta":false,"boss_relics":[{"not_picked":["Runic Dome","White Beast Statue"],"picked":"Empty Cage"}],"items_purged_floors":[8],"is_endless":false,"potions_floor_spawned":[4,6,11],"killed_by":"3 Byrds","ascension_level":7}