{"gold_per_floor":[111,131,143,157,157,157,157,157,157,175,193,207,227,239,239,340,340,360,379,294,294,294,294],"floor_reached":23,"playtime":975,"items_purged":[],"score":321,"play_id":"6f851c90-6d0c-41fa-8555-67bcdbd77020","local_time":"20190203171514","is_ascension_mode":true,"campfire_choices":[{"data":"Immolate","floor":6,"key":"SMITH"},{"data":"Offering","floor":8,"key":"SMITH"},{"data":"Disarm","floor":15,"key":"SMITH"}],"neow_cost":"CURSE","seed_source_timestamp":2119429811913530,"circlet_count":0,"master_deck":["Defend_R","Defend_R","Defend_R","Defend_R","Bash","Offering+1","Immolate+1","Disarm+1","Ghostly Armor","Shrug It Off","Barricade","Flame Barrier","Shrug It Off","Bite","Bite","Bite","Bite","Bite"],"relics":["Burning Blood","Meat on the Bone","Question Card","Sozu","Omamori"],"potions_floor_usage":[16,16,16],"damage_taken":[{"damage":6,"enemies":"Cultist","floor":1,"turns":3},{"damage":4,"enemies":"2 Louse","floor":2,"turns":2},{"damage":0,"enemies":"Small Slimes","floor":3,"turns":3},{"damage":0,"enemies":"3 Louse","floor":4,"turns":1},{"damage":6,"enemies":"Blue Slaver","floor":10,"turns":8},{"damage":8,"enemies":"Lots of Slimes","floor":11,"turns":2},{"damage":6,"enemies":"Exordium Thugs","floor":12,"turns":3},{"damage":6,"enemies":"Looter","floor":13,"turns":2},{"damage":0,"enemies":"Blue Slaver","floor":14,"turns":3},{"damage":6,"enemies":"Slime Boss","floor":16,"turns":3},{"damage":4,"enemies":"Chosen","floor":18,"turns":8},{"damage":3,"enemies":"Shell Parasite","floor":19,"turns":13},{"damage":86,"enemies":"Book of Stabbing","floor":23,"turns":11}],"seed_played":"-6394232892557051912","potions_obtained":[{"floor":1,"key":"Dexterity Potion"},{"floor":3,"key":"Fire Potion"},{"floor":11,"key":"Ancient Potion"},{"floor":14,"key":"Strength Potion"},{"floor":16,"key":"Energy Potion"}],"is_trial":false,"path_per_floor":["M","M","M","M","?","R","?","R","T","M","M","M","M","M","R","B",null,"M","M","?","?","?","E"],"character_chosen":"IRONCLAD","items_purchased":[],"campfire_rested":0,"item_purchase_floors":[],"current_hp_per_floor":[80,80,80,80,73,73,73,73,73,73,71,71,71,77,77,77,79,80,80,80,56,56,0],"gold":294,"neow_bonus":"TRANSFORM_TWO_CARDS","is_prod":false,"is_daily":false,"chose_seed":false,"campfire_upgraded":3,"win_rate":0,"timestamp":1549235714,"path_taken":["M","M","M","M","?","R","?","R","T","M","M","?","M","M","R","BOSS","M","M","?","?","?","E"],"build_version":"2019-01-23","purchased_purges":0,"victory":false,"max_hp_per_floor":[80,80,80,80,80,80,80,80,80,80,80,80,80,80,80,80,80,80,80,80,56,56,56],"card_choices":[{"not_picked":["Carnage","Intimidate","Flex"],"picked":"SKIP","floor":1},{"not_picked":["Searing Blow","Twin Strike","Evolve"],"picked":"SKIP","floor":2},{"not_picked":["Twin Strike","Headbutt","Havoc"],"picked":"SKIP","floor":3},{"not_picked":["Whirlwind","Dropkick"],"picked":"Disarm","floor":4},{"not_picked":["Clash","Sever Soul","Cleave"],"picked":"Ghostly Armor","floor":10},{"not_picked":["Iron Wave","Blood for Blood","Whirlwind"],"picked":"Shrug It Off","floor":11},{"not_picked":["Reckless Charge","Sever Soul","Warcry","Feel No Pain"],"picked":"SKIP","floor":12},{"not_picked":["Battle Trance","Thunderclap","Armaments","Intimidate"],"picked":"SKIP","floor":13},{"not_picked":["Clothesline","Wild Strike","Thunderclap","Armaments"],"picked":"SKIP","floor":14},{"not_picked":["Juggernaut","Berserk","Demon Form"],"picked":"Barricade","floor":16},{"not_picked":["Combust","Shrug It Off+1","Twin Strike+1"],"picked":"Flame Barrier","floor":18},{"not_picked":["Twin Strike","True Grit+1","Clothesline"],"picked":"Shrug It Off","floor":19}],"player_experience":1249275,"relics_obtained":[{"floor":9,"key":"Question Card"}],"event_choices":[{"cards_removed":["Writhe"],"damage_healed":0,"gold_gain":0,"player_choice":"Card Removal","damage_taken":7,"max_hp_gain":0,"max_hp_loss":0,"event_name":"Golden Wing","floor":5,"gold_loss":0},{"damage_healed":0,"gold_gain":0,"player_choice":"Gave Potion","damage_taken":0,"relics_obtained":["Meat on the Bone"],"max_hp_gain":0,"max_hp_loss":0,"event_name":"WeMeetAgain","floor":7,"gold_loss":0},{"damage_healed":0,"gold_gain":0,"player_choice":"Obtained Relic","damage_taken":0,"relics_obtained":["Omamori"],"max_hp_gain":0,"max_hp_loss":0,"event_name":"Addict","floor":20,"gold_loss":85},{"damage_healed":0,"gold_gain":0,"player_choice":"Became a vampire","damage_taken":0,"max_hp_gain":0,"max_hp_loss":24,"event_name":"Vampires","floor":21,"gold_loss":0,"cards_obtained":["Bite","Bite","Bite","Bite","Bite"]},{"damage_healed":0,"gold_gain":0,"player_choice":"Bought 0 Potions","damage_taken":0,"max_hp_gain":0,"max_hp_loss":0,"event_name":"The Woman in Blue","floor":22,"gold_loss":0}],"is_beta":false,"boss_relics":[{"not_picked":["Mark of Pain","Coffee Dripper"],"picked":"Sozu"}],"items_purged_floors":[],"is_endless":false,"potions_floor_spawned":[1,3,11,14,16,18],"killed_by":"Book of Stabbing","ascension_level":5}