{"gold_per_floor":[216,73,73,91,91,91,104,5,28,43,57,57,88,102,102,206,206,216,216,226,241,88,88,113,113,140,166,185,202,229,243,243,339,339,356,356,124,139,139,139,165,165,191,191,110,123,136,150,150,150],"floor_reached":51,"playtime":5038,"items_purged":["Strike_G","Strike_G","Defend_G"],"score":994,"play_id":"ae19a6b9-586c-4155-8ff5-68961aacadaa","local_time":"20190227233223","is_ascension_mode":true,"campfire_choices":[{"data":"Neutralize","floor":6.0,"key":"SMITH"},{"data":"Footwork","floor":12.0,"key":"SMITH"},{"data":"Footwork","floor":15.0,"key":"SMITH"},{"data":"After Image","floor":23.0,"key":"SMITH"},{"data":"Crippling Poison","floor":25.0,"key":"SMITH"},{"data":"Noxious Fumes","floor":32.0,"key":"SMITH"},{"data":"Envenom","floor":40.0,"key":"SMITH"},{"data":"Deadly Poison","floor":42.0,"key":"SMITH"},{"data":"Footwork","floor":49,"key":"SMITH"}],"neow_cost":"NONE","seed_source_timestamp":0,"circlet_count":0,"master_deck":["Defend_G","Defend_G+1","Defend_G","Strike_G","Strike_G","Strike_G","Survivor+1","Neutralize+1","Crippling Poison+1","Noxious Fumes+1","Deadly Poison+1","Backflip","Well Laid Plans+1","Deadly Poison+1","Footwork+1","Dash","Footwork+1","After Image+1","Deflect+1","Noxious Fumes+1","Dodge and Roll+1","Dodge and Roll+1","Infinite Blades+1","Dodge and Roll+1","Catalyst+1","PiercingWail+1","Envenom+1","Calculated Gamble+1","Acrobatics+1","Outmaneuver+1","Terror+1","Clumsy","Footwork+1"],"special_seed":0,"relics":["Ring of the Snake","Pen Nib","Toxic Egg 2","Coffee Dripper","Oddly Smooth Stone","War Paint","Centennial Puzzle","Bag of Marbles","Cursed Key","Pantograph","Omamori"],"potions_floor_usage":[46,46,48,50,50],"damage_taken":[{"damage":0.0,"enemies":"2 Louse","floor":1.0,"turns":3.0},{"damage":5.0,"enemies":"Cultist","floor":4.0,"turns":6.0},{"damage":0.0,"enemies":"Small Slimes","floor":7.0,"turns":4.0},{"damage":1.0,"enemies":"Red Slaver","floor":10.0,"turns":5.0},{"damage":5.0,"enemies":"Gremlin Gang","floor":11.0,"turns":4.0},{"damage":6.0,"enemies":"3 Sentries","floor":13.0,"turns":6.0},{"damage":4.0,"enemies":"2 Fungi Beasts","floor":14.0,"turns":4.0},{"damage":9.0,"enemies":"Slime Boss","floor":16.0,"turns":11.0},{"damage":0.0,"enemies":"Chosen","floor":18.0,"turns":5.0},{"damage":2.0,"enemies":"Shell Parasite","floor":20.0,"turns":5.0},{"damage":6.0,"enemies":"Chosen and Byrds","floor":21.0,"turns":6.0},{"damage":0.0,"enemies":"Book of Stabbing","floor":24.0,"turns":7.0},{"damage":0.0,"enemies":"Gremlin Leader","floor":27.0,"turns":8.0},{"damage":3.0,"enemies":"Centurion and Healer","floor":28.0,"turns":5.0},{"damage":8.0,"enemies":"Snecko","floor":29.0,"turns":7.0},{"damage":0.0,"enemies":"Slavers","floor":30.0,"turns":6.0},{"damage":1.0,"enemies":"Snake Plant","floor":31.0,"turns":5.0},{"damage":0.0,"enemies":"Automaton","floor":33.0,"turns":9.0},{"damage":2.0,"enemies":"3 Shapes","floor":35.0,"turns":4.0},{"damage":0.0,"enemies":"Orb Walker","floor":38.0,"turns":5.0},{"damage":0.0,"enemies":"Giant Head","floor":41.0,"turns":8.0},{"damage":30,"enemies":"Jaw Worm Horde","floor":46,"turns":7},{"damage":17,"enemies":"Sphere and 2 Shapes","floor":47,"turns":7},{"damage":15,"enemies":"4 Shapes","floor":48,"turns":4},{"damage":12,"enemies":"Awakened One","floor":50,"turns":15}],"seed_played":"722456161338805468","potions_obtained":[{"floor":10.0,"key":"Block Potion"},{"floor":11.0,"key":"FearPotion"},{"floor":14.0,"key":"Dexterity Potion"},{"floor":18.0,"key":"Regen Potion"},{"floor":27.0,"key":"Regen Potion"},{"floor":30.0,"key":"Explosive Potion"},{"floor":35.0,"key":"EssenceOfSteel"},{"floor":46,"key":"PowerPotion"},{"floor":47,"key":"SkillPotion"}],"is_trial":false,"path_per_floor":["M","$","?","M","?","R","M","$","T","M","M","R","E","M","R","B",null,"M","?","M","M","$","R","E","R","T","E","M","M","E","M","R","B",null,"M","?","$","M","$","R","E","R","T","?","$","M","M","M","R","B",null],"character_chosen":"THE_SILENT","items_purchased":["Noxious Fumes","Well Laid Plans","Deadly Poison","Dodge and Roll+1","Acrobatics+1","Outmaneuver+1","Footwork"],"campfire_rested":0,"item_purchase_floors":[2,8,8,22,37,37,45],"current_hp_per_floor":[70,70,75,70,55,55,55,55,55,54,49,49,43,39,39,30,75,75,75,73,67,67,67,67,67,67,67,75,67,67,66,66,66,75,73,73,73,73,73,73,73,73,73,73,73,57,40,25,25,38],"gold":150,"neow_bonus":"HUNDRED_GOLD","is_prod":false,"is_daily":false,"chose_seed":false,"campfire_upgraded":9,"win_rate":0,"timestamp":1551331943,"path_taken":["M","$","?","M","?","R","M","$","T","M","M","R","E","M","R","BOSS","M","?","?","?","$","R","E","R","T","E","?","M","E","M","R","BOSS","M","?","$","M","?","R","E","R","T","?","$","M","M","M","R","BOSS"],"build_version":"2019-01-23","purchased_purges":3,"victory":true,"max_hp_per_floor":[70,70,75,75,75,75,75,75,75,75,75,75,75,75,75,75,75,75,75,75,75,75,75,75,75,75,75,75,75,75,75,75,75,75,75,75,75,75,75,75,75,75,75,75,75,75,75,75,75,75],"card_choices":[{"not_picked":["Dodge and Roll","Slice"],"picked":"Crippling Poison","floor":1.0},{"not_picked":["Backflip","Leg Sweep"],"picked":"Deadly Poison","floor":4.0},{"not_picked":["Cloak And Dagger","Underhanded Strike"],"picked":"Backflip","floor":7.0},{"not_picked":["Skewer","Sucker Punch"],"picked":"Footwork","floor":10.0},{"not_picked":["Slice","Dagger Spray"],"picked":"Dash","floor":11.0},{"not_picked":["Blade Dance","Deadly Poison"],"picked":"Footwork","floor":13.0},{"not_picked":["Dash","Tactician+1","Poisoned Stab"],"picked":"SKIP","floor":14.0},{"not_picked":["Venomology+1","Corpse Explosion+1"],"picked":"After Image","floor":16.0},{"not_picked":["Prepared+1","Underhanded Strike"],"picked":"Deflect+1","floor":18.0},{"not_picked":["Underhanded Strike","Bane"],"picked":"Noxious Fumes","floor":20.0},{"not_picked":["Skewer","Prepared+1"],"picked":"Dodge and Roll+1","floor":21.0},{"not_picked":["Leg Sweep+1","PiercingWail+1"],"picked":"Infinite Blades+1","floor":24.0},{"not_picked":["Skewer","Predator"],"picked":"Dodge and Roll+1","floor":27.0},{"not_picked":["Concentrate+1","Infinite Blades"],"picked":"Catalyst+1","floor":28.0},{"not_picked":["Accuracy+1","Deadly Poison+1","Dash"],"picked":"SKIP","floor":29.0},{"not_picked":["Noxious Fumes","Masterful Stab"],"picked":"PiercingWail+1","floor":30.0},{"not_picked":["PiercingWail+1","Dodge and Roll+1","Poisoned Stab"],"picked":"SKIP","floor":31.0},{"not_picked":["Glass Knife","Phantasmal Killer+1"],"picked":"Envenom","floor":33.0},{"not_picked":["Dodge and Roll+1","Sucker Punch+1","Poisoned Stab"],"picked":"SKIP","floor":35.0},{"not_picked":["Acrobatics+1","Storm of Steel+1"],"picked":"Terror+1","floor":38.0},{"not_picked":["Prepared+1","Deadly Poison+1","Acrobatics+1"],"picked":"SKIP","floor":41.0},{"not_picked":["Acrobatics+1","Outmaneuver+1","Dash"],"picked":"SKIP","floor":46},{"not_picked":["A Thousand Cuts","Calculated Gamble+1","Cloak And Dagger+1"],"picked":"SKIP","floor":47},{"not_picked":["Eviscerate+1","Dodge and Roll+1","Quick Slash"],"picked":"SKIP","floor":48}],"player_experience":203714,"relics_obtained":[{"floor":9.0,"key":"Pen Nib"},{"floor":13.0,"key":"Toxic Egg 2"},{"floor":24.0,"key":"Oddly Smooth Stone"},{"floor":26.0,"key":"War Paint"},{"floor":27.0,"key":"Centennial Puzzle"},{"floor":30.0,"key":"Bag of Marbles"},{"floor":41.0,"key":"Pantograph"},{"floor":43.0,"key":"Omamori"}],"event_choices":[{"damage_healed":0.0,"max_hp_gain":5.0,"max_hp_loss":0.0,"gold_gain":0.0,"event_name":"Big Fish","player_choice":"Donut","floor":3.0,"gold_loss":0.0,"damage_taken":0.0},{"damage_healed":0.0,"max_hp_gain":0.0,"max_hp_loss":0.0,"gold_gain":0.0,"event_name":"Shining Light","player_choice":"Entered Light","floor":5.0,"gold_loss":0.0,"damage_taken":15.0,"cards_upgraded":["Noxious Fumes","Survivor"]},{"damage_healed":0.0,"max_hp_gain":0.0,"max_hp_loss":0.0,"gold_gain":0.0,"event_name":"The Woman in Blue","player_choice":"Bought 0 Potions","floor":19.0,"gold_loss":0.0,"damage_taken":0.0},{"damage_healed":0.0,"max_hp_gain":0.0,"max_hp_loss":0.0,"gold_gain":0.0,"cards_transformed":["Defend_G"],"event_name":"Transmorgrifier","player_choice":"Transformed","floor":36.0,"gold_loss":0.0,"damage_taken":0.0,"cards_obtained":["Calculated Gamble"]},{"damage_healed":0.0,"max_hp_gain":0.0,"max_hp_loss":0.0,"gold_gain":0.0,"event_name":"Upgrade Shrine","player_choice":"Upgraded","floor":44.0,"gold_loss":0.0,"damage_taken":0.0,"cards_upgraded":["Well Laid Plans"]}],"is_beta":false,"boss_relics":[{"not_picked":["Lizard Tail","Eternal Feather"],"picked":"Coffee Dripper"},{"not_picked":["Orrery","Fusion Hammer"],"picked":"Cursed Key"}],"items_purged_floors":[2,22,37],"is_endless":false,"potions_floor_spawned":[10,11,14,18,24,27,30,31,35,46,47],"ascension_level":3}