{"gold_per_floor":[116,66,66,79,4,34,34,64,64,84,84,96,96,123,123,219,219,230,1,14,14,14,14,32,32,32,61,61,78,168,182,182,287,287,301,315,44,144,144,144,174,174,174,174,0,35,35,46,46,46,46,46,46,75,75],"floor_reached":55,"playtime":6449,"items_purged":["Defend_R","Defend_R","Strike_R"],"score":1343,"play_id":"159a44b4-3317-43b9-8047-c087dfb06c47","local_time":"20190301195906","is_ascension_mode":true,"campfire_choices":[{"data":"True Grit","floor":7,"key":"SMITH"},{"floor":11,"key":"RECALL"},{"floor":15,"key":"REST"},{"data":"Shockwave","floor":23,"key":"SMITH"},{"data":"Pommel Strike","floor":25,"key":"SMITH"},{"data":"Anger","floor":28,"key":"SMITH"},{"floor":32,"key":"REST"},{"data":"Whirlwind","floor":40,"key":"SMITH"},{"data":"Inflame","floor":42,"key":"SMITH"},{"data":"Parasite","floor":44,"key":"PURGE"},{"floor":49,"key":"REST"},{"data":"Limit Break","floor":52,"key":"SMITH"}],"neow_cost":"NONE","seed_source_timestamp":0,"circlet_count":0,"master_deck":["Strike_R","Strike_R","Strike_R","Strike_R","Defend_R","Bash","Metallicize","Inflame","True Grit+1","Disarm","Anger+1","Offering","Reaper","Evolve+1","Pommel Strike+1","Uppercut","Inflame+1","Shockwave+1","Inflame+1","Reaper","Whirlwind+1","Limit Break+1","Violence","Madness","Madness","Warcry+1"],"special_seed":0,"relics":["Burning Blood","Orichalcum","Pear","Champion Belt","Charon\u0027s Ashes","Mark of Pain","Nilry\u0027s Codex","Ornamental Fan","Potion Belt","Cursed Key","Vajra","Peace Pipe","PreservedInsect","Dodecahedron","Red Mask","Kunai","Strawberry"],"potions_floor_usage":[13,16,31,33,33,41,46,50,50,50,55],"damage_taken":[{"damage":10,"enemies":"Small Slimes","floor":1,"turns":5},{"damage":6,"enemies":"Jaw Worm","floor":4,"turns":3},{"damage":19,"enemies":"3 Sentries","floor":6,"turns":9},{"damage":22,"enemies":"Lagavulin","floor":8,"turns":7},{"damage":0,"enemies":"2 Louse","floor":10,"turns":4},{"damage":8,"enemies":"Red Slaver","floor":12,"turns":3},{"damage":10,"enemies":"Gremlin Nob","floor":14,"turns":5},{"damage":45,"enemies":"The Guardian","floor":16,"turns":7},{"damage":6,"enemies":"Chosen","floor":18,"turns":3},{"damage":9,"enemies":"3 Byrds","floor":20,"turns":4},{"damage":24,"enemies":"Centurion and Healer","floor":24,"turns":4},{"damage":42,"enemies":"Slavers","floor":27,"turns":5},{"damage":20,"enemies":"Shelled Parasite and Fungi","floor":29,"turns":3},{"damage":11,"enemies":"Snecko","floor":31,"turns":4},{"damage":21,"enemies":"Champ","floor":33,"turns":8},{"damage":7,"enemies":"3 Shapes","floor":35,"turns":4},{"damage":14,"enemies":"Orb Walker","floor":36,"turns":3},{"damage":6,"enemies":"Mind Bloom Boss Battle","floor":38,"turns":4},{"damage":28,"enemies":"Reptomancer","floor":41,"turns":4},{"damage":25,"enemies":"Nemesis","floor":46,"turns":5},{"damage":35,"enemies":"Maw","floor":48,"turns":5},{"damage":76,"enemies":"Awakened One","floor":50,"turns":9},{"damage":26,"enemies":"Shield and Spear","floor":54,"turns":3},{"damage":143,"enemies":"The Heart","floor":55,"turns":8}],"seed_played":"-5399773298384836050","potions_obtained":[{"floor":1,"key":"Ancient Potion"},{"floor":4,"key":"FairyPotion"},{"floor":6,"key":"Dexterity Potion"},{"floor":13,"key":"Fruit Juice"},{"floor":13,"key":"AttackPotion"},{"floor":16,"key":"EntropicBrew"},{"floor":20,"key":"SneckoOil"},{"floor":27,"key":"SkillPotion"},{"floor":38,"key":"Strength Potion"},{"floor":46,"key":"Block Potion"},{"floor":48,"key":"FearPotion"}],"is_trial":false,"path_per_floor":["M","?","?","M","$","E","R","E","T","M","R","M","?","E","R","B",null,"M","$","M","?","?","R","M","R","T","E","R","M","?","M","R","B",null,"M","M","$","?","?","R","E","R","T","R","?","E","?","M","R","B",null,"R","$","E","B"],"character_chosen":"IRONCLAD","items_purchased":["Pommel Strike","Uppercut","Vajra"],"campfire_rested":3,"item_purchase_floors":[19,19,37],"current_hp_per_floor":[68,68,68,68,68,65,65,49,49,55,55,53,58,54,82,43,82,91,91,95,79,79,79,78,78,78,72,72,58,40,44,72,73,90,89,93,93,95,95,95,95,95,95,92,92,73,61,52,79,49,81,81,81,99,0],"gold":75,"neow_bonus":"RANDOM_COMMON_RELIC","is_prod":false,"is_daily":false,"chose_seed":false,"campfire_upgraded":7,"win_rate":0,"timestamp":1551499146,"path_taken":["M","?","?","M","?","E","R","E","T","M","R","M","?","E","R","BOSS","M","$","M","?","?","R","M","R","T","E","R","M","?","?","R","BOSS","M","M","$","?","?","R","E","R","T","R","?","E","?","M","R","BOSS","R","$","E","BOSS"],"build_version":"2019-01-23","purchased_purges":3,"victory":false,"max_hp_per_floor":[80,80,80,80,80,90,90,90,90,90,90,90,95,95,95,95,95,95,95,95,95,95,95,95,95,95,95,95,95,95,95,95,95,95,95,95,95,95,95,95,95,95,95,92,92,92,92,92,92,92,92,92,92,99,99],"card_choices":[{"not_picked":["Wild Strike","Heavy Blade"],"picked":"Metallicize","floor":1},{"not_picked":["Power Through","Shrug It Off"],"picked":"Inflame","floor":4},{"not_picked":["Burning Pact","Bloodletting"],"picked":"True Grit","floor":6},{"not_picked":["Whirlwind","Wild Strike"],"picked":"Disarm","floor":8},{"not_picked":["Rupture","Sword Boomerang"],"picked":"Anger","floor":10},{"not_picked":["Warcry","Cleave","Headbutt"],"picked":"SKIP","floor":12},{"not_picked":["Warcry","Barricade"],"picked":"Offering","floor":14},{"not_picked":["Double Tap","Impervious"],"picked":"Reaper","floor":16},{"not_picked":["Body Slam+1","Seeing Red"],"picked":"Evolve+1","floor":18},{"not_picked":["Bloodletting","Flex"],"picked":"Inflame","floor":20},{"not_picked":["Shrug It Off","Twin Strike+1"],"picked":"Inflame+1","floor":24},{"not_picked":["Hemokinesis","Inflame","Intimidate"],"picked":"SKIP","floor":27},{"not_picked":["Thunderclap+1","Sword Boomerang","Clothesline"],"picked":"SKIP","floor":29},{"not_picked":["Thunderclap+1","Rampage","Dropkick+1"],"picked":"SKIP","floor":31},{"not_picked":["Brutality","Immolate"],"picked":"Reaper","floor":33},{"not_picked":["Inflame","Warcry","Perfected Strike"],"picked":"SKIP","floor":35},{"not_picked":["Seeing Red","Cleave"],"picked":"Whirlwind","floor":36},{"not_picked":["Rupture+1","Iron Wave"],"picked":"Limit Break","floor":38},{"not_picked":["Blind","Transmutation"],"picked":"Violence","floor":39},{"not_picked":["Dual Wield+1","Twin Strike","Havoc"],"picked":"SKIP","floor":41},{"not_picked":["Armaments","Flame Barrier+1","Cleave"],"picked":"SKIP","floor":46},{"not_picked":["Flame Barrier","Clothesline","Armaments"],"picked":"SKIP","floor":48},{"not_picked":["Seeing Red","Dropkick"],"picked":"Warcry+1","floor":54}],"player_experience":312482,"relics_obtained":[{"floor":6,"key":"Pear"},{"floor":8,"key":"Champion Belt"},{"floor":14,"key":"Charon\u0027s Ashes"},{"floor":21,"key":"Nilry\u0027s Codex"},{"floor":26,"key":"Ornamental Fan"},{"floor":27,"key":"Potion Belt"},{"floor":38,"key":"Peace Pipe"},{"floor":41,"key":"PreservedInsect"},{"floor":43,"key":"Dodecahedron"},{"floor":46,"key":"Kunai"},{"floor":54,"key":"Strawberry"}],"event_choices":[{"cards_removed":["Defend_R"],"damage_healed":0,"gold_gain":0,"player_choice":"Card Removal","damage_taken":0,"max_hp_gain":0,"max_hp_loss":0,"event_name":"The Cleric","floor":2,"gold_loss":50},{"damage_healed":0,"gold_gain":0,"player_choice":"Ignored","damage_taken":0,"max_hp_gain":0,"max_hp_loss":0,"event_name":"Liars Game","floor":3,"gold_loss":0},{"damage_healed":0,"gold_gain":0,"player_choice":"Got Potions","damage_taken":0,"max_hp_gain":0,"max_hp_loss":0,"event_name":"Lab","floor":13,"gold_loss":0},{"damage_healed":0,"gold_gain":0,"player_choice":"Obtained Book","damage_taken":16,"max_hp_gain":0,"max_hp_loss":0,"event_name":"Cursed Tome","floor":21,"gold_loss":0},{"damage_healed":0,"gold_gain":0,"player_choice":"Read","damage_taken":0,"max_hp_gain":0,"max_hp_loss":0,"event_name":"The Library","floor":22,"gold_loss":0,"cards_obtained":["Shockwave"]},{"damage_healed":0,"gold_gain":90,"player_choice":"GOLD ","damage_taken":18,"max_hp_gain":0,"max_hp_loss":0,"event_name":"Knowing Skull","floor":30,"potions_obtained":[],"gold_loss":0,"cards_obtained":[]},{"damage_healed":0,"gold_gain":0,"player_choice":"Fight","damage_taken":0,"max_hp_gain":0,"max_hp_loss":0,"event_name":"MindBloom","floor":38,"gold_loss":0},{"damage_healed":0,"gold_gain":0,"player_choice":"Memory 1","damage_taken":0,"max_hp_gain":0,"max_hp_loss":0,"event_name":"SensoryStone","floor":39,"gold_loss":0},{"damage_healed":0,"gold_gain":0,"player_choice":"Paid","damage_taken":0,"relics_obtained":["Red Mask"],"max_hp_gain":0,"max_hp_loss":0,"event_name":"Tomb of Lord Red Mask","floor":45,"gold_loss":174},{"damage_healed":0,"gold_gain":0,"player_choice":"Embrace Madness","damage_taken":12,"max_hp_gain":0,"max_hp_loss":0,"event_name":"Winding Halls","floor":47,"gold_loss":0,"cards_obtained":["Madness","Madness"]}],"is_beta":false,"boss_relics":[{"not_picked":["White Beast Statue","Orrery"],"picked":"Mark of Pain"},{"not_picked":["Coffee Dripper","Busted Crown"],"picked":"Cursed Key"}],"items_purged_floors":[5,19,37],"is_endless":false,"potions_floor_spawned":[1,4,6,14,16,20,27,33,38,46,48],"killed_by":"The Heart","ascension_level":9}