{"gold_per_floor":[115,115,131,151,1,31,0,0,0,31,43,56,73,98,98,98],"floor_reached":16,"playtime":1252,"items_purged":["Strike_G"],"score":171,"play_id":"5fb943d3-6d59-4154-b94c-31110ab64c6a","local_time":"20190218114410","is_ascension_mode":true,"campfire_choices":[{"data":"Cloak And Dagger","floor":8,"key":"SMITH"},{"data":"Neutralize","floor":15,"key":"SMITH"}],"neow_cost":"NONE","seed_source_timestamp":296311539997874,"circlet_count":0,"master_deck":["Defend_G","Defend_G","Defend_G+1","Defend_G","Defend_G","Strike_G","Strike_G","Strike_G","Survivor","Neutralize+1","Dodge and Roll+1","Skewer","Leg Sweep","Flying Knee","Quick Slash","Cloak And Dagger+1","Predator","Malaise","Expertise","Blur","Footwork"],"special_seed":0,"relics":["Ring of the Snake","NeowsBlessing","War Paint","Gremlin Horn","Orichalcum","Dream Catcher"],"potions_floor_usage":[10,14,16,16],"damage_taken":[{"damage":0.0,"enemies":"2 Louse","floor":1.0,"turns":1.0},{"damage":0.0,"enemies":"Cultist","floor":3.0,"turns":1.0},{"damage":0.0,"enemies":"Jaw Worm","floor":4.0,"turns":1.0},{"damage":10.0,"enemies":"Lagavulin","floor":6.0,"turns":10.0},{"damage":0.0,"enemies":"Looter","floor":7.0,"turns":5.0},{"damage":14,"enemies":"3 Sentries","floor":10,"turns":18},{"damage":0,"enemies":"Exordium Wildlife","floor":11,"turns":3},{"damage":3,"enemies":"Exordium Thugs","floor":12,"turns":7},{"damage":0,"enemies":"Lots of Slimes","floor":13,"turns":4},{"damage":9,"enemies":"Lagavulin","floor":14,"turns":10},{"damage":28,"enemies":"Slime Boss","floor":16,"turns":11}],"seed_played":"-2678952424893475038","potions_obtained":[{"floor":6.0,"key":"PowerPotion"},{"floor":10,"key":"Energy Potion"},{"floor":11,"key":"GamblersBrew"},{"floor":12,"key":"Energy Potion"}],"is_trial":false,"path_per_floor":["M","?","M","M","$","E","M","R","T","E","M","M","M","E","R","B"],"character_chosen":"THE_SILENT","items_purchased":["Flying Knee","FearPotion"],"campfire_rested":0,"item_purchase_floors":[5,5],"current_hp_per_floor":[63,63,63,63,63,53,53,53,53,39,39,36,36,27,27,0],"gold":98,"neow_bonus":"THREE_ENEMY_KILL","is_prod":false,"is_daily":false,"chose_seed":false,"campfire_upgraded":2,"win_rate":0,"timestamp":1550519050,"path_taken":["M","?","?","?","$","E","M","R","T","E","M","M","M","E","R","BOSS"],"build_version":"2019-01-23","purchased_purges":1,"victory":false,"max_hp_per_floor":[70,70,70,70,70,70,70,70,70,70,70,70,70,70,70,70],"card_choices":[{"not_picked":["Sucker Punch","Prepared"],"picked":"Dodge and Roll","floor":1.0},{"not_picked":["Bouncing Flask","Choke"],"picked":"Skewer","floor":3.0},{"not_picked":["Dagger Spray","Prepared"],"picked":"Leg Sweep","floor":4.0},{"not_picked":["Bane","Finisher"],"picked":"Quick Slash","floor":6.0},{"not_picked":["Acrobatics","Prepared"],"picked":"Cloak And Dagger","floor":7.0},{"not_picked":["Heel Hook","Endless Agony"],"picked":"Predator","floor":10},{"not_picked":["Bane","Dagger Throw"],"picked":"Malaise","floor":11},{"not_picked":["Riddle With Holes","Choke"],"picked":"Expertise","floor":12},{"not_picked":["Deadly Poison","Bane"],"picked":"Blur","floor":13},{"not_picked":["Flying Knee","Concentrate"],"picked":"Footwork","floor":14}],"player_experience":442120,"relics_obtained":[{"floor":6.0,"key":"War Paint"},{"floor":9,"key":"Gremlin Horn"},{"floor":10,"key":"Orichalcum"},{"floor":14,"key":"Dream Catcher"}],"event_choices":[{"cards_removed":["Strike_G"],"damage_healed":0.0,"max_hp_gain":0.0,"max_hp_loss":0.0,"gold_gain":0.0,"event_name":"Purifier","player_choice":"Purged","floor":2.0,"gold_loss":0.0,"damage_taken":0.0}],"is_beta":false,"boss_relics":[],"items_purged_floors":[5],"is_endless":false,"potions_floor_spawned":[6,10,11,12],"killed_by":"Slime Boss","ascension_level":8}