{"gold_per_floor":[215,117,137,137,149,99,119,119,174,203,215,242,265,277,289,405,417,354,385,397,425,437,474,501,513,525,50,62,62,81,95,95,195,195,213,288,306,406,154,154,166,166,192,192,211,240,240,145,145,145],"floor_reached":51,"playtime":3661,"items_purged":["Strike_B","Defend_B","Gash"],"score":719,"play_id":"4430f48d-5af4-4904-82c1-e16db73ff81e","local_time":"20190223193341","is_ascension_mode":false,"campfire_choices":[{"data":"Capacitor","floor":8,"key":"SMITH"},{"data":"Zap","floor":15,"key":"SMITH"},{"data":"Consume","floor":25,"key":"SMITH"},{"data":"Defragment","floor":32,"key":"SMITH"},{"floor":40,"key":"REST"},{"floor":42,"key":"RECALL"},{"floor":47,"key":"REST"},{"floor":49,"key":"REST"}],"neow_cost":"NONE","seed_source_timestamp":15227745530511,"circlet_count":0,"master_deck":["Zap+1","Dualcast","Capacitor+1","Stack","Glacier","Consume+1","Coolheaded","Conserve Battery","Reboot","Machine Learning+1","Stack+1","Auto Shields+1","Rebound","Barrage","Coolheaded","Defragment+1","Recycle+1","Blizzard+1","Defragment+1","Cold Snap+1","Capacitor","Defragment","Flash of Steel"],"relics":["Cracked Core","MawBank","Astrolabe","Bag of Preparation","Lantern","Ancient Tea Set","Oddly Smooth Stone","DataDisk","Fusion Hammer","Ginger","Vajra","Juzu Bracelet"],"potions_floor_usage":[7,7,10,28,50,50,50],"damage_taken":[{"damage":0,"enemies":"Small Slimes","floor":1,"turns":4},{"damage":1,"enemies":"Jaw Worm","floor":3,"turns":4},{"damage":1,"enemies":"Cultist","floor":5,"turns":5},{"damage":7,"enemies":"Large Slime","floor":7,"turns":9},{"damage":0,"enemies":"3 Louse","floor":10,"turns":2},{"damage":0,"enemies":"2 Fungi Beasts","floor":12,"turns":6},{"damage":0,"enemies":"Blue Slaver","floor":13,"turns":5},{"damage":17,"enemies":"Slime Boss","floor":16,"turns":25},{"damage":12,"enemies":"2 Thieves","floor":18,"turns":5},{"damage":1,"enemies":"Spheric Guardian","floor":19,"turns":6},{"damage":5,"enemies":"Shelled Parasite and Fungi","floor":21,"turns":22},{"damage":3,"enemies":"Snake Plant","floor":24,"turns":7},{"damage":1,"enemies":"3 Cultists","floor":28,"turns":8},{"damage":0,"enemies":"Sentry and Sphere","floor":30,"turns":8},{"damage":0,"enemies":"Centurion and Healer","floor":31,"turns":12},{"damage":0,"enemies":"Automaton","floor":33,"turns":14},{"damage":0,"enemies":"3 Darklings","floor":35,"turns":6},{"damage":0,"enemies":"Orb Walker","floor":37,"turns":5},{"damage":7,"enemies":"Mind Bloom Boss Battle","floor":38,"turns":10},{"damage":0,"enemies":"Spire Growth","floor":41,"turns":7},{"damage":0,"enemies":"Writhing Mass","floor":45,"turns":8},{"damage":0,"enemies":"Giant Head","floor":46,"turns":10},{"damage":20,"enemies":"Donu and Deca","floor":50,"turns":8}],"seed_played":"4077777398945961838","potions_obtained":[{"floor":1,"key":"GamblersBrew"},{"floor":3,"key":"AttackPotion"},{"floor":5,"key":"Dexterity Potion"},{"floor":7,"key":"Explosive Potion"},{"floor":12,"key":"Regen Potion"},{"floor":16,"key":"Weak Potion"},{"floor":24,"key":"PowerPotion"},{"floor":28,"key":"Ancient Potion"},{"floor":35,"key":"FocusPotion"}],"is_trial":false,"path_per_floor":["M","$","M","?","M","?","M","R","T","M","?","M","M","?","R","B",null,"M","M","?","M","?","T","M","R","T","$","M","T","M","M","R","B",null,"M","?","M","?","$","R","M","R","T","?","M","E","R","$","R","B",null],"character_chosen":"DEFECT","items_purchased":["Stack","Defragment","Ancient Tea Set","Oddly Smooth Stone","Gash","Capacitor","PowerPotion","Flash of Steel"],"campfire_rested":3,"item_purchase_floors":[2,27,27,27,27,39,39,48],"current_hp_per_floor":[75,75,74,74,73,73,66,66,66,66,59,59,59,52,52,35,75,63,62,62,57,57,57,54,54,54,54,68,68,68,68,68,68,75,75,68,68,61,61,75,75,75,75,75,75,75,75,75,75,55],"gold":145,"neow_bonus":"HUNDRED_GOLD","is_prod":false,"is_daily":false,"chose_seed":false,"campfire_upgraded":4,"win_rate":0,"timestamp":1550918021,"path_taken":["M","$","M","?","M","?","M","R","T","M","?","M","?","?","R","BOSS","M","M","?","M","?","?","M","R","T","$","M","?","M","M","R","BOSS","M","?","?","?","$","R","M","R","T","?","M","E","R","?","R","BOSS"],"build_version":"2019-01-23","purchased_purges":3,"victory":true,"max_hp_per_floor":[75,75,75,75,75,75,75,75,75,75,75,75,75,75,75,75,75,75,75,75,75,75,75,75,75,75,75,75,75,75,75,75,75,75,75,75,75,75,75,75,75,75,75,75,75,75,75,75,75,75],"card_choices":[{"not_picked":["Tempest","Stack"],"picked":"Capacitor","floor":1},{"not_picked":["Beam Cell","Tempest"],"picked":"Glacier","floor":3},{"not_picked":["Coolheaded","Stack"],"picked":"Consume","floor":5},{"not_picked":["Steam Power","Meteor Strike"],"picked":"Coolheaded","floor":7},{"not_picked":["Ball Lightning","Fusion"],"picked":"Conserve Battery","floor":10},{"not_picked":["Go for the Eyes","Scrape","Compile Driver"],"picked":"SKIP","floor":12},{"not_picked":["Fission","Double Energy","Rebound"],"picked":"SKIP","floor":13},{"not_picked":["Hyperbeam","Machine Learning"],"picked":"Reboot","floor":16},{"not_picked":["Go for the Eyes","Redo","Storm+1"],"picked":"SKIP","floor":18},{"not_picked":["Leap+1","Redo","Streamline"],"picked":"SKIP","floor":19},{"not_picked":["Glacier","Compile Driver"],"picked":"Rebound","floor":21},{"not_picked":["Streamline","Undo"],"picked":"Coolheaded","floor":24},{"not_picked":["Defragment","Reboot"],"picked":"Recycle+1","floor":28},{"not_picked":["Self Repair","Streamline","Turbo"],"picked":"SKIP","floor":30},{"not_picked":["Heatsinks","Tempest"],"picked":"Blizzard+1","floor":31},{"not_picked":["Consume","Sweeping Beam+1"],"picked":"Defragment+1","floor":35},{"not_picked":["Scrape+1","Conserve Battery+1","Heatsinks+1"],"picked":"SKIP","floor":37},{"not_picked":["Compile Driver+1","Heatsinks"],"picked":"Cold Snap+1","floor":38},{"not_picked":["Scrape","Skim","Go for the Eyes+1"],"picked":"SKIP","floor":41},{"not_picked":["Scrape","Coolheaded+1","Conserve Battery+1"],"picked":"SKIP","floor":45},{"not_picked":["Self Repair+1","Conserve Battery"],"picked":"Defragment","floor":46}],"player_experience":510664,"relics_obtained":[{"floor":9,"key":"MawBank"},{"floor":23,"key":"Bag of Preparation"},{"floor":26,"key":"Lantern"},{"floor":29,"key":"DataDisk"},{"floor":38,"key":"Ginger"},{"floor":43,"key":"Vajra"},{"floor":46,"key":"Juzu Bracelet"}],"event_choices":[{"damage_healed":0,"gold_gain":0,"player_choice":"Ignored","damage_taken":0,"max_hp_gain":0,"max_hp_loss":0,"event_name":"Liars Game","floor":4,"gold_loss":0},{"cards_removed":["Strike_B"],"damage_healed":0,"gold_gain":0,"player_choice":"Card Removal","damage_taken":0,"max_hp_gain":0,"max_hp_loss":0,"event_name":"The Cleric","floor":6,"gold_loss":50},{"damage_healed":0,"gold_gain":0,"player_choice":"Damaged","damage_taken":7,"max_hp_gain":0,"max_hp_loss":0,"event_name":"Wheel of Change","floor":11,"gold_loss":0},{"cards_removed":["Strike_B"],"damage_healed":0,"gold_gain":0,"player_choice":"Card Removal","damage_taken":7,"max_hp_gain":0,"max_hp_loss":0,"event_name":"Golden Wing","floor":14,"gold_loss":0},{"cards_removed":["Defend_B"],"damage_healed":0,"gold_gain":0,"player_choice":"Elegance","damage_taken":0,"max_hp_gain":0,"max_hp_loss":0,"event_name":"Back to Basics","floor":20,"gold_loss":0},{"damage_healed":0,"gold_gain":0,"player_choice":"Read","damage_taken":0,"max_hp_gain":0,"max_hp_loss":0,"event_name":"The Library","floor":22,"gold_loss":0,"cards_obtained":["Barrage"]},{"damage_healed":0,"gold_gain":75,"player_choice":"Touch","damage_taken":7,"max_hp_gain":0,"max_hp_loss":0,"event_name":"FaceTrader","floor":36,"gold_loss":0},{"damage_healed":0,"gold_gain":0,"player_choice":"Fight","damage_taken":0,"max_hp_gain":0,"max_hp_loss":0,"event_name":"MindBloom","floor":38,"gold_loss":0},{"damage_healed":0,"gold_gain":0,"player_choice":"Memory 1","damage_taken":0,"max_hp_gain":0,"max_hp_loss":0,"event_name":"SensoryStone","floor":44,"gold_loss":0}],"is_beta":false,"boss_relics":[{"not_picked":["Coffee Dripper","Snecko Eye"],"picked":"Astrolabe"},{"not_picked":["Velvet Choker","Orrery"],"picked":"Fusion Hammer"}],"items_purged_floors":[2,27,39],"is_endless":false,"potions_floor_spawned":[1,3,5,7,12,16,24,28,31,33,35,45],"ascension_level":0}