{"gold_per_floor":[111,111,130,32,51,51,76,90,138,24,24,24,24,37,37,140,140,159,179,179,191,210,210,210],"floor_reached":24,"playtime":2619,"items_purged":[],"score":248,"play_id":"6978a6d0-0ab7-4088-95c5-d997b4301831","local_time":"20190122185448","is_ascension_mode":true,"campfire_choices":[{"data":"Bash","floor":6.0,"key":"SMITH"},{"floor":11.0,"key":"RECALL"},{"data":"Armaments","floor":13.0,"key":"SMITH"},{"data":"True Grit","floor":15.0,"key":"SMITH"},{"floor":23,"key":"REST"}],"neow_cost":"NONE","seed_source_timestamp":334727993705876,"circlet_count":0,"master_deck":["Strike_R","Strike_R","Strike_R","Defend_R","Defend_R","Defend_R","Defend_R","Bash+1","Iron Wave","Evolve","Clothesline","True Grit+1","Anger","Immolate","Armaments+1","Blind","Shrug It Off","Demon Form","Heavy Blade","Seeing Red","Flame Barrier","Disarm"],"special_seed":0,"relics":["Black Blood","The Courier","Bag of Preparation"],"potions_floor_usage":[21,24],"damage_taken":[{"damage":4.0,"enemies":"2 Louse","floor":1.0,"turns":3.0},{"damage":1.0,"enemies":"Cultist","floor":3.0,"turns":3.0},{"damage":2.0,"enemies":"Small Slimes","floor":5.0,"turns":4.0},{"damage":24.0,"enemies":"Lagavulin","floor":7.0,"turns":8.0},{"damage":5.0,"enemies":"Exordium Wildlife","floor":8.0,"turns":3.0},{"damage":2.0,"enemies":"Large Slime","floor":14.0,"turns":6.0},{"damage":41.0,"enemies":"Slime Boss","floor":16.0,"turns":11.0},{"damage":19,"enemies":"3 Byrds","floor":18,"turns":7},{"damage":11,"enemies":"Chosen","floor":19,"turns":4},{"damage":41,"enemies":"3 Cultists","floor":21,"turns":5},{"damage":0,"enemies":"Snecko","floor":22,"turns":4},{"damage":68,"enemies":"Book of Stabbing","floor":24,"turns":9}],"seed_played":"-1980449184839765342","potions_obtained":[{"floor":3.0,"key":"Poison Potion"},{"floor":14.0,"key":"Strength Potion"},{"floor":16.0,"key":"SpeedPotion"},{"floor":18,"key":"GamblersBrew"},{"floor":22,"key":"Regen Potion"}],"is_trial":false,"path_per_floor":["M","?","M","$","M","R","E","M","T","$","R","?","R","M","R","B",null,"M","M","?","M","M","R","E"],"character_chosen":"IRONCLAD","items_purchased":["Clothesline","True Grit","Armaments","Blind"],"campfire_rested":1,"item_purchase_floors":[4,4,10,10],"current_hp_per_floor":[88,88,88,88,88,88,70,71,71,71,71,64,64,68,68,33,74,65,64,47,16,26,53,0],"gold":210,"neow_bonus":"TEN_PERCENT_HP_BONUS","is_prod":false,"is_daily":false,"chose_seed":false,"campfire_upgraded":3,"win_rate":0,"timestamp":1548212088,"path_taken":["M","?","M","$","M","R","E","M","T","?","R","?","R","?","R","BOSS","M","M","?","M","M","R","E"],"build_version":"2019-01-17v2","purchased_purges":0,"victory":false,"max_hp_per_floor":[88,88,88,88,88,88,88,88,88,88,88,88,88,88,88,88,88,88,88,93,93,93,93,93],"card_choices":[{"not_picked":["Perfected Strike","Battle Trance"],"picked":"Iron Wave","floor":1.0},{"not_picked":["Combust","Thunderclap"],"picked":"Evolve","floor":3.0},{"not_picked":["Second Wind","Iron Wave"],"picked":"Anger","floor":5.0},{"not_picked":["Perfected Strike","Twin Strike","Heavy Blade"],"picked":"SKIP","floor":7.0},{"not_picked":["Perfected Strike","Twin Strike","Heavy Blade"],"picked":"SKIP","floor":7.0},{"not_picked":["Heavy Blade","Metallicize"],"picked":"Immolate","floor":8.0},{"not_picked":["Clash","Disarm"],"picked":"Shrug It Off","floor":14.0},{"not_picked":["Brutality","Barricade"],"picked":"Demon Form","floor":16.0},{"not_picked":["Warcry","Bloodletting"],"picked":"Heavy Blade","floor":18},{"not_picked":["Body Slam+1","Cleave"],"picked":"Seeing Red","floor":19},{"not_picked":["Flex","Perfected Strike+1"],"picked":"Flame Barrier","floor":21},{"not_picked":["Thunderclap","Warcry"],"picked":"Disarm","floor":22}],"player_experience":351546,"relics_obtained":[{"floor":7.0,"key":"The Courier"},{"floor":9.0,"key":"Bag of Preparation"}],"event_choices":[{"cards_removed":["Strike_R"],"damage_healed":0.0,"max_hp_gain":0.0,"max_hp_loss":0.0,"gold_gain":0.0,"event_name":"Wheel of Change","player_choice":"Card Removal","floor":2.0,"gold_loss":0.0,"damage_taken":0.0},{"cards_removed":["Strike_R"],"damage_healed":0.0,"max_hp_gain":0.0,"max_hp_loss":0.0,"gold_gain":0.0,"event_name":"Golden Wing","player_choice":"Card Removal","floor":12.0,"gold_loss":0.0,"damage_taken":7.0},{"damage_healed":0,"gold_gain":0,"player_choice":"Shed Blood","damage_taken":22,"max_hp_gain":5,"max_hp_loss":0,"event_name":"Forgotten Altar","floor":20,"gold_loss":0}],"is_beta":false,"boss_relics":[{"not_picked":["Lizard Tail","Tiny House"],"picked":"Black Blood"}],"items_purged_floors":[],"is_endless":false,"potions_floor_spawned":[3,14,16,18,22],"killed_by":"Book of Stabbing","ascension_level":5}