{"gold_per_floor":[360,379,390,409,31,31,31,59,132,51,71,87,87,114,114,218,218,234,234,234,200,220,220,236,40,40,40,40,56,68,85,85,189,189,201,127,127,141,1140,1175,429,429],"floor_reached":42,"playtime":6207,"items_purged":["Normality"],"score":474,"play_id":"5926b5f8-6340-4ea9-9d6d-9548cfe26df9","local_time":"20190220194733","is_ascension_mode":true,"campfire_choices":[{"data":"Genetic Algorithm","floor":6.0,"key":"SMITH"},{"data":"Self Repair","floor":13.0,"key":"SMITH"},{"data":"Static Discharge","floor":15.0,"key":"SMITH"},{"data":"Heatsinks","floor":23.0,"key":"SMITH"},{"data":"Defragment","floor":27.0,"key":"SMITH"},{"data":"Amplify","floor":32.0,"key":"SMITH"}],"neow_cost":"TEN_PERCENT_HP_LOSS","seed_source_timestamp":0,"circlet_count":0,"master_deck":["Strike_B+1","Strike_B+1","Strike_B+1","Defend_B+1","Defend_B+1","Defend_B+1","Defend_B+1","Zap","Dualcast","Self Repair+1","Genetic Algorithm+1","Amplify+1","Hello World","Turbo","Storm","Coolheaded","Static Discharge+1","Meteor Strike","Skim","Heatsinks+1","Chaos+1","Defragment+1","Hologram","Streamline+1","Electrodynamics","Reinforced Body","Capacitor","Recycle+1","Normality","Steam Power+1","Panache","Seek"],"special_seed":0,"relics":["Cracked Core","Orichalcum","Happy Flower","Odd Mushroom","Blue Candle","Coffee Dripper","Anchor","Singing Bowl","Philosopher\u0027s Stone","Bag of Preparation","Pantograph"],"potions_floor_usage":[42,42],"damage_taken":[{"damage":1.0,"enemies":"Cultist","floor":1.0,"turns":4.0},{"damage":10.0,"enemies":"Small Slimes","floor":2.0,"turns":4.0},{"damage":6.0,"enemies":"Jaw Worm","floor":3.0,"turns":4.0},{"damage":14.0,"enemies":"Blue Slaver","floor":4.0,"turns":3.0},{"damage":15.0,"enemies":"The Mushroom Lair","floor":8.0,"turns":5.0},{"damage":0.0,"enemies":"Large Slime","floor":11.0,"turns":5.0},{"damage":5.0,"enemies":"Exordium Wildlife","floor":12.0,"turns":3.0},{"damage":11.0,"enemies":"3 Sentries","floor":14.0,"turns":5.0},{"damage":32.0,"enemies":"Slime Boss","floor":16.0,"turns":7.0},{"damage":8.0,"enemies":"Chosen","floor":18.0,"turns":6.0},{"damage":7.0,"enemies":"Spheric Guardian","floor":22.0,"turns":4.0},{"damage":5.0,"enemies":"Chosen and Byrds","floor":24.0,"turns":5.0},{"damage":0.0,"enemies":"Snake Plant","floor":29.0,"turns":6.0},{"damage":8.0,"enemies":"3 Cultists","floor":30.0,"turns":5.0},{"damage":9.0,"enemies":"Snecko","floor":31.0,"turns":3.0},{"damage":27.0,"enemies":"Collector","floor":33.0,"turns":10.0},{"damage":0.0,"enemies":"3 Darklings","floor":35.0,"turns":2.0},{"damage":0.0,"enemies":"3 Shapes","floor":38.0,"turns":3.0},{"damage":69,"enemies":"Nemesis","floor":40,"turns":11},{"damage":31,"enemies":"Reptomancer","floor":42,"turns":3}],"seed_played":"-6123524713340695802","potions_obtained":[{"floor":1.0,"key":"FearPotion"},{"floor":4.0,"key":"SkillPotion"},{"floor":14.0,"key":"EssenceOfSteel"},{"floor":16.0,"key":"FearPotion"},{"floor":24.0,"key":"SkillPotion"},{"floor":28.0,"key":"SteroidPotion"},{"floor":28.0,"key":"GamblersBrew"},{"floor":30.0,"key":"Energy Potion"},{"floor":33.0,"key":"Fire Potion"}],"is_trial":false,"path_per_floor":["M","M","M","M","$","R","?","?","T","$","M","M","R","E","R","B",null,"M","?","?","$","M","R","M","$","T","R","?","M","M","M","R","B",null,"M","$","?","M","?","E","$","E"],"character_chosen":"DEFECT","items_purchased":["Orichalcum","Amplify","Hello World","Storm","Heatsinks","Anchor","Hologram","Capacitor","Panache","Regen Potion","Pantograph","Seek"],"campfire_rested":0,"item_purchase_floors":[5,5,5,10,21,25,25,36,41,41,41,41],"current_hp_per_floor":[67,64,65,58,58,58,55,47,47,47,61,68,68,67,67,45,68,60,60,48,48,51,51,56,56,56,56,56,68,70,77,77,60,77,77,77,77,77,77,18,18,0],"gold":429,"neow_bonus":"TWO_FIFTY_GOLD","is_prod":false,"is_daily":false,"chose_seed":false,"campfire_upgraded":6,"win_rate":0,"timestamp":1550688453,"path_taken":["M","M","M","?","$","R","?","?","T","?","M","M","R","E","R","BOSS","M","?","?","?","M","R","M","$","T","R","?","M","M","?","R","BOSS","M","$","?","M","?","E","$","E"],"build_version":"2019-01-23","purchased_purges":1,"victory":false,"max_hp_per_floor":[68,68,68,68,68,68,68,68,68,68,68,68,68,68,68,68,68,68,68,73,73,73,73,73,73,73,73,73,75,75,77,77,77,77,77,77,77,77,77,77,77,77],"card_choices":[{"not_picked":["Cold Snap","Sweeping Beam"],"picked":"Self Repair","floor":1.0},{"not_picked":["Barrage","Steam","Compile Driver"],"picked":"SKIP","floor":2.0},{"not_picked":["Cold Snap","Stack","Beam Cell"],"picked":"SKIP","floor":3.0},{"not_picked":["Seek","Leap"],"picked":"Genetic Algorithm","floor":4.0},{"not_picked":["Redo","Undo"],"picked":"Turbo","floor":8.0},{"not_picked":["Rebound","Lockon"],"picked":"Coolheaded","floor":11.0},{"not_picked":["Thunder Strike","Reprogram","Ball Lightning"],"picked":"SKIP","floor":12.0},{"not_picked":["Genetic Algorithm","Lockon"],"picked":"Static Discharge","floor":14.0},{"not_picked":["Reboot","Rainbow"],"picked":"Meteor Strike","floor":16.0},{"not_picked":["Ball Lightning+1","Rip and Tear"],"picked":"Skim","floor":18.0},{"not_picked":["Leap","Heatsinks"],"picked":"Chaos+1","floor":22.0},{"not_picked":["Turbo","Coolheaded"],"picked":"Defragment","floor":24.0},{"not_picked":["Rebound","Glacier","Ball Lightning"],"picked":"Singing Bowl","floor":29.0},{"not_picked":["Rebound","Go for the Eyes"],"picked":"Streamline+1","floor":30.0},{"not_picked":["Stack","Beam Cell+1","Genetic Algorithm"],"picked":"Singing Bowl","floor":31.0},{"not_picked":["Thunder Strike","Buffer"],"picked":"Electrodynamics","floor":33.0},{"not_picked":["Stack","BootSequence"],"picked":"Reinforced Body","floor":35.0},{"not_picked":["Turbo","Coolheaded"],"picked":"Recycle+1","floor":38.0},{"not_picked":["Streamline","Blizzard+1"],"picked":"Steam Power+1","floor":40}],"player_experience":215702,"relics_obtained":[{"floor":8.0,"key":"Odd Mushroom"},{"floor":14.0,"key":"Blue Candle"},{"floor":26.0,"key":"Singing Bowl"},{"floor":40,"key":"Bag of Preparation"}],"event_choices":[{"damage_healed":0.0,"max_hp_gain":0.0,"max_hp_loss":0.0,"gold_gain":0.0,"event_name":"Scrap Ooze","player_choice":"Success","floor":7.0,"gold_loss":0.0,"damage_taken":3.0,"relics_obtained":["Happy Flower"]},{"damage_healed":0.0,"max_hp_gain":0.0,"max_hp_loss":0.0,"gold_gain":0.0,"event_name":"Mushrooms","player_choice":"Fought Mushrooms","floor":8.0,"gold_loss":0.0,"damage_taken":0.0},{"damage_healed":0.0,"max_hp_gain":0.0,"max_hp_loss":0.0,"gold_gain":0.0,"event_name":"Back to Basics","player_choice":"Simplicity","floor":19.0,"gold_loss":0.0,"damage_taken":0.0,"cards_upgraded":["Strike_B","Strike_B","Strike_B","Strike_B","Defend_B","Defend_B","Defend_B","Defend_B"]},{"damage_healed":0.0,"max_hp_gain":5.0,"max_hp_loss":0.0,"gold_gain":0.0,"event_name":"Forgotten Altar","player_choice":"Shed Blood","floor":20.0,"gold_loss":0.0,"damage_taken":17.0},{"damage_healed":0.0,"max_hp_gain":0.0,"max_hp_loss":0.0,"gold_gain":0.0,"event_name":"Lab","player_choice":"Got Potions","floor":28.0,"gold_loss":0.0,"damage_taken":0.0},{"cards_removed":["Strike_B"],"damage_healed":0.0,"max_hp_gain":0.0,"max_hp_loss":0.0,"gold_gain":0.0,"event_name":"Falling","player_choice":"Removed Attack","floor":37.0,"gold_loss":0.0,"damage_taken":0.0},{"damage_healed":0.0,"max_hp_gain":0.0,"max_hp_loss":0.0,"gold_gain":999.0,"event_name":"MindBloom","player_choice":"Gold","floor":39.0,"gold_loss":0.0,"damage_taken":0.0,"cards_obtained":["Normality","Normality"]}],"is_beta":false,"boss_relics":[{"not_picked":["Astrolabe","Velvet Choker"],"picked":"Coffee Dripper"},{"not_picked":["FrozenCore","Fusion Hammer"],"picked":"Philosopher\u0027s Stone"}],"items_purged_floors":[41],"is_endless":false,"potions_floor_spawned":[1,4,14,16,24,30,33],"killed_by":"Reptomancer","ascension_level":1}