{"gold_per_floor":[113,113,28,45,220,220,240,38,62,62,86,118,137,155,155,257,257,272,187,187,187,202,202,222,321,346,256,181,181,196,216,216,317,317,330,146,146,164,183,183,212,224,248,248,248,43,62,75,75,75,75,75,35,61,61],"floor_reached":55,"playtime":7658,"items_purged":["Bane","Dash"],"score":737,"play_id":"32f6c1dd-ba4d-492b-91f9-f99906c78c46","local_time":"20190226124602","is_ascension_mode":true,"campfire_choices":[{"data":"Neutralize","floor":6.0,"key":"SMITH"},{"data":"Survivor","floor":15.0,"key":"SMITH"},{"data":"Deflect","floor":23.0,"key":"SMITH"},{"data":"Outmaneuver","floor":29.0,"key":"SMITH"},{"data":"Purity","floor":32.0,"key":"SMITH"},{"data":"Night Terror","floor":40.0,"key":"SMITH"},{"floor":44.0,"key":"RECALL"},{"floor":49.0,"key":"REST"},{"data":"Prepared","floor":52.0,"key":"SMITH"}],"neow_cost":"PERCENT_DAMAGE","seed_source_timestamp":0,"circlet_count":0,"master_deck":["Neutralize+1","Purity+1","Terror+1","Grand Finale","Prepared","Deflect+1","Outmaneuver+1","Footwork","Predator+1","Acrobatics","Expertise","Night Terror+1","Forethought","Madness","Madness","Thinking Ahead","Grand Finale","Prepared+1","Concentrate"],"special_seed":0,"relics":["Ring of the Snake","HandDrill","Anchor","Dream Catcher","Pandora\u0027s Box","Orichalcum","Ninja Scroll","Lantern","Empty Cage","Ancient Tea Set","Happy Flower","DollysMirror","Bag of Marbles"],"potions_floor_usage":[55,55],"damage_taken":[{"damage":2.0,"enemies":"Jaw Worm","floor":1.0,"turns":6.0},{"damage":2.0,"enemies":"2 Louse","floor":4.0,"turns":3.0},{"damage":2.0,"enemies":"Small Slimes","floor":7.0,"turns":3.0},{"damage":12.0,"enemies":"Lagavulin","floor":12.0,"turns":14.0},{"damage":3.0,"enemies":"Looter","floor":13.0,"turns":5.0},{"damage":0.0,"enemies":"Gremlin Gang","floor":14.0,"turns":4.0},{"damage":15.0,"enemies":"The Guardian","floor":16.0,"turns":19.0},{"damage":7.0,"enemies":"2 Thieves","floor":18.0,"turns":4.0},{"damage":0.0,"enemies":"3 Byrds","floor":22.0,"turns":3.0},{"damage":0.0,"enemies":"Snake Plant","floor":24.0,"turns":3.0},{"damage":0.0,"enemies":"Cultist and Chosen","floor":30.0,"turns":3.0},{"damage":0.0,"enemies":"Shelled Parasite and Fungi","floor":31.0,"turns":4.0},{"damage":1.0,"enemies":"Champ","floor":33.0,"turns":6.0},{"damage":0.0,"enemies":"3 Darklings","floor":35.0,"turns":1.0},{"damage":3.0,"enemies":"3 Shapes","floor":38.0,"turns":2.0},{"damage":0.0,"enemies":"Maw","floor":39.0,"turns":3.0},{"damage":3.0,"enemies":"Reptomancer","floor":41.0,"turns":4.0},{"damage":0.0,"enemies":"3 Darklings","floor":42.0,"turns":2.0},{"damage":9.0,"enemies":"4 Shapes","floor":47.0,"turns":2.0},{"damage":2.0,"enemies":"Sphere and 2 Shapes","floor":48.0,"turns":2.0},{"damage":48.0,"enemies":"Awakened One","floor":50.0,"turns":6.0},{"damage":6.0,"enemies":"Shield and Spear","floor":54.0,"turns":2.0},{"damage":68,"enemies":"The Heart","floor":55,"turns":3}],"seed_played":"2997760336953570686","potions_obtained":[{"floor":4.0,"key":"Block Potion"},{"floor":13.0,"key":"Fire Potion"},{"floor":14.0,"key":"Block Potion"},{"floor":16.0,"key":"SpeedPotion"},{"floor":18.0,"key":"Swift Potion"},{"floor":47.0,"key":"Poison Potion"},{"floor":48.0,"key":"SpeedPotion"}],"is_trial":false,"path_per_floor":["M","?","$","M","?","R","M","$","T","?","T","E","M","M","R","B",null,"M","?","?","T","M","R","M","?","T","?","$","R","M","M","R","B",null,"M","$","?","M","M","R","E","M","T","R","?","$","M","M","R","B",null,"R","$","E","B"],"character_chosen":"THE_SILENT","items_purchased":["Purity","HandDrill","Forethought","DollysMirror","Concentrate"],"campfire_rested":1,"item_purchase_floors":[3,8,36,46,53],"current_hp_per_floor":[47,40,40,38,38,38,36,36,36,59,59,47,44,44,44,29,70,63,63,63,63,63,63,63,63,63,63,63,63,63,63,63,62,70,70,70,61,58,58,58,55,55,55,55,55,55,46,44,65,17,70,70,70,64,0],"gold":61,"neow_bonus":"REMOVE_TWO","is_prod":false,"is_daily":false,"chose_seed":false,"campfire_upgraded":7,"win_rate":0,"timestamp":1551181562,"path_taken":["M","?","$","M","?","R","M","$","T","?","?","E","M","?","R","BOSS","M","?","?","?","M","R","?","?","T","?","$","R","M","M","R","BOSS","M","$","?","M","M","R","E","M","T","R","?","$","M","M","R","BOSS","R","$","E","BOSS"],"build_version":"2019-01-23","purchased_purges":2,"victory":false,"max_hp_per_floor":[70,70,70,70,70,70,70,70,70,70,70,70,70,70,70,70,70,70,70,70,70,70,70,70,70,70,70,70,70,70,70,70,70,70,70,70,70,70,70,70,70,70,70,70,70,70,70,70,70,70,70,70,70,70,70],"card_choices":[{"not_picked":["PiercingWail","Prepared","Tactician"],"picked":"SKIP","floor":1.0},{"not_picked":["Dodge and Roll","Underhanded Strike","Dagger Spray"],"picked":"SKIP","floor":4.0},{"not_picked":["PiercingWail","Eviscerate"],"picked":"Terror","floor":7.0},{"not_picked":["Poisoned Stab","Storm of Steel","Skewer"],"picked":"SKIP","floor":12.0},{"not_picked":["Sucker Punch","Footwork","Dodge and Roll"],"picked":"SKIP","floor":13.0},{"not_picked":["Dagger Spray","Outmaneuver","Prepared"],"picked":"SKIP","floor":14.0},{"not_picked":["Envenom","Burst"],"picked":"Grand Finale","floor":16.0},{"not_picked":["Underhanded Strike","Cloak And Dagger"],"picked":"Predator+1","floor":18.0},{"not_picked":["Bouncing Flask+1","Dash+1","Terror"],"picked":"SKIP","floor":22.0},{"not_picked":["Predator","Terror+1","Catalyst+1"],"picked":"SKIP","floor":24.0},{"not_picked":["Terror","Predator"],"picked":"Expertise","floor":30.0},{"not_picked":["Cloak And Dagger+1","Sucker Punch+1","Dagger Spray+1"],"picked":"SKIP","floor":31.0},{"not_picked":["A Thousand Cuts","Phantasmal Killer"],"picked":"Night Terror","floor":33.0},{"not_picked":["Dagger Spray+1","Flying Knee+1","Skewer+1"],"picked":"SKIP","floor":35.0},{"not_picked":["Flying Knee","Deflect+1","Poisoned Stab+1"],"picked":"SKIP","floor":38.0},{"not_picked":["Accuracy+1","Blade Dance","Distraction"],"picked":"SKIP","floor":39.0},{"not_picked":["Outmaneuver+1","Skewer+1","Night Terror"],"picked":"SKIP","floor":41.0},{"not_picked":["Blade Dance+1","Dagger Spray+1","Quick Slash+1"],"picked":"SKIP","floor":42.0},{"not_picked":["Purity","Transmutation"],"picked":"Thinking Ahead","floor":45.0},{"not_picked":["Accuracy+1","Deadly Poison","Caltrops+1"],"picked":"SKIP","floor":47.0},{"not_picked":["Blade Dance","Poisoned Stab+1"],"picked":"Prepared","floor":48.0},{"not_picked":["Catalyst","Endless Agony+1","Venomology"],"picked":"SKIP","floor":54.0}],"player_experience":221909,"relics_obtained":[{"floor":11.0,"key":"Anchor"},{"floor":12.0,"key":"Dream Catcher"},{"floor":21.0,"key":"Ninja Scroll"},{"floor":26.0,"key":"Lantern"},{"floor":41.0,"key":"Ancient Tea Set"},{"floor":43.0,"key":"Happy Flower"},{"floor":54.0,"key":"Bag of Marbles"}],"event_choices":[{"cards_removed":["Defend_G"],"damage_healed":0.0,"max_hp_gain":0.0,"max_hp_loss":0.0,"gold_gain":0.0,"event_name":"Golden Wing","player_choice":"Card Removal","floor":2.0,"gold_loss":0.0,"damage_taken":7.0},{"damage_healed":0.0,"max_hp_gain":0.0,"max_hp_loss":0.0,"gold_gain":175.0,"event_name":"Liars Game","player_choice":"AGREE","floor":5.0,"gold_loss":0.0,"damage_taken":0.0,"cards_obtained":["Doubt"]},{"damage_healed":23.0,"max_hp_gain":0.0,"max_hp_loss":0.0,"gold_gain":0.0,"event_name":"Big Fish","player_choice":"Banana","floor":10.0,"gold_loss":0.0,"damage_taken":0.0},{"damage_healed":0.0,"max_hp_gain":0.0,"max_hp_loss":0.0,"gold_gain":0.0,"event_name":"Addict","player_choice":"Obtained Relic","floor":19.0,"gold_loss":85.0,"damage_taken":0.0,"relics_obtained":["Orichalcum"]},{"damage_healed":0.0,"max_hp_gain":0.0,"max_hp_loss":0.0,"gold_gain":0.0,"event_name":"The Library","player_choice":"Read","floor":20.0,"gold_loss":0.0,"damage_taken":0.0,"cards_obtained":["Acrobatics"]},{"damage_healed":0.0,"max_hp_gain":0.0,"max_hp_loss":0.0,"gold_gain":99.0,"event_name":"Nest","player_choice":"Stole From Cult","floor":25.0,"gold_loss":0.0,"damage_taken":0.0},{"cards_removed":["Doubt"],"damage_healed":0.0,"max_hp_gain":0.0,"max_hp_loss":0.0,"gold_gain":0.0,"event_name":"Designer","player_choice":"Upgrade and Remove","floor":27.0,"gold_loss":90.0,"damage_taken":0.0,"cards_upgraded":["Terror"]},{"damage_healed":0.0,"max_hp_gain":0.0,"max_hp_loss":0.0,"gold_gain":0.0,"event_name":"Winding Halls","player_choice":"Embrace Madness","floor":37.0,"gold_loss":0.0,"damage_taken":9.0,"cards_obtained":["Madness","Madness"]},{"damage_healed":0.0,"max_hp_gain":0.0,"max_hp_loss":0.0,"gold_gain":0.0,"event_name":"SensoryStone","player_choice":"Memory 1","floor":45.0,"gold_loss":0.0,"damage_taken":0.0}],"is_beta":false,"boss_relics":[{"not_picked":["Calling Bell","Orrery"],"picked":"Pandora\u0027s Box"},{"not_picked":["Velvet Choker","WristBlade"],"picked":"Empty Cage"}],"items_purged_floors":[28,36],"is_endless":false,"potions_floor_spawned":[4,13,14,16,18,35,38,47,48],"killed_by":"The Heart","ascension_level":2}