{"gold_per_floor":[110,110,40,115,115,115,140,140,140,156,3,35,46,59,59,59],"floor_reached":16,"playtime":485,"items_purged":["Strike_R"],"score":233,"play_id":"657d254a-27cd-4ccb-bc33-e76eca15d693","local_time":"20190301031429","is_ascension_mode":true,"campfire_choices":[{"data":"Bash","floor":6,"key":"SMITH"},{"data":"Dual Wield","floor":8,"key":"SMITH"},{"floor":15,"key":"REST"}],"neow_cost":"NONE","seed_source_timestamp":594872478424991,"circlet_count":0,"master_deck":["AscendersBane","Strike_R","Strike_R","Strike_R","Strike_R","Defend_R","Defend_R","Defend_R","Defend_R","Bash+1","Metallicize","Feel No Pain","Dual Wield+1","Pummel","Warcry","Bandage Up","Armaments","Havoc","Wild Strike"],"relics":["Burning Blood","NeowsBlessing","CultistMask","Omamori","The Courier","Sundial"],"potions_floor_usage":[7],"damage_taken":[{"damage":0,"enemies":"Jaw Worm","floor":1,"turns":1},{"damage":0,"enemies":"3 Sentries","floor":7,"turns":2},{"damage":0,"enemies":"Small Slimes","floor":10,"turns":2},{"damage":38,"enemies":"Gremlin Nob","floor":12,"turns":6},{"damage":10,"enemies":"Cultist","floor":13,"turns":5},{"damage":41,"enemies":"Exordium Thugs","floor":14,"turns":9},{"damage":45,"enemies":"Slime Boss","floor":16,"turns":8}],"seed_played":"-3079068336422914551","potions_obtained":[{"floor":1,"key":"AttackPotion"},{"floor":14,"key":"LiquidBronze"}],"is_trial":false,"path_per_floor":["M","?","$","?","?","R","E","R","T","M","$","E","M","M","R","B"],"character_chosen":"IRONCLAD","items_purchased":["Feel No Pain","Warcry","Bandage Up"],"campfire_rested":1,"item_purchase_floors":[3,11,11],"current_hp_per_floor":[74,74,74,63,63,63,69,69,69,75,75,47,49,18,40,0],"gold":59,"neow_bonus":"THREE_ENEMY_KILL","is_prod":false,"is_daily":false,"chose_seed":false,"campfire_upgraded":2,"win_rate":0,"timestamp":1551377669,"path_taken":["M","?","$","?","?","R","E","R","T","M","$","E","M","M","R","BOSS"],"build_version":"2019-01-23","purchased_purges":1,"victory":false,"max_hp_per_floor":[75,75,75,75,75,75,75,75,75,75,75,75,75,75,75,75],"card_choices":[{"not_picked":["Uppercut","Twin Strike"],"picked":"Metallicize","floor":1},{"not_picked":["Intimidate","Heavy Blade"],"picked":"Dual Wield","floor":7},{"not_picked":["Anger","Hemokinesis"],"picked":"Pummel","floor":10},{"not_picked":["Anger","Whirlwind"],"picked":"Armaments","floor":12},{"not_picked":["Entrench","Ghostly Armor"],"picked":"Havoc","floor":13},{"not_picked":["Perfected Strike","Reckless Charge"],"picked":"Wild Strike","floor":14}],"player_experience":149387,"relics_obtained":[{"floor":7,"key":"Omamori"},{"floor":9,"key":"The Courier"},{"floor":12,"key":"Sundial"}],"event_choices":[{"damage_healed":0,"gold_gain":0,"player_choice":"Leave","damage_taken":0,"max_hp_gain":0,"max_hp_loss":0,"event_name":"The Cleric","floor":2,"gold_loss":0},{"damage_healed":0,"gold_gain":75,"player_choice":"Gather Gold","damage_taken":11,"max_hp_gain":0,"max_hp_loss":0,"event_name":"World of Goop","floor":4,"gold_loss":0},{"damage_healed":0,"gold_gain":0,"player_choice":"Trade","damage_taken":0,"relics_obtained":["CultistMask"],"max_hp_gain":0,"max_hp_loss":0,"event_name":"FaceTrader","floor":5,"gold_loss":0}],"is_beta":false,"boss_relics":[],"items_purged_floors":[11],"is_endless":false,"potions_floor_spawned":[1,14],"killed_by":"Slime Boss","ascension_level":15}