{"gold_per_floor":[211,225,225,225,21,21,48,48,48,48,48,63,63,82,82,183,183,157,169,186,51,61,61,61,61,61,61,61,160,190,190,190,295,295,307,257,357,267,278,278,297,297,320,336,336,286,286,297,297,297],"floor_reached":51,"playtime":2154,"items_purged":["Strike_R","Strike_R","Strike_R","Defend_R"],"score":826,"play_id":"299650aa-cad1-42c2-9d22-1233dc7df4b4","local_time":"20190228021045","is_ascension_mode":false,"campfire_choices":[{"data":"Bash","floor":6,"key":"SMITH"},{"data":"Metallicize","floor":8,"key":"SMITH"},{"data":"Metallicize","floor":10,"key":"SMITH"},{"data":"Body Slam","floor":13,"key":"SMITH"},{"data":"Disarm","floor":15,"key":"SMITH"},{"data":"Barricade","floor":23,"key":"SMITH"},{"data":"Battle Trance","floor":25,"key":"SMITH"},{"data":"Shrug It Off","floor":27,"key":"SMITH"},{"data":"Ghostly","floor":32,"key":"SMITH"},{"data":"Ghostly","floor":40,"key":"SMITH"},{"data":"Ghostly","floor":42,"key":"SMITH"},{"data":"Ghostly","floor":45,"key":"SMITH"},{"data":"Ghostly","floor":49,"key":"SMITH"}],"neow_cost":"NONE","seed_source_timestamp":16472679303424,"circlet_count":0,"master_deck":["Defend_R","Defend_R","Defend_R","Metallicize+1","Battle Trance+1","Shrug It Off","Metallicize+1","Shrug It Off","Body Slam+1","Disarm+1","Barricade+1","Shrug It Off+1","True Grit+1","Feel No Pain","Ghostly Armor+1","Ghostly+1","Ghostly+1","Ghostly+1","Ghostly+1","Ghostly+1","Impervious","Impervious","True Grit+1"],"relics":["Burning Blood","Odd Mushroom","Calipers","Runic Dome","Smiling Mask","Boot","Centennial Puzzle","Sozu","Prayer Wheel","Red Skull"],"potions_floor_usage":[7,50,50],"damage_taken":[{"damage":6,"enemies":"Jaw Worm","floor":1,"turns":5},{"damage":3,"enemies":"Small Slimes","floor":2,"turns":5},{"damage":14,"enemies":"The Mushroom Lair","floor":7,"turns":7},{"damage":0,"enemies":"2 Louse","floor":12,"turns":4},{"damage":0,"enemies":"2 Fungi Beasts","floor":14,"turns":5},{"damage":16,"enemies":"The Guardian","floor":16,"turns":11},{"damage":10,"enemies":"2 Thieves","floor":18,"turns":5},{"damage":0,"enemies":"Shell Parasite","floor":19,"turns":6},{"damage":6,"enemies":"Sentry and Sphere","floor":20,"turns":11},{"damage":0,"enemies":"Chosen and Byrds","floor":22,"turns":9},{"damage":0,"enemies":"Book of Stabbing","floor":30,"turns":7},{"damage":0,"enemies":"Automaton","floor":33,"turns":9},{"damage":19,"enemies":"3 Darklings","floor":35,"turns":9},{"damage":0,"enemies":"Mind Bloom Boss Battle","floor":37,"turns":7},{"damage":0,"enemies":"Orb Walker","floor":39,"turns":5},{"damage":0,"enemies":"Jaw Worm Horde","floor":41,"turns":6},{"damage":3,"enemies":"Transient","floor":44,"turns":5},{"damage":0,"enemies":"3 Darklings","floor":48,"turns":8},{"damage":0,"enemies":"Donu and Deca","floor":50,"turns":7}],"seed_played":"5354622544085434631","potions_obtained":[{"floor":1,"key":"Fire Potion"},{"floor":14,"key":"EntropicBrew"},{"floor":16,"key":"Explosive Potion"},{"floor":18,"key":"Swift Potion"}],"is_trial":false,"path_per_floor":["M","M","?","?","$","R","?","R","T","R","?","M","R","M","R","B",null,"M","M","M","$","M","R","?","R","T","R","?","?","E","?","R","B",null,"M","$","?","?","M","R","M","R","T","M","R","$","?","M","R","B",null],"character_chosen":"IRONCLAD","items_purchased":["Shrug It Off","Metallicize","Feel No Pain"],"campfire_rested":0,"item_purchase_floors":[5,5,21],"current_hp_per_floor":[80,80,85,85,85,85,77,77,77,77,77,83,83,85,85,75,85,81,85,85,85,85,85,85,85,85,85,42,42,42,42,42,42,42,29,29,35,35,41,41,42,42,42,42,42,42,42,42,42,42],"gold":297,"neow_bonus":"HUNDRED_GOLD","is_prod":false,"is_daily":false,"chose_seed":false,"campfire_upgraded":13,"win_rate":0,"timestamp":1551337845,"path_taken":["M","M","?","?","$","R","?","R","T","R","?","M","R","M","R","BOSS","M","M","M","$","M","R","?","R","T","R","?","?","E","?","R","BOSS","M","$","?","?","M","R","M","R","T","?","R","$","?","M","R","BOSS"],"build_version":"2019-01-23","purchased_purges":4,"victory":true,"max_hp_per_floor":[80,80,85,85,85,85,85,85,85,85,85,85,85,85,85,85,85,85,85,85,85,85,85,85,85,85,85,42,42,42,42,42,42,42,42,42,42,42,42,42,42,42,42,42,42,42,42,42,42,42],"card_choices":[{"not_picked":["Heavy Blade","Body Slam"],"picked":"Metallicize","floor":1},{"not_picked":["Warcry","Dropkick"],"picked":"Battle Trance","floor":2},{"not_picked":["Havoc","Pommel Strike"],"picked":"Shrug It Off","floor":7},{"not_picked":["Sentinel","Heavy Blade"],"picked":"Body Slam","floor":12},{"not_picked":["Headbutt","Clash"],"picked":"Disarm","floor":14},{"not_picked":["Demon Form","Limit Break"],"picked":"Barricade","floor":16},{"not_picked":["Evolve","Armaments","Burning Pact"],"picked":"SKIP","floor":18},{"not_picked":["Rampage","Clothesline"],"picked":"Shrug It Off","floor":19},{"not_picked":["Clothesline","Heavy Blade+1"],"picked":"True Grit+1","floor":20},{"not_picked":["Dual Wield","Warcry"],"picked":"Ghostly Armor","floor":22},{"not_picked":["Body Slam","Reckless Charge","Brutality"],"picked":"SKIP","floor":30},{"not_picked":["Brutality","Bludgeon"],"picked":"Impervious","floor":33},{"not_picked":["Heavy Blade+1","Clothesline","Rage"],"picked":"SKIP","floor":35},{"not_picked":["Clash+1","Infernal Blade","Thunderclap+1"],"picked":"SKIP","floor":39},{"not_picked":["Rampage","Wild Strike+1","Searing Blow"],"picked":"SKIP","floor":39},{"not_picked":["Armaments+1","Fire Breathing"],"picked":"Impervious","floor":41},{"not_picked":["Heavy Blade+1","Evolve","Headbutt"],"picked":"SKIP","floor":41},{"not_picked":["Cleave","Body Slam+1","Seeing Red"],"picked":"SKIP","floor":44},{"not_picked":["Intimidate+1","Second Wind","Body Slam+1"],"picked":"SKIP","floor":44},{"not_picked":["Burning Pact","Clash"],"picked":"True Grit+1","floor":48},{"not_picked":["Headbutt+1","Sword Boomerang","Seeing Red"],"picked":"SKIP","floor":48}],"player_experience":501195,"relics_obtained":[{"floor":7,"key":"Odd Mushroom"},{"floor":9,"key":"Calipers"},{"floor":26,"key":"Smiling Mask"},{"floor":30,"key":"Boot"},{"floor":37,"key":"Prayer Wheel"},{"floor":43,"key":"Red Skull"}],"event_choices":[{"damage_healed":0,"gold_gain":0,"player_choice":"Donut","damage_taken":0,"max_hp_gain":5,"max_hp_loss":0,"event_name":"Big Fish","floor":3,"gold_loss":0},{"cards_removed":["Strike_R"],"damage_healed":0,"gold_gain":0,"player_choice":"Forget","damage_taken":0,"max_hp_gain":0,"max_hp_loss":0,"event_name":"Living Wall","floor":4,"gold_loss":0},{"damage_healed":0,"gold_gain":0,"player_choice":"Fought Mushrooms","damage_taken":0,"max_hp_gain":0,"max_hp_loss":0,"event_name":"Mushrooms","floor":7,"gold_loss":0},{"damage_healed":0,"gold_gain":0,"player_choice":"Ignored","damage_taken":0,"max_hp_gain":0,"max_hp_loss":0,"event_name":"Liars Game","floor":11,"gold_loss":0},{"damage_healed":0,"gold_gain":0,"player_choice":"Became a Ghost","damage_taken":0,"max_hp_gain":0,"max_hp_loss":43,"event_name":"Ghosts","floor":28,"gold_loss":0,"cards_obtained":["Ghostly","Ghostly","Ghostly","Ghostly","Ghostly"]},{"damage_healed":0,"gold_gain":99,"player_choice":"Stole From Cult","damage_taken":0,"max_hp_gain":0,"max_hp_loss":0,"event_name":"Nest","floor":29,"gold_loss":0},{"damage_healed":0,"gold_gain":0,"player_choice":"Gave Potion","damage_taken":0,"relics_obtained":["Centennial Puzzle"],"max_hp_gain":0,"max_hp_loss":0,"event_name":"WeMeetAgain","floor":31,"gold_loss":0},{"damage_healed":0,"gold_gain":0,"player_choice":"Fight","damage_taken":0,"max_hp_gain":0,"max_hp_loss":0,"event_name":"MindBloom","floor":37,"gold_loss":0},{"cards_removed":["Strike_R"],"damage_healed":0,"gold_gain":0,"player_choice":"Upgrade and Remove","damage_taken":0,"max_hp_gain":0,"max_hp_loss":0,"event_name":"Designer","floor":38,"gold_loss":90,"cards_upgraded":["Ghostly Armor"]},{"cards_removed":["Bash"],"damage_healed":0,"gold_gain":0,"player_choice":"Removed Attack","damage_taken":0,"max_hp_gain":0,"max_hp_loss":0,"event_name":"Falling","floor":47,"gold_loss":0}],"is_beta":false,"boss_relics":[{"not_picked":["Black Blood","Pandora\u0027s Box"],"picked":"Runic Dome"},{"not_picked":["Orrery","Cursed Key"],"picked":"Sozu"}],"items_purged_floors":[5,21,36,46],"is_endless":false,"potions_floor_spawned":[1,14,16,18,30,37,44,48],"ascension_level":0}