{"gold_per_floor":[112,112,123,123,136,164,178,212,212,212,231,254,269,269,269,374,374,387,387,602,614,614,614,628,553,578,578,578],"floor_reached":28,"playtime":1666,"items_purged":["Defend_R"],"score":264,"play_id":"fa9d2c0b-1ea4-419b-8f6f-fc5822e4cabc","local_time":"20181105222148","is_ascension_mode":true,"campfire_choices":[{"floor":15,"key":"REST"},{"floor":23,"key":"REST"}],"neow_cost":"NONE","seed_source_timestamp":2327985872860343,"circlet_count":0,"master_deck":["Defend_R","Defend_R","Twin Strike","Shrug It Off","Sword Boomerang","Seeing Red","Metallicize","Whirlwind+1","Warcry","Double Tap","Fire Breathing","Cleave","Cleave","Demon Form","Whirlwind","Pommel Strike","Bite","Bite+1","Bite","Bite","Bite","Dual Wield"],"relics":["White Beast Statue","Vajra","Darkstone Periapt","Pantograph","Bag of Marbles","Odd Mushroom","Centennial Puzzle","Orrery","Old Coin","Whetstone"],"potions_floor_usage":[6,6,6,16,16,28],"damage_taken":[{"damage":4,"enemies":"Small Slimes","floor":1,"turns":7},{"damage":1,"enemies":"Jaw Worm","floor":3,"turns":3},{"damage":0,"enemies":"Cultist","floor":5,"turns":6},{"damage":11,"enemies":"Gremlin Nob","floor":6,"turns":3},{"damage":0,"enemies":"Looter","floor":7,"turns":2},{"damage":23,"enemies":"3 Sentries","floor":8,"turns":7},{"damage":0,"enemies":"Lots of Slimes","floor":11,"turns":1},{"damage":0,"enemies":"The Mushroom Lair","floor":12,"turns":1},{"damage":0,"enemies":"2 Fungi Beasts","floor":13,"turns":1},{"damage":58,"enemies":"Slime Boss","floor":16,"turns":11},{"damage":32,"enemies":"2 Thieves","floor":18,"turns":4},{"damage":22,"enemies":"Spheric Guardian","floor":21,"turns":4},{"damage":10,"enemies":"3 Cultists","floor":24,"turns":3},{"damage":22,"enemies":"Book of Stabbing","floor":28,"turns":2}],"seed_played":"-5885704926316586195","potions_obtained":[{"floor":1,"key":"FearPotion"},{"floor":3,"key":"Explosive Potion"},{"floor":5,"key":"Swift Potion"},{"floor":6,"key":"PowerPotion"},{"floor":7,"key":"Explosive Potion"},{"floor":8,"key":"SmokeBomb"},{"floor":11,"key":"SkillPotion"},{"floor":16,"key":"PowerPotion"},{"floor":18,"key":"Block Potion"}],"is_trial":false,"path_per_floor":["M","?","M","?","M","E","M","E","T","?","M","?","M","T","R","B",null,"M","?","?","M","?","R","M","$","T","?","E"],"character_chosen":"IRONCLAD","items_purchased":[],"campfire_rested":2,"item_purchase_floors":[],"current_hp_per_floor":[76,60,59,59,59,48,48,25,25,25,25,25,25,25,49,16,80,48,32,32,10,10,26,16,16,16,16,0],"gold":578,"neow_bonus":"BOSS_RELIC","is_prod":false,"is_daily":false,"chose_seed":false,"campfire_upgraded":0,"win_rate":0,"timestamp":1541478108,"path_taken":["M","?","M","?","?","E","M","E","T","?","?","?","M","?","R","BOSS","M","?","?","M","?","R","?","$","T","?","E"],"build_version":"2018-11-01","purchased_purges":1,"victory":false,"max_hp_per_floor":[80,80,80,80,80,80,80,80,80,80,80,80,80,80,80,80,80,80,80,80,80,56,56,56,56,56,56,56],"card_choices":[{"not_picked":["Blood for Blood","Clothesline"],"picked":"Twin Strike","floor":1},{"not_picked":["Body Slam","Feel No Pain"],"picked":"Shrug It Off","floor":3},{"not_picked":["Clothesline","Flex"],"picked":"Sword Boomerang","floor":5},{"not_picked":["Body Slam","Dropkick"],"picked":"Seeing Red","floor":6},{"not_picked":["Bludgeon","Headbutt"],"picked":"Metallicize","floor":7},{"not_picked":["Perfected Strike","Cleave"],"picked":"Whirlwind","floor":8},{"not_picked":["Headbutt","Clothesline"],"picked":"Warcry","floor":11},{"not_picked":["Flex","Shockwave","Evolve"],"picked":"SKIP","floor":13},{"not_picked":["Brutality","Limit Break"],"picked":"Double Tap","floor":16},{"not_picked":["Wild Strike","Spot Weakness"],"picked":"Fire Breathing","floor":17},{"not_picked":["Wild Strike","Clothesline"],"picked":"Cleave","floor":17},{"not_picked":["Blood for Blood","Clash"],"picked":"Cleave","floor":17},{"not_picked":["Pommel Strike","Perfected Strike"],"picked":"Demon Form","floor":17},{"not_picked":["Searing Blow","Power Through"],"picked":"Whirlwind","floor":18},{"not_picked":["Dual Wield+1","Battle Trance"],"picked":"Pommel Strike","floor":21},{"not_picked":["Feel No Pain","Clash","Heavy Blade"],"picked":"SKIP","floor":24}],"player_experience":20832,"relics_obtained":[{"floor":6,"key":"Vajra"},{"floor":8,"key":"Darkstone Periapt"},{"floor":9,"key":"Pantograph"},{"floor":12,"key":"Odd Mushroom"},{"floor":14,"key":"Centennial Puzzle"},{"floor":26,"key":"Whetstone"}],"event_choices":[{"damage_healed":0,"gold_gain":0,"player_choice":"Entered Light","damage_taken":16,"max_hp_gain":0,"max_hp_loss":0,"event_name":"Shining Light","floor":2,"gold_loss":0,"cards_upgraded":["Strike_R","Strike_R"]},{"cards_removed":["Bash"],"damage_healed":0,"gold_gain":0,"player_choice":"Purged","damage_taken":0,"max_hp_gain":0,"max_hp_loss":0,"event_name":"Purifier","floor":4,"gold_loss":0},{"damage_healed":0,"gold_gain":0,"player_choice":"Gave Potion","damage_taken":0,"relics_obtained":["Bag of Marbles"],"max_hp_gain":0,"max_hp_loss":0,"event_name":"WeMeetAgain","floor":10,"gold_loss":0},{"damage_healed":0,"gold_gain":0,"player_choice":"Fought Mushrooms","damage_taken":0,"max_hp_gain":0,"max_hp_loss":0,"event_name":"Mushrooms","floor":12,"gold_loss":0},{"damage_healed":0,"gold_gain":0,"player_choice":"Obtained Book","damage_taken":16,"max_hp_gain":0,"max_hp_loss":0,"event_name":"Cursed Tome","floor":19,"gold_loss":0},{"damage_healed":0,"gold_gain":0,"player_choice":"Obtained Relic","damage_taken":0,"relics_obtained":["Old Coin"],"max_hp_gain":0,"max_hp_loss":0,"event_name":"Addict","floor":20,"gold_loss":85},{"damage_healed":0,"gold_gain":0,"player_choice":"Became a vampire","damage_taken":0,"max_hp_gain":0,"max_hp_loss":24,"event_name":"Vampires","floor":22,"gold_loss":0,"cards_obtained":["Bite","Bite","Bite","Bite","Bite"]},{"damage_healed":0,"gold_gain":0,"cards_transformed":["Defend_R"],"player_choice":"Transformed","damage_taken":0,"max_hp_gain":0,"max_hp_loss":0,"event_name":"Transmorgrifier","floor":27,"gold_loss":0,"cards_obtained":["Dual Wield"]}],"is_beta":false,"boss_relics":[{"not_picked":["Tiny House","Fusion Hammer"],"picked":"Orrery"}],"items_purged_floors":[25],"is_endless":false,"potions_floor_spawned":[1,3,5,6,7,8,11,12,13,16,18,21,24],"killed_by":"Book of Stabbing","ascension_level":1}