{"gold_per_floor":[111,111,59,78,145,145,39,39,39,69,86,14,14,26,26,128,128,143,143,154,168,185,185,198,35,35,2,16,16],"floor_reached":29,"playtime":3685,"items_purged":[],"score":225,"play_id":"a4ed5878-89a5-44bd-a701-b77b4a18d7f9","local_time":"20190107192838","is_ascension_mode":false,"campfire_choices":[{"data":"Streamline","floor":6,"key":"SMITH"},{"data":"Static Discharge","floor":8,"key":"SMITH"},{"data":"Loop","floor":15,"key":"SMITH"},{"floor":23,"key":"REST"}],"neow_cost":"NONE","seed_source_timestamp":64460744458992,"circlet_count":0,"master_deck":["Strike_B","Strike_B","Strike_B","Defend_B","Defend_B","Defend_B","Zap","Dualcast","Force Field","Streamline+1","Go for the Eyes","Static Discharge+1","Conserve Battery","Electrodynamics","Beam Cell","Loop+1","Cold Snap","Machine Learning","Capacitor+1","Iron Wave","Genetic Algorithm","Beam Cell+1","BootSequence","Leap","Buffer","Capacitor","Defragment+1"],"relics":["Cracked Core","Orichalcum","Boot","Velvet Choker","Blood Vial"],"potions_floor_usage":[16,28],"damage_taken":[{"damage":2,"enemies":"Small Slimes","floor":1,"turns":3},{"damage":5,"enemies":"Jaw Worm","floor":4,"turns":4},{"damage":11,"enemies":"3 Sentries","floor":10,"turns":6},{"damage":6,"enemies":"2 Louse","floor":11,"turns":2},{"damage":4,"enemies":"Red Slaver","floor":14,"turns":2},{"damage":8,"enemies":"Hexaghost","floor":16,"turns":9},{"damage":13,"enemies":"Spheric Guardian","floor":18,"turns":4},{"damage":8,"enemies":"Chosen","floor":20,"turns":5},{"damage":18,"enemies":"Centurion and Healer","floor":21,"turns":6},{"damage":14,"enemies":"Snecko","floor":22,"turns":6},{"damage":28,"enemies":"3 Cultists","floor":24,"turns":5},{"damage":12,"enemies":"Shelled Parasite and Fungi","floor":28,"turns":6},{"damage":27,"enemies":"Colosseum Slavers","floor":29,"turns":5},{"damage":30,"enemies":"Colosseum Nobs","floor":29,"turns":3}],"seed_played":"7198154586301258886","potions_obtained":[{"floor":1,"key":"Poison Potion"},{"floor":4,"key":"Swift Potion"},{"floor":20,"key":"SkillPotion"},{"floor":24,"key":"Regen Potion"}],"is_trial":false,"path_per_floor":["M","?","$","M","?","R","$","R","T","E","M","$","?","M","R","B",null,"M","?","M","M","M","R","M","$","T","$","M","?"],"character_chosen":"DEFECT","items_purchased":["Streamline","Static Discharge","Conserve Battery","Loop","Buffer","Capacitor"],"campfire_rested":1,"item_purchase_floors":[3,7,7,12,25,27],"current_hp_per_floor":[80,80,80,75,75,75,75,75,75,64,58,58,58,54,54,46,82,69,69,61,43,29,53,25,25,25,25,30,0],"gold":16,"neow_bonus":"TEN_PERCENT_HP_BONUS","is_prod":false,"is_daily":false,"chose_seed":false,"campfire_upgraded":3,"win_rate":0.0,"timestamp":1546885718,"path_taken":["M","?","$","M","?","R","?","R","T","E","?","$","?","M","R","BOSS","M","?","M","?","?","R","M","?","T","$","M","?"],"build_version":"2019-01-03v4","purchased_purges":0,"victory":false,"max_hp_per_floor":[82,82,82,82,82,82,82,82,82,82,82,82,82,82,82,82,82,82,82,82,82,82,82,82,82,82,82,82,82],"card_choices":[{"not_picked":["Chaos","Glacier"],"picked":"Force Field","floor":1},{"not_picked":["Compile Driver","Beam Cell"],"picked":"Go for the Eyes","floor":4},{"not_picked":["Stack","Gash"],"picked":"Electrodynamics","floor":10},{"not_picked":["Leap","Barrage"],"picked":"Beam Cell","floor":11},{"not_picked":["Glacier","Compile Driver"],"picked":"Cold Snap","floor":14},{"not_picked":["Reboot","Creative AI"],"picked":"Machine Learning","floor":16},{"not_picked":["Melter","Coolheaded+1"],"picked":"Capacitor+1","floor":18},{"not_picked":["Coolheaded","Stack+1"],"picked":"Genetic Algorithm","floor":20},{"not_picked":["Aggregate","Steam"],"picked":"Beam Cell+1","floor":21},{"not_picked":["Cold Snap","Reprogram"],"picked":"BootSequence","floor":22},{"not_picked":["Ball Lightning","Glacier"],"picked":"Leap","floor":24},{"not_picked":["Darkness","Coolheaded"],"picked":"Defragment+1","floor":28}],"player_experience":34034,"relics_obtained":[{"floor":9,"key":"Orichalcum"},{"floor":10,"key":"Boot"},{"floor":26,"key":"Blood Vial"}],"event_choices":[{"damage_healed":0,"gold_gain":0,"player_choice":"Ignored","damage_taken":0,"max_hp_gain":0,"max_hp_loss":0,"event_name":"Shining Light","floor":2,"gold_loss":0},{"damage_healed":0,"gold_gain":67,"player_choice":"Gained Gold","damage_taken":0,"max_hp_gain":0,"max_hp_loss":0,"event_name":"Golden Wing","floor":5,"gold_loss":0},{"cards_removed":["Defend_B"],"damage_healed":0,"gold_gain":0,"player_choice":"Card Removal","damage_taken":0,"max_hp_gain":0,"max_hp_loss":0,"event_name":"Wheel of Change","floor":13,"gold_loss":0},{"cards_removed":["Strike_B"],"damage_healed":0,"gold_gain":0,"player_choice":"Took Card","damage_taken":0,"max_hp_gain":0,"max_hp_loss":0,"event_name":"NoteForYourself","floor":19,"gold_loss":0,"cards_obtained":["Iron Wave"]},{"damage_healed":0,"gold_gain":0,"player_choice":"Fight","damage_taken":0,"max_hp_gain":0,"max_hp_loss":0,"event_name":"Colosseum","floor":29,"gold_loss":0},{"damage_healed":0,"gold_gain":0,"player_choice":"Fought Nobs","damage_taken":0,"max_hp_gain":0,"max_hp_loss":0,"event_name":"Colosseum","floor":29,"gold_loss":0}],"is_beta":false,"boss_relics":[{"not_picked":["Fusion Hammer","Philosopher\u0027s Stone"],"picked":"Velvet Choker"}],"items_purged_floors":[],"is_endless":false,"potions_floor_spawned":[1,4,20,24],"killed_by":"Colosseum Nobs","ascension_level":0}