{"gold_per_floor":[113,132,82,82,7,7,27,27,27,27,27,44,63,76,76,177,177,195,206,206,131,142,142,152,152,178,197,197,212,212,222,222,326,326,345,345,345,91,91,106,58,58,84,0,13,113,130,5,5,5],"floor_reached":51,"playtime":3513,"items_purged":["Defend_B","Writhe","Strike_B"],"score":614,"play_id":"0b981d4b-3d45-43d9-90e2-bf23c826c019","local_time":"20190211020907","is_ascension_mode":false,"campfire_choices":[{"data":"Go for the Eyes","floor":6,"key":"SMITH"},{"data":"Stack","floor":8,"key":"SMITH"},{"data":"Zap","floor":11,"key":"SMITH"},{"data":"Chill","floor":15,"key":"SMITH"},{"floor":23,"key":"REST"},{"data":"Gash","floor":25,"key":"SMITH"},{"floor":32,"key":"REST"},{"data":"Skim","floor":42,"key":"SMITH"},{"floor":49,"key":"REST"}],"neow_cost":"NONE","seed_source_timestamp":37951973135116,"circlet_count":0,"master_deck":["Strike_B","Defend_B","Defend_B+1","Zap+1","Dualcast","Stack+1","Go for the Eyes+1","Leap+1","Sweeping Beam","Gash+1","Chill+1","Electrodynamics+1","Lockon","Gash+1","Glacier+1","Compile Driver","Loop","RitualDagger","Seek","Biased Cognition","Gash","Skim+1","Hello World","Capacitor","Stack","Loop","Force Field"],"relics":["Cracked Core","NeowsBlessing","Letter Opener","Sozu","War Paint","Eternal Feather","PreservedInsect","Red Mask","Mango"],"potions_floor_usage":[22,33],"damage_taken":[{"damage":0,"enemies":"Small Slimes","floor":1,"turns":1},{"damage":0,"enemies":"Jaw Worm","floor":2,"turns":1},{"damage":0,"enemies":"Cultist","floor":7,"turns":1},{"damage":11,"enemies":"3 Louse","floor":12,"turns":3},{"damage":0,"enemies":"Looter","floor":13,"turns":4},{"damage":0,"enemies":"Exordium Wildlife","floor":14,"turns":2},{"damage":37,"enemies":"Slime Boss","floor":16,"turns":11},{"damage":10,"enemies":"Shell Parasite","floor":18,"turns":6},{"damage":9,"enemies":"3 Byrds","floor":19,"turns":4},{"damage":28,"enemies":"Snake Plant","floor":22,"turns":4},{"damage":0,"enemies":"Centurion and Healer","floor":24,"turns":6},{"damage":8,"enemies":"Snecko","floor":27,"turns":8},{"damage":0,"enemies":"Shelled Parasite and Fungi","floor":29,"turns":5},{"damage":0,"enemies":"3 Cultists","floor":31,"turns":4},{"damage":55,"enemies":"Champ","floor":33,"turns":18},{"damage":0,"enemies":"Orb Walker","floor":35,"turns":4},{"damage":5,"enemies":"3 Shapes","floor":40,"turns":4},{"damage":33,"enemies":"Sphere and 2 Shapes","floor":45,"turns":5},{"damage":0,"enemies":"Mind Bloom Boss Battle","floor":46,"turns":9},{"damage":25,"enemies":"Spire Growth","floor":47,"turns":5},{"damage":91,"enemies":"Donu and Deca","floor":50,"turns":14}],"seed_played":"7841158319460000352","potions_obtained":[{"floor":2,"key":"FairyPotion"},{"floor":12,"key":"Explosive Potion"},{"floor":14,"key":"Block Potion"}],"is_trial":false,"path_per_floor":["M","M","?","?","$","R","M","R","T","$","R","M","M","M","R","B",null,"M","M","?","?","M","R","M","R","T","M","?","M","?","M","R","B",null,"M","?","?","$","?","M","$","R","T","?","M","?","M","$","R","B",null],"character_chosen":"DEFECT","items_purchased":["Skim","Hello World","Stack"],"campfire_rested":3,"item_purchase_floors":[38,38,41],"current_hp_per_floor":[75,75,75,75,75,75,75,75,75,75,75,64,64,64,64,27,75,65,56,56,56,28,50,50,50,50,42,42,42,36,36,58,3,75,75,75,75,75,75,70,70,75,75,75,42,56,31,31,72,8],"gold":5,"neow_bonus":"THREE_ENEMY_KILL","is_prod":false,"is_daily":false,"chose_seed":false,"campfire_upgraded":6,"win_rate":0.0,"timestamp":1549818547,"path_taken":["M","M","?","?","$","R","M","R","T","$","R","M","M","M","R","BOSS","M","M","?","?","M","R","M","R","T","M","?","?","?","M","R","BOSS","M","?","?","$","?","M","?","R","T","?","M","?","M","$","R","BOSS"],"build_version":"2019-01-23","purchased_purges":3,"victory":true,"max_hp_per_floor":[75,75,75,75,75,75,75,75,75,75,75,75,75,75,75,75,75,75,75,75,75,75,75,75,75,75,75,75,75,75,75,75,75,75,75,75,75,75,75,75,75,75,75,75,75,89,89,89,89,89],"card_choices":[{"not_picked":["Coolheaded","Compile Driver"],"picked":"Stack","floor":1},{"not_picked":["Steam","Conserve Battery"],"picked":"Go for the Eyes","floor":2},{"not_picked":["Conserve Battery","All For One"],"picked":"Leap","floor":7},{"not_picked":["Beam Cell","Barrage"],"picked":"Sweeping Beam","floor":12},{"not_picked":["Beam Cell","Sweeping Beam"],"picked":"Gash","floor":13},{"not_picked":["Melter","Compile Driver"],"picked":"Chill","floor":14},{"not_picked":["Machine Learning","Creative AI"],"picked":"Electrodynamics","floor":16},{"not_picked":["Barrage","Beam Cell+1"],"picked":"Lockon","floor":18},{"not_picked":["Doom and Gloom","Steam Power"],"picked":"Gash+1","floor":19},{"not_picked":["Go for the Eyes+1","Aggregate+1","Cold Snap"],"picked":"SKIP","floor":22},{"not_picked":["Consume","Conserve Battery+1"],"picked":"Glacier+1","floor":24},{"not_picked":["Coolheaded","Ball Lightning"],"picked":"Compile Driver","floor":27},{"not_picked":["Double Energy","Sweeping Beam+1"],"picked":"Loop","floor":29},{"not_picked":["Reprogram+1","Barrage"],"picked":"Seek","floor":31},{"not_picked":["Amplify","Buffer"],"picked":"Biased Cognition","floor":33},{"not_picked":["Go for the Eyes+1","Beam Cell"],"picked":"Gash","floor":35},{"not_picked":["Go for the Eyes","Steam"],"picked":"Capacitor","floor":40},{"not_picked":["Conserve Battery+1","Gash"],"picked":"Loop","floor":45},{"not_picked":["BootSequence","Chill"],"picked":"Force Field","floor":46},{"not_picked":["Compile Driver+1","Hologram+1","Darkness"],"picked":"SKIP","floor":47}],"player_experience":408570,"relics_obtained":[{"floor":9,"key":"Letter Opener"},{"floor":26,"key":"War Paint"},{"floor":43,"key":"PreservedInsect"},{"floor":46,"key":"Mango"}],"event_choices":[{"cards_removed":["Strike_B"],"damage_healed":0,"gold_gain":0,"player_choice":"Card Removal","damage_taken":0,"max_hp_gain":0,"max_hp_loss":0,"event_name":"The Cleric","floor":3,"gold_loss":50},{"damage_healed":0,"gold_gain":0,"player_choice":"Ignored","damage_taken":0,"max_hp_gain":0,"max_hp_loss":0,"event_name":"Liars Game","floor":4,"gold_loss":0},{"damage_healed":0,"gold_gain":0,"player_choice":"Ignored","damage_taken":0,"max_hp_gain":0,"max_hp_loss":0,"event_name":"Vampires","floor":20,"gold_loss":0},{"cards_removed":["Strike_B"],"damage_healed":0,"gold_gain":0,"player_choice":"Gave Gold","damage_taken":0,"max_hp_gain":0,"max_hp_loss":0,"event_name":"Beggar","floor":21,"gold_loss":75},{"damage_healed":0,"gold_gain":0,"player_choice":"Forge","damage_taken":0,"max_hp_gain":0,"max_hp_loss":0,"event_name":"Accursed Blacksmith","floor":28,"gold_loss":0,"cards_upgraded":["Electrodynamics"]},{"damage_healed":0,"gold_gain":0,"player_choice":"Joined the Cult","damage_taken":6,"max_hp_gain":0,"max_hp_loss":0,"event_name":"Nest","floor":30,"gold_loss":0,"cards_obtained":["RitualDagger"]},{"damage_healed":19,"gold_gain":0,"player_choice":"Writhe","damage_taken":0,"max_hp_gain":0,"max_hp_loss":0,"event_name":"Winding Halls","floor":36,"gold_loss":0,"cards_obtained":["Writhe"]},{"cards_removed":["Defend_B"],"damage_healed":0,"gold_gain":0,"player_choice":"Removed Skill","damage_taken":0,"max_hp_gain":0,"max_hp_loss":0,"event_name":"Falling","floor":37,"gold_loss":0},{"damage_healed":0,"gold_gain":0,"player_choice":"Ignored","damage_taken":0,"max_hp_gain":0,"max_hp_loss":0,"event_name":"Mysterious Sphere","floor":39,"gold_loss":0},{"damage_healed":0,"gold_gain":0,"player_choice":"Paid","damage_taken":0,"relics_obtained":["Red Mask"],"max_hp_gain":0,"max_hp_loss":0,"event_name":"Tomb of Lord Red Mask","floor":44,"gold_loss":84},{"damage_healed":0,"gold_gain":0,"player_choice":"Fight","damage_taken":0,"max_hp_gain":0,"max_hp_loss":0,"event_name":"MindBloom","floor":46,"gold_loss":0}],"is_beta":false,"boss_relics":[{"not_picked":["Tiny House","Busted Crown"],"picked":"Sozu"},{"not_picked":["Runic Pyramid","Fusion Hammer"],"picked":"Eternal Feather"}],"items_purged_floors":[5,38,48],"is_endless":false,"potions_floor_spawned":[2,12,14,16,24,27,29,31,40,45],"ascension_level":0}