{"gold_per_floor":[117,117,117,117,132,132,161,161,161,179,193,209,237,256,256,330,330,350,350,275,294,306,306,333,333,359,6,6,6,6,40,40,115,115,129,29,44,44,44,44,44],"floor_reached":41,"playtime":4449,"items_purged":["Strike_G","Strike_G"],"score":974,"play_id":"ee9720ed-ce9d-42a5-b47a-83f992da8f75","local_time":"20190301124003","is_ascension_mode":true,"campfire_choices":[{"data":"Neutralize","floor":6.0,"key":"SMITH"},{"floor":8.0,"key":"REST"},{"data":"Skewer","floor":15.0,"key":"SMITH"},{"floor":23.0,"key":"REST"},{"floor":25,"key":"REST"},{"floor":32,"key":"REST"},{"data":"Footwork","floor":40,"key":"SMITH"}],"neow_cost":"NONE","seed_source_timestamp":0,"circlet_count":0,"master_deck":["AscendersBane","Defend_G","Defend_G","Defend_G+1","Defend_G","Defend_G","Survivor","Neutralize+1","Dagger Throw","Adrenaline","Dagger Throw","Poisoned Stab","Dagger Spray","Poisoned Stab","Skewer+1","After Image","Footwork+1","Backflip","Noxious Fumes","Burst"],"special_seed":0,"relics":["Ring of the Snake","NeowsBlessing","Oddly Smooth Stone","Ninja Scroll","Strawberry","Sozu","Turnip","Snake Skull","Shuriken","MutagenicStrength","Dodecahedron","Black Star"],"potions_floor_usage":[],"damage_taken":[{"damage":0.0,"enemies":"Small Slimes","floor":1.0,"turns":1.0},{"damage":0.0,"enemies":"Jaw Worm","floor":5.0,"turns":1.0},{"damage":0.0,"enemies":"3 Sentries","floor":7.0,"turns":1.0},{"damage":0.0,"enemies":"Cultist","floor":10.0,"turns":2.0},{"damage":0.0,"enemies":"2 Fungi Beasts","floor":11.0,"turns":3.0},{"damage":0.0,"enemies":"3 Louse","floor":12.0,"turns":3.0},{"damage":6.0,"enemies":"Gremlin Nob","floor":13.0,"turns":3.0},{"damage":0.0,"enemies":"Exordium Wildlife","floor":14.0,"turns":3.0},{"damage":40.0,"enemies":"Hexaghost","floor":16.0,"turns":11.0},{"damage":0.0,"enemies":"3 Byrds","floor":18.0,"turns":4.0},{"damage":3.0,"enemies":"Shell Parasite","floor":21.0,"turns":5.0},{"damage":8.0,"enemies":"3 Cultists","floor":22.0,"turns":5.0},{"damage":61,"enemies":"Slavers","floor":24,"turns":9},{"damage":0,"enemies":"Gremlin Leader","floor":31,"turns":5},{"damage":40,"enemies":"Collector","floor":33,"turns":9},{"damage":12,"enemies":"3 Darklings","floor":35,"turns":5},{"damage":0,"enemies":"Orb Walker","floor":37,"turns":3},{"damage":56,"enemies":"Reptomancer","floor":41,"turns":6}],"seed_played":"-1234589419656635516","potions_obtained":[{"floor":10.0,"key":"SteroidPotion"},{"floor":11.0,"key":"SkillPotion"},{"floor":12.0,"key":"Swift Potion"},{"floor":13.0,"key":"Fire Potion"},{"floor":14.0,"key":"Strength Potion"}],"is_trial":false,"path_per_floor":["M","?","?","$","M","R","E","R","T","M","M","M","E","M","R","B",null,"M","?","?","M","M","R","E","R","T","$","?","?","?","E","R","B",null,"M","$","M","?","?","R","E"],"character_chosen":"THE_SILENT","items_purchased":["Shuriken"],"campfire_rested":4,"item_purchase_floors":[27],"current_hp_per_floor":[59,39,39,39,39,39,39,58,58,58,58,58,59,59,59,19,60,60,60,60,57,49,70,9,30,30,30,30,30,30,30,51,11,58,46,46,46,46,46,46,0],"gold":44,"neow_bonus":"THREE_ENEMY_KILL","is_prod":false,"is_daily":false,"chose_seed":false,"campfire_upgraded":3,"win_rate":0,"timestamp":1551472803,"path_taken":["M","?","?","$","?","R","E","R","T","M","M","M","E","M","R","BOSS","M","?","?","M","M","R","E","R","T","$","?","?","?","E","R","BOSS","M","$","M","?","?","R","E"],"build_version":"2019-01-23","purchased_purges":2,"victory":false,"max_hp_per_floor":[66,66,66,66,66,66,66,66,66,66,66,66,73,73,73,73,73,73,73,73,73,73,73,73,73,73,73,73,73,73,73,73,73,73,73,73,73,73,69,69,69],"card_choices":[{"not_picked":["Sucker Punch","Backstab"],"picked":"Dagger Throw","floor":1.0},{"not_picked":["Setup","Endless Agony"],"picked":"Dagger Throw","floor":5.0},{"not_picked":["Storm of Steel","Setup"],"picked":"Poisoned Stab","floor":7.0},{"not_picked":["Acrobatics","Deflect"],"picked":"Dagger Spray","floor":10.0},{"not_picked":["Choke","Blade Dance","Outmaneuver"],"picked":"SKIP","floor":11.0},{"not_picked":["Sucker Punch","Quick Slash"],"picked":"Poisoned Stab","floor":12.0},{"not_picked":["Venomology","Dagger Spray","Prepared"],"picked":"SKIP","floor":13.0},{"not_picked":["Finisher","Distraction"],"picked":"Skewer","floor":14.0},{"not_picked":["Tools of the Trade","Burst"],"picked":"After Image","floor":16.0},{"not_picked":["Riddle With Holes","Accuracy","Concentrate"],"picked":"SKIP","floor":18.0},{"not_picked":["Choke+1","All Out Attack","Bane"],"picked":"SKIP","floor":21.0},{"not_picked":["Dagger Spray","Crippling Poison"],"picked":"Backflip","floor":22.0},{"not_picked":["Outmaneuver","Slice","Riddle With Holes+1"],"picked":"SKIP","floor":24},{"not_picked":["Quick Slash","Catalyst"],"picked":"Noxious Fumes","floor":31},{"not_picked":["Bullet Time","Doppelganger"],"picked":"Burst","floor":33},{"not_picked":["Heel Hook","Infinite Blades","Dagger Spray"],"picked":"SKIP","floor":35},{"not_picked":["Eviscerate","Outmaneuver+1","Sucker Punch"],"picked":"SKIP","floor":37}],"player_experience":315443,"relics_obtained":[{"floor":7.0,"key":"Oddly Smooth Stone"},{"floor":9.0,"key":"Ninja Scroll"},{"floor":13.0,"key":"Strawberry"},{"floor":24,"key":"Turnip"},{"floor":26,"key":"Snake Skull"},{"floor":31,"key":"Dodecahedron"}],"event_choices":[{"damage_healed":0.0,"max_hp_gain":0.0,"max_hp_loss":0.0,"gold_gain":0.0,"event_name":"Shining Light","player_choice":"Entered Light","floor":2.0,"gold_loss":0.0,"damage_taken":20.0,"cards_upgraded":["Defend_G","Strike_G"]},{"damage_healed":0.0,"max_hp_gain":0.0,"max_hp_loss":0.0,"gold_gain":0.0,"cards_transformed":["Strike_G"],"event_name":"Transmorgrifier","player_choice":"Transformed","floor":3.0,"gold_loss":0.0,"damage_taken":0.0,"cards_obtained":["Adrenaline"]},{"damage_healed":0.0,"max_hp_gain":0.0,"max_hp_loss":0.0,"gold_gain":0.0,"event_name":"The Library","player_choice":"Read","floor":19.0,"gold_loss":0.0,"damage_taken":0.0,"cards_obtained":["Footwork"]},{"cards_removed":["Strike_G"],"damage_healed":0.0,"max_hp_gain":0.0,"max_hp_loss":0.0,"gold_gain":0.0,"event_name":"Beggar","player_choice":"Gave Gold","floor":20.0,"gold_loss":75.0,"damage_taken":0.0},{"damage_healed":0,"gold_gain":0,"player_choice":"Ignored","damage_taken":0,"max_hp_gain":0,"max_hp_loss":0,"event_name":"Ghosts","floor":28,"gold_loss":0},{"damage_healed":0,"gold_gain":0,"player_choice":"Inject Mutagens","damage_taken":0,"relics_obtained":["MutagenicStrength"],"max_hp_gain":0,"max_hp_loss":0,"event_name":"Drug Dealer","floor":29,"gold_loss":0},{"cards_removed":["Strike_G"],"damage_healed":0,"gold_gain":0,"player_choice":"Removed Attack","damage_taken":0,"max_hp_gain":0,"max_hp_loss":0,"event_name":"Falling","floor":38,"gold_loss":0},{"damage_healed":0,"gold_gain":0,"player_choice":"Max HP","damage_taken":0,"max_hp_gain":0,"max_hp_loss":4,"event_name":"Winding Halls","floor":39,"gold_loss":0}],"is_beta":false,"boss_relics":[{"not_picked":["Astrolabe","Runic Pyramid"],"picked":"Sozu"},{"not_picked":["WristBlade","Eternal Feather"],"picked":"Black Star"}],"items_purged_floors":[27,36],"is_endless":false,"potions_floor_spawned":[10,11,12,13,14,18,31,33,37],"killed_by":"Reptomancer","ascension_level":20}