{"gold_per_floor":[368,388,263,278,294,320,320,348,348,382,393,393,411,423,423,525,525,543,556,572,582,45,45,45,76,102,102,102,127,127,127],"floor_reached":31,"playtime":3602,"items_purged":["Doubt","Strike_R"],"score":342,"play_id":"2e089009-15f1-421b-9469-afb13d8bc4a7","local_time":"20180910210750","is_ascension_mode":true,"campfire_choices":[{"floor":7,"key":"REST"},{"floor":12,"key":"REST"},{"data":"Shrug It Off","floor":15,"key":"SMITH"},{"floor":23,"key":"REST"},{"floor":27,"key":"REST"},{"floor":30,"key":"REST"}],"neow_cost":"CURSE","seed_source_timestamp":2254888565323165,"circlet_count":0,"master_deck":["Strike_R","Strike_R","Strike_R","Strike_R","Defend_R","Defend_R","Defend_R","Defend_R","Bash","Clothesline","Flame Barrier","True Grit","Heavy Blade","Warcry","Offering","Pommel Strike","Ghostly Armor","Whirlwind","Shrug It Off+1","Battle Trance","Double Tap","Inflame","Shrug It Off","Feel No Pain"],"relics":["Burning Blood","Mercury Hourglass","Orichalcum","Smiling Mask","Mummified Hand","Busted Crown","Medical Kit","Strawberry","Lantern","Ancient Tea Set","Pantograph","Red Skull"],"potions_floor_usage":[6,8,10,16,16,20,21,29,31],"damage_taken":[{"damage":15,"enemies":"Cultist","floor":1,"turns":5},{"damage":5,"enemies":"Small Slimes","floor":2,"turns":5},{"damage":2,"enemies":"2 Louse","floor":4,"turns":3},{"damage":10,"enemies":"Blue Slaver","floor":5,"turns":5},{"damage":28,"enemies":"Gremlin Nob","floor":6,"turns":5},{"damage":12,"enemies":"3 Sentries","floor":8,"turns":4},{"damage":34,"enemies":"Lagavulin","floor":10,"turns":7},{"damage":6,"enemies":"3 Louse","floor":11,"turns":3},{"damage":7,"enemies":"2 Fungi Beasts","floor":13,"turns":2},{"damage":5,"enemies":"Looter","floor":14,"turns":3},{"damage":32,"enemies":"Hexaghost","floor":16,"turns":11},{"damage":22,"enemies":"2 Thieves","floor":18,"turns":4},{"damage":6,"enemies":"Chosen","floor":19,"turns":5},{"damage":19,"enemies":"Snake Plant","floor":20,"turns":4},{"damage":5,"enemies":"Snecko","floor":21,"turns":6},{"damage":34,"enemies":"Slavers","floor":25,"turns":6},{"damage":27,"enemies":"Book of Stabbing","floor":29,"turns":6},{"damage":4,"enemies":"Colosseum Slavers","floor":31,"turns":3},{"damage":104,"enemies":"Colosseum Nobs","floor":31,"turns":5}],"seed_played":"-1597711518533160800","potions_obtained":[{"floor":1,"key":"FearPotion"},{"floor":6,"key":"Explosive Potion"},{"floor":8,"key":"SkillPotion"},{"floor":11,"key":"LiquidBronze"},{"floor":13,"key":"Dexterity Potion"},{"floor":14,"key":"Ancient Potion"},{"floor":20,"key":"SneckoOil"},{"floor":25,"key":"Swift Potion"},{"floor":29,"key":"BloodPotion"}],"is_trial":false,"path_per_floor":["M","M","$","M","M","E","R","E","T","E","M","R","M","M","R","B",null,"M","M","M","M","$","R","?","E","T","R","?","E","R"],"character_chosen":"IRONCLAD","items_purchased":["True Grit","Inflame","Medical Kit","Shrug It Off","Strawberry"],"campfire_rested":5,"item_purchase_floors":[3,22,22,22,22],"current_hp_per_floor":[71,72,72,76,72,50,74,68,68,40,40,64,63,64,64,38,80,64,64,51,52,59,85,85,57,57,83,83,62,87,0],"gold":127,"neow_bonus":"TWO_FIFTY_GOLD","is_prod":false,"is_daily":false,"chose_seed":false,"campfire_upgraded":1,"win_rate":0,"timestamp":1536638870,"path_taken":["M","M","$","?","M","E","R","E","T","E","M","R","M","M","R","BOSS","M","?","M","M","$","R","?","E","T","R","?","E","R","?"],"build_version":"2018-09-06","purchased_purges":2,"victory":false,"max_hp_per_floor":[80,80,80,80,80,80,80,80,80,80,80,80,80,80,80,80,80,80,80,80,80,87,87,87,87,87,87,87,87,87,87],"card_choices":[{"not_picked":["True Grit","Pummel"],"picked":"Clothesline","floor":1},{"not_picked":["Headbutt","Disarm"],"picked":"Flame Barrier","floor":2},{"not_picked":["Warcry","Perfected Strike"],"picked":"Heavy Blade","floor":4},{"not_picked":["Clash","Combust"],"picked":"Warcry","floor":5},{"not_picked":["Iron Wave","Rampage"],"picked":"Offering","floor":6},{"not_picked":["Fire Breathing","Pummel"],"picked":"Pommel Strike","floor":8},{"not_picked":["Flex","Clothesline"],"picked":"Ghostly Armor","floor":10},{"not_picked":["Feel No Pain","Thunderclap"],"picked":"Whirlwind","floor":11},{"not_picked":["Searing Blow","Flex"],"picked":"Shrug It Off","floor":13},{"not_picked":["Armaments","Power Through"],"picked":"Battle Trance","floor":14},{"not_picked":["Brutality","Barricade"],"picked":"Double Tap","floor":16},{"not_picked":["Second Wind+1"],"picked":"SKIP","floor":18},{"not_picked":["Warcry"],"picked":"SKIP","floor":19},{"not_picked":["Heavy Blade+1"],"picked":"SKIP","floor":20},{"not_picked":["Wild Strike"],"picked":"SKIP","floor":21},{"not_picked":["Infernal Blade"],"picked":"SKIP","floor":25},{"not_picked":[],"picked":"Feel No Pain","floor":29}],"player_experience":170079,"relics_obtained":[{"floor":6,"key":"Mercury Hourglass"},{"floor":8,"key":"Orichalcum"},{"floor":9,"key":"Smiling Mask"},{"floor":10,"key":"Mummified Hand"},{"floor":25,"key":"Lantern"},{"floor":26,"key":"Ancient Tea Set"},{"floor":29,"key":"Red Skull"}],"event_choices":[{"event_name":"The Mausoleum","player_choice":"Yes","floor":28,"damage_taken":0},{"event_name":"Colosseum","player_choice":"Fight","floor":31,"damage_taken":0},{"event_name":"Colosseum","player_choice":"Fought Nobs","floor":31,"damage_taken":0}],"is_beta":false,"boss_relics":[{"not_picked":["Lizard Tail","Calling Bell"],"picked":"Busted Crown"}],"items_purged_floors":[3,22],"is_endless":false,"potions_floor_spawned":[1,6,8,11,13,14,20,25,29],"killed_by":"Colosseum Nobs","ascension_level":3}