{"gold_per_floor":[118,133,133,148,165,192,44,58,83,83,57,75,250,266,266,266],"floor_reached":16,"playtime":862,"items_purged":["Bash"],"score":140,"play_id":"555ef39a-1fa1-4e5e-83d4-7c4ad2fbc9ea","local_time":"20190301173224","is_ascension_mode":true,"campfire_choices":[{"data":"Corruption","floor":10,"key":"SMITH"},{"floor":15,"key":"REST"}],"neow_cost":"CURSE","seed_source_timestamp":245843606659451,"circlet_count":0,"master_deck":["Strike_R","Strike_R","Strike_R","Strike_R","Strike_R","Defend_R","Defend_R+1","Defend_R","Defend_R","Reckless Charge","Clash","Corruption+1","Warcry","Flex+1","Warcry","Clash","Doubt","Rage"],"relics":["Burning Blood","Unceasing Top","Anchor","War Paint"],"potions_floor_usage":[6,6,12],"damage_taken":[{"damage":13,"enemies":"Jaw Worm","floor":1,"turns":6},{"damage":5,"enemies":"2 Louse","floor":2,"turns":4},{"damage":0,"enemies":"Cultist","floor":4,"turns":2},{"damage":15,"enemies":"Exordium Wildlife","floor":5,"turns":6},{"damage":48,"enemies":"3 Sentries","floor":6,"turns":9},{"damage":3,"enemies":"Blue Slaver","floor":8,"turns":4},{"damage":10,"enemies":"Gremlin Gang","floor":12,"turns":6},{"damage":0,"enemies":"Looter","floor":14,"turns":2},{"damage":52,"enemies":"The Guardian","floor":16,"turns":6}],"seed_played":"-9213892257471170479","potions_obtained":[{"floor":2,"key":"LiquidBronze"},{"floor":5,"key":"Block Potion"},{"floor":6,"key":"SteroidPotion"}],"is_trial":false,"path_per_floor":["?","?"],"character_chosen":"IRONCLAD","items_purchased":["Warcry","Flex","Warcry"],"campfire_rested":1,"item_purchase_floors":[7,7,11],"current_hp_per_floor":[65,66,66,72,63,21,21,24,24,24,24,20,20,26,50,0],"gold":266,"neow_bonus":"ONE_RARE_RELIC","is_prod":false,"is_daily":false,"chose_seed":false,"campfire_upgraded":1,"win_rate":0,"timestamp":1551457944,"path_taken":["M","M","?","M","M","E","$","M","T","R","$","M","?","M","R","BOSS"],"build_version":"2019-01-23","purchased_purges":1,"victory":false,"max_hp_per_floor":[80,80,80,80,80,80,80,80,80,80,80,80,80,80,80,80],"card_choices":[{"not_picked":["Hemokinesis","Thunderclap","Armaments"],"picked":"SKIP","floor":1},{"not_picked":["Battle Trance","Clothesline"],"picked":"Reckless Charge","floor":2},{"not_picked":["Battle Trance","Thunderclap"],"picked":"Clash","floor":4},{"not_picked":["Sword Boomerang","Thunderclap"],"picked":"Corruption","floor":5},{"not_picked":["Thunderclap","Cleave","Iron Wave"],"picked":"SKIP","floor":6},{"not_picked":["Headbutt","Carnage","Impervious"],"picked":"SKIP","floor":8},{"not_picked":["Armaments","Body Slam"],"picked":"Clash","floor":12},{"not_picked":["Heavy Blade","Uppercut"],"picked":"Rage","floor":14}],"player_experience":238529,"relics_obtained":[{"floor":6,"key":"Anchor"},{"floor":9,"key":"War Paint"}],"event_choices":[{"cards_removed":["Decay"],"damage_healed":0,"gold_gain":0,"player_choice":"Forget","damage_taken":0,"max_hp_gain":0,"max_hp_loss":0,"event_name":"Living Wall","floor":3,"gold_loss":0},{"damage_healed":0,"gold_gain":175,"player_choice":"AGREE","damage_taken":0,"max_hp_gain":0,"max_hp_loss":0,"event_name":"Liars Game","floor":13,"gold_loss":0,"cards_obtained":["Doubt"]}],"is_beta":false,"boss_relics":[],"items_purged_floors":[7],"is_endless":false,"potions_floor_spawned":[2,5,6],"killed_by":"The Guardian","ascension_level":7}