{"gold_per_floor":[117,137,137,312,64,93,43,61,61,81,81,99,99,113,113,212,212],"floor_reached":17,"playtime":888,"items_purged":[],"score":181,"play_id":"84a06eeb-2046-49db-989e-6af18347091e","local_time":"20180926225517","is_ascension_mode":true,"campfire_choices":[{"data":"Zap","floor":11,"key":"SMITH"},{"floor":13,"key":"REST"},{"data":"Chaos","floor":15,"key":"SMITH"}],"neow_cost":"NONE","seed_source_timestamp":746111223308526,"circlet_count":0,"master_deck":["Strike_B+1","Strike_B+1","Strike_B","Strike_B","Defend_B","Defend_B","Defend_B","Defend_B","Zap+1","Dualcast","Rainbow","Barrage","Cold Snap","Biased Cognition","Tempest","Chaos+1","Coolheaded","Turbo","Reboot"],"relics":["Cracked Core","NlothsMask","Matryoshka","Whetstone","Velvet Choker"],"potions_floor_usage":[],"damage_taken":[{"damage":2,"enemies":"Jaw Worm","floor":1,"turns":4},{"damage":0,"enemies":"Cultist","floor":2,"turns":3},{"damage":29,"enemies":"3 Sentries","floor":6,"turns":7},{"damage":7,"enemies":"Small Slimes","floor":8,"turns":2},{"damage":9,"enemies":"Looter","floor":10,"turns":3},{"damage":13,"enemies":"Large Slime","floor":12,"turns":4},{"damage":13,"enemies":"Blue Slaver","floor":14,"turns":2},{"damage":3,"enemies":"Slime Boss","floor":16,"turns":8}],"seed_played":"-7402329834902541493","potions_obtained":[{"floor":8,"key":"GamblersBrew"},{"floor":12,"key":"AttackPotion"}],"is_trial":false,"path_per_floor":["M","M","?","?","$","E","?","M","T","M","R","M","R","M","R","B"],"character_chosen":"DEFECT","items_purchased":["Matryoshka"],"campfire_rested":1,"item_purchase_floors":[5],"current_hp_per_floor":[73,73,73,73,73,44,44,37,37,28,28,15,37,24,24,21,21],"gold":212,"neow_bonus":"ONE_RANDOM_RARE_CARD","is_prod":false,"is_daily":false,"chose_seed":false,"campfire_upgraded":2,"win_rate":0,"timestamp":1537977317,"path_taken":["M","M","?","?","$","E","?","M","T","M","R","M","R","M","R","BOSS"],"build_version":"2018-09-20","purchased_purges":0,"victory":false,"max_hp_per_floor":[75,75,75,75,75,75,75,75,75,75,75,75,75,75,75,75,75],"card_choices":[{"not_picked":["Sweeping Beam","Double Energy"],"picked":"Barrage","floor":1},{"not_picked":["Rip and Tear","Redo"],"picked":"Cold Snap","floor":2},{"not_picked":["Creative AI","Skim"],"picked":"Biased Cognition","floor":6},{"not_picked":["Redo","Gash"],"picked":"Tempest","floor":8},{"not_picked":["Gash","Redo"],"picked":"Chaos","floor":10},{"not_picked":["Redo","Compile Driver"],"picked":"Coolheaded","floor":12},{"not_picked":["Stack","Conserve Battery"],"picked":"Turbo","floor":14},{"not_picked":["Buffer","Rainbow"],"picked":"Reboot","floor":16}],"player_experience":183249,"relics_obtained":[{"floor":6,"key":"Whetstone"}],"event_choices":[{"event_name":"FaceTrader","player_choice":"Trade","floor":3,"damage_taken":0},{"event_name":"Liars Game","player_choice":"agreed","floor":4,"damage_taken":0},{"event_name":"The Cleric","player_choice":"Card Removal","floor":7,"damage_taken":0}],"is_beta":false,"boss_relics":[{"not_picked":["Lizard Tail","Orrery"],"picked":"Velvet Choker"}],"items_purged_floors":[],"is_endless":false,"potions_floor_spawned":[8,12],"ascension_level":3}