{"path_per_floor":["M","M","?","M","?","E","M","M","T","?","R","M","M","E","R","B",null,"M","$","?","M","?","R","?","R","T","R","M","M","R","$","R","B",null,"M","$","?","?","?","R","T","$","T","M","?","R","M","?","R","B"],"character_chosen":"DEFECT","items_purchased":["Unceasing Top","Juzu Bracelet","Darkness"],"gold_per_floor":[115,134,134,149,149,179,194,213,213,213,213,236,249,290,290,411,411,427,66,66,80,80,80,3,3,26,26,39,55,55,55,55,185,185,199,43,376,430,430,430,430,261,261,271,271,271,290,290,290,290],"floor_reached":51,"campfire_rested":3,"playtime":2047,"current_hp_per_floor":[74,66,59,58,51,39,35,35,35,17,39,41,43,19,41,28,75,70,70,70,72,72,72,72,72,72,72,71,57,57,57,57,47,75,72,72,72,60,60,60,60,60,60,59,59,59,36,27,49,26],"items_purged":["Strike_B","Decay"],"gold":290,"score":653,"play_id":"5b4478a1-3fdf-4d8b-9815-a9d9b55fb5c1","local_time":"20180505004654","is_prod":false,"is_daily":false,"chose_seed":false,"is_ascension_mode":false,"campfire_upgraded":7,"timestamp":1525452414,"path_taken":["M","M","?","M","?","E","M","?","T","?","R","M","M","E","R","BOSS","M","$","?","M","?","R","?","R","T","R","M","M","R","$","R","BOSS","M","$","?","?","?","R","?","$","T","M","?","R","M","?","R","BOSS"],"build_version":"2018-05-03","seed_source_timestamp":108819510075639,"purchased_purges":2,"victory":true,"master_deck":["Strike_B","Strike_B","Defend_B","Defend_B","Defend_B","Defend_B","Zap+1","Dualcast+1","Rebound","Hologram+1","Beam Cell+1","Cold Snap","Redo+1","Cold Snap","BootSequence","White Noise+1","Glacier","Multi-Cast+1","Go for the Eyes+1","Go for the Eyes+1","J.A.X.","Beam Cell+1","Defragment+1","Thunder Strike","Scrape+1","Clumsy","Pain","Madness","Madness"],"max_hp_per_floor":[75,75,75,75,75,75,75,75,75,75,75,75,75,75,75,75,75,75,75,75,75,75,75,75,75,75,75,75,75,75,75,75,75,75,75,75,75,75,75,75,75,75,75,75,75,75,75,75,75,75],"relics":["Cracked Core","Oddly Smooth Stone","Ancient Tea Set","Blood Vial","Mercury Hourglass","Cursed Key","Unceasing Top","Bag of Preparation","Lizard Tail","Juzu Bracelet","Ice Cream","Turnip","Vajra"],"card_choices":[{"not_picked":["Reinforced Body","Force Field"],"picked":"Rebound","floor":0},{"not_picked":["Storm","Turbo"],"picked":"Hologram","floor":1},{"not_picked":["Rebound","Capacitor"],"picked":"Beam Cell","floor":2},{"not_picked":["Sweeping Beam","Leap"],"picked":"Cold Snap","floor":4},{"not_picked":["Steam Power","Turbo"],"picked":"Redo","floor":6},{"not_picked":["Barrage","Sweeping Beam"],"picked":"Cold Snap","floor":7},{"not_picked":["Rip and Tear","Beam Cell"],"picked":"BootSequence","floor":8},{"not_picked":["Lockon","Leap"],"picked":"White Noise","floor":13},{"not_picked":["Impulse","Stack"],"picked":"Glacier","floor":14},{"not_picked":["Seek","Reboot"],"picked":"Multi-Cast","floor":16},{"not_picked":["Streamline","Capacitor"],"picked":"Go for the Eyes","floor":18},{"not_picked":["Meteor Strike","Chaos"],"picked":"Beam Cell","floor":28},{"not_picked":["Sweeping Beam","Rebound"],"picked":"Defragment","floor":29},{"not_picked":["Multi-Cast","Creative AI"],"picked":"Thunder Strike","floor":33},{"not_picked":["Impulse","Chill"],"picked":"Scrape","floor":35}],"player_experience":26269,"potions_floor_usage":[12,18,50,50,50],"damage_taken":[{"damage":1,"enemies":"2 Louse","floor":1,"turns":2},{"damage":8,"enemies":"Small Slimes","floor":2,"turns":2},{"damage":1,"enemies":"Cultist","floor":4,"turns":3},{"damage":12,"enemies":"3 Sentries","floor":6,"turns":9},{"damage":4,"enemies":"Exordium Wildlife","floor":7,"turns":3},{"damage":0,"enemies":"Large Slime","floor":8,"turns":5},{"damage":0,"enemies":"Exordium Thugs","floor":12,"turns":3},{"damage":0,"enemies":"3 Louse","floor":13,"turns":3},{"damage":26,"enemies":"Lagavulin","floor":14,"turns":8},{"damage":15,"enemies":"The Guardian","floor":16,"turns":14},{"damage":5,"enemies":"Chosen","floor":18,"turns":4},{"damage":0,"enemies":"Shell Parasite","floor":21,"turns":7},{"damage":3,"enemies":"Cultist and Chosen","floor":28,"turns":6},{"damage":16,"enemies":"Chosen and Byrds","floor":29,"turns":4},{"damage":19,"enemies":"Collector","floor":33,"turns":11},{"damage":3,"enemies":"Flame Bruiser 1 Orb","floor":35,"turns":4},{"damage":14,"enemies":"Mysterious Sphere","floor":38,"turns":6},{"damage":3,"enemies":"Orb Walker","floor":44,"turns":2},{"damage":25,"enemies":"4 Shapes","floor":47,"turns":5},{"damage":64,"enemies":"Time Eater","floor":50,"turns":12}],"event_choices":[{"event_name":"Golden Wing","player_choice":"Card Removal","floor":3,"damage_taken":0},{"event_name":"Scrap Ooze","player_choice":"success","floor":5,"damage_taken":7},{"event_name":"Golden Idol","player_choice":"Take Damage","floor":10,"damage_taken":0},{"event_name":"Beggar","player_choice":"Ignored","floor":20,"damage_taken":0},{"event_name":"Duplicator","player_choice":"One dupe","floor":22,"damage_taken":0},{"event_name":"Drug Dealer","player_choice":"Got JAXXED","floor":24,"damage_taken":0},{"event_name":"The Moai Head","player_choice":"Gave Idol","floor":37,"damage_taken":0},{"event_name":"Mysterious Sphere","player_choice":"Fight","floor":38,"damage_taken":0},{"event_name":"Match and Keep!","player_choice":"0 cards matched","floor":39,"damage_taken":0},{"event_name":"Winding Halls","player_choice":"Embrace Madness","floor":48,"damage_taken":0}],"boss_relics":[{"not_picked":["Ectoplasm","Snecko Eye"],"picked":"Cursed Key"},{"not_picked":["Orrery","Eternal Feather"],"picked":"Lizard Tail"}],"potions_floor_spawned":[1,7,12,21,35,44],"seed_played":"2955395051433611811","ascension_level":0,"is_trial":false}