{"gold_per_floor":[18,18,18,18,38,38,50,50,122,72,96,127,127,137,137,240,240,257,268,183,201,220,220,295,306,333,333,64,64,89,109,109,205,205,216,232,232],"floor_reached":37,"playtime":2806,"items_purged":["Strike_G","Reflex+1"],"score":647,"play_id":"d16dd94a-b517-42af-8ee3-b934c98a29e9","local_time":"20190130154249","is_ascension_mode":true,"campfire_choices":[{"floor":6,"key":"REST"},{"data":"Panacea","floor":8,"key":"SMITH"},{"floor":13,"key":"REST"},{"floor":15,"key":"REST"},{"floor":23,"key":"REST"},{"floor":27,"key":"REST"},{"floor":29,"key":"REST"},{"floor":32,"key":"REST"}],"neow_cost":"NO_GOLD","seed_source_timestamp":0,"circlet_count":0,"master_deck":["Defend_G","Defend_G","Defend_G","Defend_G+1","Defend_G","Strike_G+1","Survivor","Neutralize","Dramatic Entrance","Panacea+1","Corpse Explosion","Malaise","A Thousand Cuts+1","All Out Attack+1","Infinite Blades","Dash","Cloak And Dagger","Well Laid Plans","Well Laid Plans","Infinite Blades","Malaise","Dash+1","Cloak And Dagger"],"special_seed":0,"relics":["Ring of the Snake","Smiling Mask","Pear","Bronze Scales","Orichalcum","Astrolabe","Dream Catcher","Vajra","Anchor","Bag of Marbles","WristBlade"],"potions_floor_usage":[16,16,21,33,33,37,37],"damage_taken":[{"damage":10,"enemies":"2 Louse","floor":1,"turns":3},{"damage":0,"enemies":"Small Slimes","floor":5,"turns":3},{"damage":0,"enemies":"Jaw Worm","floor":7,"turns":4},{"damage":50,"enemies":"Lagavulin","floor":12,"turns":9},{"damage":0,"enemies":"Gremlin Gang","floor":14,"turns":1},{"damage":41,"enemies":"The Guardian","floor":16,"turns":10},{"damage":23,"enemies":"Spheric Guardian","floor":18,"turns":12},{"damage":16,"enemies":"3 Byrds","floor":19,"turns":3},{"damage":0,"enemies":"3 Cultists","floor":21,"turns":2},{"damage":15,"enemies":"Snake Plant","floor":22,"turns":6},{"damage":23,"enemies":"Cultist and Chosen","floor":25,"turns":8},{"damage":22,"enemies":"Book of Stabbing","floor":30,"turns":8},{"damage":0,"enemies":"Centurion and Healer","floor":31,"turns":4},{"damage":40,"enemies":"Collector","floor":33,"turns":8},{"damage":2,"enemies":"3 Shapes","floor":35,"turns":2},{"damage":9,"enemies":"3 Darklings","floor":36,"turns":4},{"damage":83,"enemies":"2 Orb Walkers","floor":37,"turns":5}],"seed_played":"-5559314910790171984","potions_obtained":[{"floor":1,"key":"Block Potion"},{"floor":12,"key":"SkillPotion"},{"floor":16,"key":"Fire Potion"},{"floor":19,"key":"GamblersBrew"},{"floor":22,"key":"PowerPotion"},{"floor":31,"key":"LiquidBronze"},{"floor":33,"key":"Swift Potion"},{"floor":36,"key":"GhostInAJar"}],"is_trial":false,"path_per_floor":["M","?","?","?","M","R","M","R","T","$","T","E","R","M","R","B",null,"M","M","?","M","M","R","?","M","T","R","$","R","E","M","R","B",null,"M","M","?"],"character_chosen":"THE_SILENT","items_purchased":["Well Laid Plans","Anchor"],"campfire_rested":7,"item_purchase_floors":[28,28],"current_hp_per_floor":[60,46,34,34,34,55,55,55,65,65,65,15,39,39,63,22,80,57,41,41,41,26,50,42,19,19,43,43,67,45,45,69,29,80,78,69,0],"gold":232,"neow_bonus":"RANDOM_COLORLESS_2","is_prod":false,"is_daily":false,"chose_seed":false,"campfire_upgraded":1,"win_rate":0,"timestamp":1548884569,"path_taken":["M","?","?","?","M","R","M","R","T","$","?","E","R","M","R","BOSS","M","?","?","M","M","R","?","?","T","R","$","R","E","M","R","BOSS","M","M","?"],"build_version":"2019-01-23","purchased_purges":2,"victory":false,"max_hp_per_floor":[70,70,70,70,70,70,70,70,80,80,80,80,80,80,80,80,80,80,80,80,80,80,80,80,80,80,80,80,80,80,80,80,80,80,80,80,80],"card_choices":[{"not_picked":["PiercingWail","Escape Plan","Quick Slash"],"picked":"SKIP","floor":1},{"not_picked":["All Out Attack","Poisoned Stab","Reflex"],"picked":"SKIP","floor":5},{"not_picked":["Endless Agony","Dodge and Roll","PiercingWail"],"picked":"SKIP","floor":7},{"not_picked":["Backflip","Flying Knee"],"picked":"Corpse Explosion","floor":12},{"not_picked":["Calculated Gamble","Accuracy","Heel Hook"],"picked":"SKIP","floor":14},{"not_picked":["Venomology","Tools of the Trade"],"picked":"Malaise","floor":16},{"not_picked":["PiercingWail","Tactician+1","Backflip"],"picked":"SKIP","floor":18},{"not_picked":["Slice","Distraction","Dagger Throw"],"picked":"SKIP","floor":19},{"not_picked":["Distraction+1","Sucker Punch+1"],"picked":"Infinite Blades","floor":21},{"not_picked":["Dagger Throw","Escape Plan"],"picked":"Dash","floor":22},{"not_picked":["Poisoned Stab","Deflect"],"picked":"Cloak And Dagger","floor":25},{"not_picked":["Setup","Dodge and Roll"],"picked":"Well Laid Plans","floor":29},{"not_picked":["Dagger Spray+1","Backflip","All Out Attack+1"],"picked":"SKIP","floor":30},{"not_picked":["Deadly Poison","Cloak And Dagger"],"picked":"Infinite Blades","floor":31},{"not_picked":["Die Die Die","Unload"],"picked":"Malaise","floor":33},{"not_picked":["Finisher","Outmaneuver"],"picked":"Dash+1","floor":35},{"not_picked":["Quick Slash+1","Blade Dance+1"],"picked":"Cloak And Dagger","floor":36}],"player_experience":1193763,"relics_obtained":[{"floor":9,"key":"Pear"},{"floor":11,"key":"Bronze Scales"},{"floor":12,"key":"Orichalcum"},{"floor":26,"key":"Vajra"},{"floor":30,"key":"Bag of Marbles"}],"event_choices":[{"damage_healed":0,"gold_gain":0,"player_choice":"Entered Light","damage_taken":14,"max_hp_gain":0,"max_hp_loss":0,"event_name":"Shining Light","floor":2,"gold_loss":0,"cards_upgraded":["Strike_G","Defend_G"]},{"damage_healed":0,"gold_gain":0,"player_choice":"Success","damage_taken":12,"relics_obtained":["Smiling Mask"],"max_hp_gain":0,"max_hp_loss":0,"event_name":"Scrap Ooze","floor":3,"gold_loss":0},{"damage_healed":0,"gold_gain":0,"player_choice":"Leave","damage_taken":0,"max_hp_gain":0,"max_hp_loss":0,"event_name":"The Cleric","floor":4,"gold_loss":0},{"damage_healed":0,"gold_gain":0,"player_choice":"Obtained Relic","damage_taken":0,"relics_obtained":["Dream Catcher"],"max_hp_gain":0,"max_hp_loss":0,"event_name":"Addict","floor":20,"gold_loss":85},{"damage_healed":0,"gold_gain":75,"player_choice":"Touch","damage_taken":8,"max_hp_gain":0,"max_hp_loss":0,"event_name":"FaceTrader","floor":24,"gold_loss":0},{"damage_healed":0,"gold_gain":0,"player_choice":"Fight","damage_taken":0,"max_hp_gain":0,"max_hp_loss":0,"event_name":"Mysterious Sphere","floor":37,"gold_loss":0}],"is_beta":false,"boss_relics":[{"not_picked":["Tiny House","Calling Bell"],"picked":"Astrolabe"},{"not_picked":["Velvet Choker","Eternal Feather"],"picked":"WristBlade"}],"items_purged_floors":[10,28],"is_endless":false,"potions_floor_spawned":[1,12,16,19,22,31,33,36],"killed_by":"2 Orb Walkers","ascension_level":4}