{"path_per_floor":["M","?","M","?","M","R","M","E","T","M","M"],"character_chosen":"DEFECT","items_purchased":[],"gold_per_floor":[115,115,128,128,146,146,165,194,194,207,226,226],"floor_reached":12,"campfire_rested":1,"playtime":409,"item_purchase_floors":[],"current_hp_per_floor":[68,61,56,44,41,63,56,13,13,6,6,0],"items_purged":[],"gold":226,"score":90,"play_id":"dac09c0b-2acc-4833-beaa-78de06a3c547","local_time":"20180527205105","is_prod":false,"is_daily":false,"chose_seed":false,"is_ascension_mode":true,"campfire_upgraded":0,"win_rate":0,"timestamp":1527425465,"campfire_choices":[{"floor":6,"key":"REST"}],"path_taken":["M","?","M","?","?","R","M","E","T","?","M","E"],"build_version":"2018-05-25","seed_source_timestamp":124653786079541,"purchased_purges":0,"victory":false,"master_deck":["Strike_B","Strike_B","Strike_B","Defend_B","Defend_B","Defend_B","Defend_B","Zap+1","Dualcast","Redo","Cold Snap","Hologram","Ball Lightning","Go for the Eyes"],"max_hp_per_floor":[75,75,75,75,75,75,75,75,75,75,75,75],"relics":["Cracked Core","Dodecahedron","Shuriken","Kunai"],"card_choices":[{"not_picked":["Compile Driver","Rip and Tear"],"picked":"Redo","floor":1},{"not_picked":["Auto Shields","Melter"],"picked":"Cold Snap","floor":3},{"not_picked":["Ball Lightning","White Noise"],"picked":"Hologram","floor":5},{"not_picked":["Turbo","Streamline","Leap"],"picked":"SKIP","floor":7},{"not_picked":["Undo","Scrape"],"picked":"Ball Lightning","floor":8},{"not_picked":["Tempest","Hologram"],"picked":"Go for the Eyes","floor":10},{"not_picked":["Streamline","Chill","Redo"],"picked":"SKIP","floor":11}],"player_experience":52367,"potions_floor_usage":[7,11],"damage_taken":[{"damage":7,"enemies":"Jaw Worm","floor":1,"turns":3},{"damage":5,"enemies":"2 Louse","floor":3,"turns":2},{"damage":3,"enemies":"Small Slimes","floor":5,"turns":3},{"damage":7,"enemies":"Exordium Wildlife","floor":7,"turns":3},{"damage":43,"enemies":"Gremlin Nob","floor":8,"turns":6},{"damage":7,"enemies":"Red Slaver","floor":10,"turns":3},{"damage":0,"enemies":"Blue Slaver","floor":11,"turns":1},{"damage":6,"enemies":"Lagavulin","floor":12,"turns":3}],"relics_obtained":[{"floor":8,"key":"Shuriken"},{"floor":9,"key":"Kunai"}],"event_choices":[{"event_name":"Golden Wing","player_choice":"Card Removal","floor":2,"damage_taken":0},{"event_name":"Scrap Ooze","player_choice":"success","floor":4,"damage_taken":12}],"boss_relics":[],"items_purged_floors":[],"potions_floor_spawned":[5,8,11],"seed_played":"7226974456398005371","killed_by":"Lagavulin","ascension_level":2,"potions_obtained":[{"floor":5,"key":"AttackPotion"},{"floor":8,"key":"AttackPotion"},{"floor":11,"key":"Swift Potion"}],"is_trial":false}