{"path_per_floor":["M","?","?","M","M","E","R","E","T","M","M","M","R","M","R","B",null,"M","$","M"],"character_chosen":"DEFECT","items_purchased":["Ice Cream"],"gold_per_floor":[111,111,111,126,139,168,168,193,261,276,289,303,303,313,313,416,416,434,49,59,59],"floor_reached":21,"campfire_rested":1,"playtime":995,"current_hp_per_floor":[75,75,75,74,68,62,62,48,48,35,25,22,44,38,38,12,75,50,50,31,0],"items_purged":["Strike_B"],"gold":59,"score":193,"play_id":"ac02b056-7b7f-49a5-a480-38ca9af0b620","local_time":"20180428161237","is_prod":false,"is_daily":false,"chose_seed":false,"is_ascension_mode":false,"campfire_upgraded":2,"timestamp":1524903157,"path_taken":["M","?","?","?","?","E","R","E","T","M","M","M","R","M","R","BOSS","M","$","?","M"],"build_version":"2018-04-27v3","seed_source_timestamp":280704252177752,"purchased_purges":2,"victory":false,"master_deck":["Strike_B","Strike_B","Defend_B","Defend_B","Defend_B","Defend_B","Zap","Dualcast+1","Melter","Tempest","Ball Lightning","Conserve Battery+1","Impulse","Hologram","Prime","Go for the Eyes","FTL","Static Discharge","Hologram","Thunder Strike","Ball Lightning"],"max_hp_per_floor":[75,75,75,75,75,75,75,75,75,75,75,75,75,75,75,75,75,75,75,75,75],"relics":["Cracked Core","Peace Pipe","Dream Catcher","Gremlin Horn","Philosopher\u0027s Stone","Ice Cream"],"card_choices":[{"not_picked":["Stack","Auto Shields"],"picked":"Melter","floor":1},{"not_picked":["Beam Cell","Skim"],"picked":"Ball Lightning","floor":4},{"not_picked":["Rebound","Ball Lightning"],"picked":"Conserve Battery","floor":5},{"not_picked":["Leap","Beam Cell"],"picked":"Impulse","floor":6},{"not_picked":["Leap","Stack"],"picked":"Hologram","floor":8},{"not_picked":["Chaos","Barrage"],"picked":"Prime","floor":10},{"not_picked":["Barrage","Undo"],"picked":"Go for the Eyes","floor":11},{"not_picked":["Sweeping Beam","Undo"],"picked":"FTL","floor":12},{"not_picked":["Coolheaded","Scrape"],"picked":"Static Discharge","floor":13},{"not_picked":["Rebound","Coolheaded"],"picked":"Hologram","floor":14},{"not_picked":["Amplify","Creative AI"],"picked":"Thunder Strike","floor":16},{"not_picked":["Sweeping Beam","Leap"],"picked":"Ball Lightning","floor":18}],"player_experience":6750,"potions_floor_usage":[6,12],"damage_taken":[{"damage":0,"enemies":"2 Louse","floor":1,"turns":3},{"damage":1,"enemies":"Cultist","floor":4,"turns":4},{"damage":6,"enemies":"Jaw Worm","floor":5,"turns":2},{"damage":6,"enemies":"Gremlin Nob","floor":6,"turns":3},{"damage":14,"enemies":"3 Sentries","floor":8,"turns":7},{"damage":13,"enemies":"Exordium Wildlife","floor":10,"turns":4},{"damage":10,"enemies":"Looter","floor":11,"turns":3},{"damage":3,"enemies":"Exordium Thugs","floor":12,"turns":3},{"damage":6,"enemies":"Exordium Wildlife","floor":14,"turns":3},{"damage":26,"enemies":"Slime Boss","floor":16,"turns":8},{"damage":25,"enemies":"3 Byrds","floor":18,"turns":3},{"damage":19,"enemies":"Chosen","floor":20,"turns":4},{"damage":32,"enemies":"Snake Plant","floor":21,"turns":3}],"event_choices":[{"event_name":"Transmorgrifier","player_choice":"Transform","floor":2,"damage_taken":0},{"event_name":"Liars Game","player_choice":"disagreed","floor":3,"damage_taken":0}],"boss_relics":[{"not_picked":["Ectoplasm","Velvet Choker"],"picked":"Philosopher\u0027s Stone"}],"potions_floor_spawned":[4,5,10,12],"seed_played":"8723723726926875858","killed_by":"Snake Plant","ascension_level":0,"is_trial":false}