{"gold_per_floor":[115,127,92,107,124,183,183,214,268,297,371,402,402,412,412,491,491,504,530,601,60,74,101,1,35,35,35,68,84,84,102,102,180,180,190,190,190,190,203,238,238,271,271,40,57,83,94,94,94,94,94,94,94,16,43,43],"floor_reached":57,"playtime":4952,"items_purged":["Pain","Pain"],"score":3402,"play_id":"ec22771c-d035-48b8-be13-9a481a7d991c","local_time":"20190227185423","is_ascension_mode":true,"campfire_choices":[{"data":"Defragment","floor":7.0,"key":"SMITH"},{"data":"Fission","floor":15.0,"key":"SMITH"},{"floor":32.0,"key":"REST"},{"floor":41.0,"key":"RECALL"},{"data":"Fission","floor":49.0,"key":"SMITH"},{"data":"Biased Cognition","floor":53,"key":"SMITH"}],"neow_cost":"NONE","seed_source_timestamp":16468364299789,"circlet_count":0,"master_deck":["AscendersBane","Zap","Dualcast","Streamline","Tempest","White Noise","Reboot","BootSequence","Defragment+1","Steam","Glacier","Leap","Streamline","Fission+1","Glacier","Compile Driver","Fission+1","Clumsy","Apotheosis+1","Coolheaded+1","Biased Cognition+1","Conserve Battery+1","Core Surge","Undo+1","Hologram+1","White Noise+1","Creative AI+1","Loop+1"],"special_seed":0,"relics":["Pandora\u0027s Box","Tiny Chest","Bottled Tornado","Oddly Smooth Stone","Anchor","Blue Candle","Bottled Flame","Calling Bell","Orichalcum","Singing Bowl","Pocketwatch","Red Mask","Toxic Egg 2","StoneCalendar","Pear","Pantograph","Gambling Chip","Sozu","Frozen Egg 2","Mummified Hand","Gremlin Horn","Medical Kit","Happy Flower","Emotion Chip"],"potions_floor_usage":[],"damage_taken":[{"damage":8.0,"enemies":"Small Slimes","floor":1.0,"turns":3.0},{"damage":0.0,"enemies":"Jaw Worm","floor":2.0,"turns":3.0},{"damage":0.0,"enemies":"2 Louse","floor":4.0,"turns":3.0},{"damage":0.0,"enemies":"Blue Slaver","floor":5.0,"turns":5.0},{"damage":1.0,"enemies":"Lagavulin","floor":6.0,"turns":8.0},{"damage":7.0,"enemies":"3 Sentries","floor":8.0,"turns":9.0},{"damage":0.0,"enemies":"Lagavulin","floor":10.0,"turns":5.0},{"damage":6.0,"enemies":"3 Sentries","floor":12.0,"turns":13.0},{"damage":0.0,"enemies":"Exordium Wildlife","floor":14.0,"turns":6.0},{"damage":0.0,"enemies":"The Guardian","floor":16.0,"turns":11.0},{"damage":13.0,"enemies":"2 Thieves","floor":18.0,"turns":4.0},{"damage":27.0,"enemies":"Masked Bandits","floor":19.0,"turns":8.0},{"damage":2.0,"enemies":"Chosen","floor":22.0,"turns":5.0},{"damage":7.0,"enemies":"Book of Stabbing","floor":23.0,"turns":5.0},{"damage":0.0,"enemies":"Slavers","floor":25.0,"turns":7.0},{"damage":0.0,"enemies":"Gremlin Leader","floor":28.0,"turns":5.0},{"damage":0.0,"enemies":"Snecko","floor":29.0,"turns":4.0},{"damage":0.0,"enemies":"Shelled Parasite and Fungi","floor":31.0,"turns":6.0},{"damage":0.0,"enemies":"Automaton","floor":33.0,"turns":9.0},{"damage":0.0,"enemies":"Orb Walker","floor":35.0,"turns":2.0},{"damage":0.0,"enemies":"3 Shapes","floor":39.0,"turns":6.0},{"damage":0.0,"enemies":"Giant Head","floor":40.0,"turns":9.0},{"damage":4.0,"enemies":"Reptomancer","floor":42.0,"turns":6.0},{"damage":0.0,"enemies":"Writhing Mass","floor":45.0,"turns":6.0},{"damage":7.0,"enemies":"Giant Head","floor":46.0,"turns":10.0},{"damage":6.0,"enemies":"3 Darklings","floor":47.0,"turns":5.0},{"damage":0.0,"enemies":"Donu and Deca","floor":50.0,"turns":7.0},{"damage":24,"enemies":"Time Eater","floor":51,"turns":16},{"damage":38,"enemies":"Shield and Spear","floor":55,"turns":8},{"damage":59,"enemies":"The Heart","floor":56,"turns":10}],"seed_played":"1149065507142094054","potions_obtained":[{"floor":2.0,"key":"Fire Potion"},{"floor":4.0,"key":"Dexterity Potion"},{"floor":14.0,"key":"Regen Potion"},{"floor":22.0,"key":"SpeedPotion"},{"floor":23.0,"key":"Energy Potion"},{"floor":28.0,"key":"Explosive Potion"}],"is_trial":false,"path_per_floor":["M","M","?","M","M","E","R","E","T","E","?","E","T","M","R","B",null,"M","?","T","$","M","E","$","E","T","$","E","M","?","M","R","B",null,"M","?","?","$","M","E","R","E","T","$","M","E","M","?","R","B","B",null,"R","$","E","B",null],"character_chosen":"DEFECT","items_purchased":["Toxic Egg 2","Apotheosis+1","Medical Kit","Loop+1"],"campfire_rested":1,"item_purchase_floors":[21,21,44,54],"current_hp_per_floor":[56,56,71,71,71,70,70,63,63,63,63,57,57,57,57,57,68,57,32,32,32,30,37,37,49,49,49,51,53,53,53,80,91,91,93,89,89,89,91,91,91,89,89,89,89,82,76,76,76,98,74,92,92,92,56,22],"gold":43,"neow_bonus":"BOSS_RELIC","is_prod":false,"is_daily":false,"chose_seed":false,"campfire_upgraded":4,"win_rate":0,"timestamp":1551290063,"path_taken":["M","M","?","M","M","E","R","E","T","E","?","E","?","M","R","BOSS","M","?","?","$","M","E","$","E","T","?","E","?","?","M","R","BOSS","M","?","?","$","M","E","R","E","T","?","?","E","M","?","R","BOSS","BOSS","R","$","E","BOSS"],"build_version":"2019-02-06","purchased_purges":2,"victory":true,"max_hp_per_floor":[71,71,71,71,71,71,71,71,71,71,71,71,71,71,71,71,71,73,75,75,75,75,75,75,87,87,87,89,91,91,91,91,91,91,93,99,94,94,96,96,96,98,98,98,98,98,98,98,98,98,98,98,98,98,100,100],"card_choices":[{"not_picked":["Beam Cell","Compile Driver"],"picked":"Glacier","floor":1.0},{"not_picked":["Stack","Compile Driver"],"picked":"Leap","floor":2.0},{"not_picked":["Chaos","Rebound","Steam"],"picked":"SKIP","floor":4.0},{"not_picked":["Chaos","Beam Cell"],"picked":"Streamline","floor":5.0},{"not_picked":["Recycle","Stack","Beam Cell"],"picked":"SKIP","floor":6.0},{"not_picked":["Coolheaded","FTL"],"picked":"Fission","floor":8.0},{"not_picked":["Reinforced Body","Streamline"],"picked":"Glacier","floor":10.0},{"not_picked":["Coolheaded","Aggregate"],"picked":"Compile Driver","floor":12.0},{"not_picked":["Redo","Gash","Heatsinks"],"picked":"SKIP","floor":14.0},{"not_picked":["Machine Learning","All For One"],"picked":"Fission","floor":16.0},{"not_picked":["Beam Cell","Barrage","Fusion"],"picked":"Singing Bowl","floor":18.0},{"not_picked":["Coolheaded","Rebound","Hologram"],"picked":"Singing Bowl","floor":19.0},{"not_picked":["Cold Snap","Turbo+1"],"picked":"Coolheaded+1","floor":22.0},{"not_picked":["Go for the Eyes","Gash"],"picked":"Biased Cognition","floor":23.0},{"not_picked":["Rebound","Chaos+1","Gash"],"picked":"Singing Bowl","floor":25.0},{"not_picked":["Reinforced Body+1","Beam Cell","Force Field+1"],"picked":"Singing Bowl","floor":28.0},{"not_picked":["Barrage","Auto Shields+1","Loop"],"picked":"Singing Bowl","floor":29.0},{"not_picked":["Cold Snap","Steam Power+1"],"picked":"Conserve Battery+1","floor":31.0},{"not_picked":["Hyperbeam","All For One"],"picked":"Core Surge","floor":33.0},{"not_picked":["Turbo+1","Go for the Eyes","Sweeping Beam"],"picked":"Singing Bowl","floor":35.0},{"not_picked":["Enlightenment+1","Finesse+1","Trip+1"],"picked":"Singing Bowl","floor":36.0},{"not_picked":["Finesse+1","Enlightenment+1","Transmutation+1"],"picked":"Singing Bowl","floor":36.0},{"not_picked":["Chrysalis+1","Forethought+1","Secret Weapon+1"],"picked":"Singing Bowl","floor":36.0},{"not_picked":["Gash","Rebound+1","Force Field+1"],"picked":"Singing Bowl","floor":39.0},{"not_picked":["Streamline","Scrape"],"picked":"Undo+1","floor":40.0},{"not_picked":["Leap+1","Streamline+1","Rebound"],"picked":"Singing Bowl","floor":42.0},{"not_picked":["Lockon+1","Turbo+1"],"picked":"Hologram+1","floor":45.0},{"not_picked":["Loop+1","Scrape"],"picked":"White Noise+1","floor":46.0},{"not_picked":["Capacitor+1","Barrage"],"picked":"Creative AI+1","floor":47.0},{"not_picked":["Barrage+1","Steam+1","Force Field+1"],"picked":"Singing Bowl","floor":55}],"player_experience":955997,"relics_obtained":[{"floor":6.0,"key":"Tiny Chest"},{"floor":8.0,"key":"Bottled Tornado"},{"floor":9.0,"key":"Oddly Smooth Stone"},{"floor":10.0,"key":"Anchor"},{"floor":12.0,"key":"Blue Candle"},{"floor":13.0,"key":"Bottled Flame"},{"floor":17.0,"key":"Orichalcum"},{"floor":17.0,"key":"Singing Bowl"},{"floor":17.0,"key":"Pocketwatch"},{"floor":19.0,"key":"Red Mask"},{"floor":23.0,"key":"StoneCalendar"},{"floor":25.0,"key":"Pear"},{"floor":26.0,"key":"Pantograph"},{"floor":28.0,"key":"Gambling Chip"},{"floor":40.0,"key":"Frozen Egg 2"},{"floor":42.0,"key":"Mummified Hand"},{"floor":43.0,"key":"Gremlin Horn"},{"floor":46.0,"key":"Happy Flower"},{"floor":55,"key":"Emotion Chip"}],"event_choices":[{"damage_healed":17.0,"max_hp_gain":0.0,"max_hp_loss":0.0,"gold_gain":0.0,"event_name":"The Cleric","player_choice":"Healed","floor":3.0,"gold_loss":35.0,"damage_taken":0.0},{"damage_healed":0.0,"max_hp_gain":0.0,"max_hp_loss":0.0,"gold_gain":74.0,"event_name":"Golden Wing","player_choice":"Gained Gold","floor":11.0,"gold_loss":0.0,"damage_taken":0.0},{"damage_healed":0.0,"max_hp_gain":0.0,"max_hp_loss":0.0,"gold_gain":0.0,"event_name":"Masked Bandits","player_choice":"Fought Bandits","floor":19.0,"gold_loss":0.0,"damage_taken":0.0},{"damage_healed":0.0,"max_hp_gain":0.0,"max_hp_loss":0.0,"gold_gain":0.0,"event_name":"Vampires","player_choice":"Ignored","floor":30.0,"gold_loss":0.0,"damage_taken":0.0},{"damage_healed":0.0,"max_hp_gain":0.0,"max_hp_loss":0.0,"gold_gain":0.0,"event_name":"SensoryStone","player_choice":"Memory 3","floor":36.0,"gold_loss":0.0,"damage_taken":10.0},{"damage_healed":0.0,"max_hp_gain":0.0,"max_hp_loss":5.0,"gold_gain":0.0,"event_name":"Winding Halls","player_choice":"Max HP","floor":37.0,"gold_loss":0.0,"damage_taken":0.0},{"cards_removed":["Lockon"],"damage_healed":0.0,"max_hp_gain":0.0,"max_hp_loss":0.0,"gold_gain":0.0,"event_name":"Falling","player_choice":"Removed Attack","floor":48.0,"gold_loss":0.0,"damage_taken":0.0}],"is_beta":true,"boss_relics":[{"not_picked":["Coffee Dripper","Eternal Feather"],"picked":"Calling Bell"},{"not_picked":["Lizard Tail","Cursed Key"],"picked":"Sozu"}],"items_purged_floors":[21,24],"is_endless":false,"potions_floor_spawned":[2,4,5,14,22,23,28,31,33,42,47,55],"ascension_level":20}