{"gold_per_floor":[113,113,127,92,92,117,130,130,130,130,164,179,211,286,286,357,357,372,382,13,25,25,58,58,58,81,106,138,166,212,244,256,343,355,377,400,412,4,50,50,75,75,75,106,106,137,237,249,249,249,249],"floor_reached":52,"playtime":4255,"items_purged":[],"score":2096,"play_id":"7aa0a905-3053-43a8-81a0-a2008dafa374","local_time":"20181231202906","is_ascension_mode":true,"campfire_choices":[{"data":"Zap","floor":8.0,"key":"SMITH"},{"data":"Dualcast","floor":10.0,"key":"SMITH"},{"data":"Buffer","floor":15.0,"key":"SMITH"},{"floor":25.0,"key":"REST"},{"data":"Fission","floor":32.0,"key":"SMITH"},{"floor":40.0,"key":"REST"},{"floor":42.0,"key":"REST"},{"floor":45.0,"key":"REST"},{"data":"Rainbow","floor":49.0,"key":"SMITH"}],"neow_cost":"NONE","seed_source_timestamp":0,"circlet_count":0,"master_deck":["AscendersBane","Strike_B+1","Strike_B","Strike_B","Strike_B","Defend_B","Defend_B","Defend_B+1","Defend_B","Zap+1","Dualcast+1","FTL+1","Steam","All For One+1","Barrage+1","Glacier","Chill+1","Buffer+1","Echo Form","Genetic Algorithm","FTL+1","Coolheaded","Rainbow+1","Glacier","Fission+1","Go for the Eyes+1","Blizzard+1","Go for the Eyes+1","All For One+1","Echo Form","Compile Driver+1","FTL+1","BootSequence","Creative AI+1","Capacitor+1","Conserve Battery+1"],"special_seed":0,"relics":["Cracked Core","NeowsBlessing","Molten Egg 2","WingedGreaves","Bottled Flame","Symbiotic Virus","War Paint","Sozu","Pantograph","Gremlin Horn","MawBank","Dodecahedron","Inserter","Ice Cream","Unceasing Top","Frozen Egg 2","Question Card","Toxic Egg 2","PreservedInsect","Emotion Chip"],"potions_floor_usage":[],"damage_taken":[{"damage":0.0,"enemies":"2 Louse","floor":1.0,"turns":1.0},{"damage":0.0,"enemies":"Small Slimes","floor":3.0,"turns":1.0},{"damage":0.0,"enemies":"Gremlin Nob","floor":6.0,"turns":1.0},{"damage":1.0,"enemies":"Cultist","floor":7.0,"turns":3.0},{"damage":3.0,"enemies":"3 Sentries","floor":11.0,"turns":5.0},{"damage":3.0,"enemies":"Exordium Thugs","floor":12.0,"turns":3.0},{"damage":0.0,"enemies":"Gremlin Nob","floor":13.0,"turns":2.0},{"damage":4.0,"enemies":"The Guardian","floor":16.0,"turns":10.0},{"damage":0.0,"enemies":"2 Thieves","floor":18.0,"turns":4.0},{"damage":0.0,"enemies":"Spheric Guardian","floor":19.0,"turns":4.0},{"damage":0.0,"enemies":"Centurion and Healer","floor":21.0,"turns":5.0},{"damage":25.0,"enemies":"Slavers","floor":23.0,"turns":9.0},{"damage":7.0,"enemies":"Snake Plant","floor":27.0,"turns":4.0},{"damage":0.0,"enemies":"Snecko","floor":28.0,"turns":6.0},{"damage":0.0,"enemies":"Shelled Parasite and Fungi","floor":29.0,"turns":7.0},{"damage":9.0,"enemies":"Book of Stabbing","floor":30.0,"turns":8.0},{"damage":14.0,"enemies":"Cultist and Chosen","floor":31.0,"turns":6.0},{"damage":33.0,"enemies":"Collector","floor":33.0,"turns":12.0},{"damage":0.0,"enemies":"3 Darklings","floor":35.0,"turns":5.0},{"damage":0.0,"enemies":"Orb Walker","floor":36.0,"turns":4.0},{"damage":32.0,"enemies":"2 Orb Walkers","floor":39.0,"turns":5.0},{"damage":22.0,"enemies":"Nemesis","floor":41.0,"turns":9.0},{"damage":14.0,"enemies":"Reptomancer","floor":44.0,"turns":6.0},{"damage":2.0,"enemies":"Giant Head","floor":46.0,"turns":8.0},{"damage":0.0,"enemies":"Mind Bloom Boss Battle","floor":47.0,"turns":7.0},{"damage":10.0,"enemies":"Writhing Mass","floor":48.0,"turns":9.0},{"damage":31,"enemies":"Donu and Deca","floor":50,"turns":11},{"damage":44,"enemies":"Time Eater","floor":51,"turns":13}],"seed_played":"-400434127956336405","potions_obtained":[{"floor":1.0,"key":"EssenceOfSteel"},{"floor":12.0,"key":"FearPotion"}],"is_trial":false,"path_per_floor":["M","?","M","?","?","E","M","R","T","R","E","M","E","?","R","B",null,"M","M","$","M","?","$","R","T","M","M","M","E","M","R","B",null,"M","M","?","$","?","R","E","R","T","E","R","E","?","M","R","B",null],"character_chosen":"DEFECT","items_purchased":["Pantograph","FTL+1","Ice Cream","FTL+1"],"campfire_rested":4,"item_purchase_floors":[20,20,38,38],"current_hp_per_floor":[64,43,43,60,49,49,48,48,48,48,45,42,42,31,31,27,60,60,60,60,60,60,35,35,56,56,49,49,49,40,26,26,18,58,58,58,58,58,26,47,25,46,46,32,53,51,71,61,61,40,21],"gold":249,"neow_bonus":"THREE_ENEMY_KILL","is_prod":false,"is_daily":false,"chose_seed":false,"campfire_upgraded":5,"win_rate":0,"timestamp":1546284546,"path_taken":["M","?","M","?","?","E","M","R","T","R","E","M","E","?","R","BOSS","M","M","$","M","?","E","?","R","T","M","M","?","E","?","R","BOSS","M","?","?","$","?","R","E","R","T","E","R","E","?","M","R","BOSS","BOSS"],"build_version":"2018-12-25","purchased_purges":0,"victory":true,"max_hp_per_floor":[71,71,71,71,71,71,71,71,71,71,71,71,71,71,71,71,71,71,71,71,71,71,71,71,71,71,71,71,71,71,71,71,71,71,71,71,71,71,71,71,71,71,71,71,71,71,71,71,71,71,71],"card_choices":[{"not_picked":["Force Field","Go for the Eyes"],"picked":"FTL","floor":1.0},{"not_picked":["Gash","Compile Driver"],"picked":"Steam","floor":3.0},{"not_picked":["Rip and Tear+1","Cold Snap+1"],"picked":"All For One+1","floor":6.0},{"not_picked":["Turbo","Static Discharge"],"picked":"Barrage+1","floor":7.0},{"not_picked":["Blizzard+1","Aggregate"],"picked":"Glacier","floor":11.0},{"not_picked":["Ball Lightning+1","Leap"],"picked":"Chill","floor":12.0},{"not_picked":["Stack","White Noise"],"picked":"Buffer","floor":13.0},{"not_picked":["Reboot","Rainbow"],"picked":"Echo Form","floor":16.0},{"not_picked":["Cold Snap+1","Steam"],"picked":"Genetic Algorithm","floor":18.0},{"not_picked":["Darkness","Rip and Tear+1"],"picked":"Leap+1","floor":19.0},{"not_picked":["Darkness","Rip and Tear+1"],"picked":"Coolheaded","floor":21.0},{"not_picked":["Force Field","Redo"],"picked":"Glacier","floor":23.0},{"not_picked":["Conserve Battery","Compile Driver+1"],"picked":"Fission","floor":27.0},{"not_picked":["Turbo","Rebound+1"],"picked":"Go for the Eyes+1","floor":28.0},{"not_picked":["Rebound+1","Storm"],"picked":"Blizzard+1","floor":29.0},{"not_picked":["Auto Shields","Conserve Battery"],"picked":"Go for the Eyes+1","floor":30.0},{"not_picked":["Cold Snap+1","Streamline+1"],"picked":"All For One+1","floor":31.0},{"not_picked":["Meteor Strike+1","Thunder Strike+1"],"picked":"Echo Form","floor":33.0},{"not_picked":["Steam Power+1","Gash+1"],"picked":"Compile Driver+1","floor":35.0},{"not_picked":["Streamline+1","Stack+1","Barrage+1"],"picked":"SKIP","floor":36.0},{"not_picked":["Streamline+1","Conserve Battery"],"picked":"BootSequence","floor":39.0},{"not_picked":["Conserve Battery","Blizzard+1"],"picked":"Creative AI","floor":41.0},{"not_picked":["Rip and Tear+1","Sunder+1","Coolheaded+1","Force Field"],"picked":"SKIP","floor":44.0},{"not_picked":["Self Repair+1","Streamline+1","Leap+1"],"picked":"Capacitor+1","floor":46.0},{"not_picked":["Beam Cell+1","Compile Driver+1","Go for the Eyes+1"],"picked":"Conserve Battery+1","floor":47.0},{"not_picked":["Leap+1","Sweeping Beam+1","Stack+1","Compile Driver+1"],"picked":"SKIP","floor":48.0}],"player_experience":886957,"relics_obtained":[{"floor":6.0,"key":"WingedGreaves"},{"floor":9.0,"key":"Bottled Flame"},{"floor":11.0,"key":"Symbiotic Virus"},{"floor":13.0,"key":"War Paint"},{"floor":23.0,"key":"Gremlin Horn"},{"floor":26.0,"key":"MawBank"},{"floor":30.0,"key":"Dodecahedron"},{"floor":39.0,"key":"Unceasing Top"},{"floor":41.0,"key":"Frozen Egg 2"},{"floor":43.0,"key":"Question Card"},{"floor":44.0,"key":"Toxic Egg 2"},{"floor":46.0,"key":"PreservedInsect"},{"floor":47.0,"key":"Emotion Chip"}],"event_choices":[{"damage_healed":0.0,"max_hp_gain":0.0,"max_hp_loss":0.0,"gold_gain":0.0,"event_name":"Shining Light","player_choice":"Entered Light","floor":2.0,"gold_loss":0.0,"damage_taken":21.0,"cards_upgraded":["Strike_B","FTL"]},{"damage_healed":17.0,"max_hp_gain":0.0,"max_hp_loss":0.0,"gold_gain":0.0,"event_name":"The Cleric","player_choice":"Healed","floor":4.0,"gold_loss":35.0,"damage_taken":0.0},{"damage_healed":0.0,"max_hp_gain":0.0,"max_hp_loss":0.0,"gold_gain":0.0,"event_name":"Scrap Ooze","player_choice":"Success","floor":5.0,"gold_loss":0.0,"damage_taken":11.0,"relics_obtained":["Molten Egg 2"]},{"damage_healed":0.0,"max_hp_gain":0.0,"max_hp_loss":0.0,"gold_gain":75.0,"event_name":"World of Goop","player_choice":"Gather Gold","floor":14.0,"gold_loss":0.0,"damage_taken":11.0},{"damage_healed":0.0,"max_hp_gain":0.0,"max_hp_loss":0.0,"gold_gain":0.0,"event_name":"Match and Keep!","player_choice":"1 cards matched","floor":22.0,"gold_loss":0.0,"damage_taken":0.0,"cards_obtained":["Rainbow"]},{"cards_removed":["Leap"],"damage_healed":0.0,"max_hp_gain":0.0,"max_hp_loss":0.0,"gold_gain":0.0,"event_name":"Falling","player_choice":"Removed Skill","floor":37.0,"gold_loss":0.0,"damage_taken":0.0},{"damage_healed":0.0,"max_hp_gain":0.0,"max_hp_loss":0.0,"gold_gain":0.0,"event_name":"Mysterious Sphere","player_choice":"Fight","floor":39.0,"gold_loss":0.0,"damage_taken":0.0},{"damage_healed":0.0,"max_hp_gain":0.0,"max_hp_loss":0.0,"gold_gain":0.0,"event_name":"MindBloom","player_choice":"Fight","floor":47.0,"gold_loss":0.0,"damage_taken":0.0}],"is_beta":true,"boss_relics":[{"not_picked":["Lizard Tail","Runic Pyramid"],"picked":"Sozu"},{"not_picked":["Eternal Feather","Nuclear Battery"],"picked":"Inserter"}],"items_purged_floors":[],"is_endless":false,"potions_floor_spawned":[1,12,19,21,23,28,30,31,35,36,44,46],"ascension_level":20}