{"gold_per_floor":[113,128,98,109,122,122,151,151,151,151,170,77,77,77,77,182,182,201,217,142,142,142,142,172,172,222,222,240,78,92,182,182,279,279,296,315,326,346,157,157,175,175,175,227,227,252,271,190,190,190,190,190,63,94,94],"floor_reached":56,"playtime":13362,"items_purged":["Strike_G"],"score":1190,"play_id":"dce548fc-4711-40d6-a013-c0643392cd6d","local_time":"20190214012214","is_ascension_mode":true,"campfire_choices":[{"data":"Adrenaline","floor":6.0,"key":"SMITH"},{"data":"Neutralize","floor":8.0,"key":"SMITH"},{"data":"Prepared","floor":10.0,"key":"SMITH"},{"data":"Backflip","floor":15.0,"key":"SMITH"},{"data":"Finisher","floor":23.0,"key":"SMITH"},{"data":"Phantasmal Killer","floor":27.0,"key":"SMITH"},{"floor":32.0,"key":"REST"},{"data":"Cloak And Dagger","floor":40.0,"key":"SMITH"},{"data":"Apotheosis","floor":45.0,"key":"SMITH"},{"floor":49.0,"key":"RECALL"},{"data":"Calculated Gamble","floor":52.0,"key":"SMITH"}],"neow_cost":"NONE","seed_source_timestamp":0,"circlet_count":0,"master_deck":["Defend_G","Defend_G","Defend_G","Defend_G","Strike_G","Strike_G","Strike_G","Survivor","Neutralize+1","Finisher+1","Blade Dance","Blade Dance","Adrenaline+1","Prepared+1","Footwork","Backflip+1","Phantasmal Killer+1","Cloak And Dagger+1","Infinite Blades+1","Footwork","Outmaneuver","Tools of the Trade","PanicButton","After Image","Tactician+1","Concentrate","Secret Weapon","Apotheosis+1","Backflip+1","Finisher","Calculated Gamble+1","Infinite Blades"],"special_seed":0,"relics":["Ring of the Snake","Pen Nib","Bronze Scales","Runic Pyramid","Ornamental Fan","Centennial Puzzle","WristBlade","Tough Bandages","Happy Flower","Sundial"],"potions_floor_usage":[55],"damage_taken":[{"damage":0.0,"enemies":"Small Slimes","floor":1.0,"turns":3.0},{"damage":4.0,"enemies":"Cultist","floor":2.0,"turns":3.0},{"damage":0.0,"enemies":"2 Louse","floor":4.0,"turns":3.0},{"damage":6.0,"enemies":"2 Fungi Beasts","floor":5.0,"turns":4.0},{"damage":0.0,"enemies":"Gremlin Nob","floor":7.0,"turns":2.0},{"damage":2.0,"enemies":"Looter","floor":11.0,"turns":2.0},{"damage":10.0,"enemies":"The Guardian","floor":16.0,"turns":13.0},{"damage":0.0,"enemies":"Shell Parasite","floor":18.0,"turns":4.0},{"damage":0.0,"enemies":"Chosen","floor":19.0,"turns":3.0},{"damage":1.0,"enemies":"Slavers","floor":24.0,"turns":5.0},{"damage":9.0,"enemies":"Snake Plant","floor":28.0,"turns":4.0},{"damage":0.0,"enemies":"Centurion and Healer","floor":30.0,"turns":5.0},{"damage":19.0,"enemies":"Collector","floor":33.0,"turns":5.0},{"damage":5.0,"enemies":"3 Darklings","floor":35.0,"turns":4.0},{"damage":3.0,"enemies":"Orb Walker","floor":36.0,"turns":4.0},{"damage":8.0,"enemies":"Writhing Mass","floor":37.0,"turns":3.0},{"damage":4.0,"enemies":"4 Shapes","floor":38.0,"turns":5.0},{"damage":0.0,"enemies":"Maw","floor":41.0,"turns":6.0},{"damage":2.0,"enemies":"2 Orb Walkers","floor":44.0,"turns":4.0},{"damage":3.0,"enemies":"Reptomancer","floor":46.0,"turns":3.0},{"damage":0.0,"enemies":"Spire Growth","floor":47.0,"turns":3.0},{"damage":13.0,"enemies":"Time Eater","floor":50.0,"turns":7.0},{"damage":19,"enemies":"Shield and Spear","floor":54,"turns":5},{"damage":38,"enemies":"The Heart","floor":55,"turns":9}],"seed_played":"6632308924117716671","potions_obtained":[{"floor":1.0,"key":"SpeedPotion"},{"floor":3.0,"key":"PowerPotion"},{"floor":3.0,"key":"Dexterity Potion"},{"floor":5.0,"key":"SkillPotion"},{"floor":7.0,"key":"GhostInAJar"},{"floor":28.0,"key":"Ancient Potion"},{"floor":30.0,"key":"Fire Potion"},{"floor":33.0,"key":"Explosive Potion"},{"floor":35.0,"key":"SteroidPotion"},{"floor":41.0,"key":"PowerPotion"},{"floor":44.0,"key":"GhostInAJar"},{"floor":46.0,"key":"Block Potion"},{"floor":47.0,"key":"PowerPotion"}],"is_trial":false,"path_per_floor":["M","M","?","M","M","R","E","R","T","R","M","$","?","?","R","B",null,"M","M","?","?","$","R","E","$","T","R","M","$","M","?","R","B",null,"M","M","M","M","$","R","M","?","T","?","R","E","M","$","R","B",null,"R","$","E","B",null],"character_chosen":"THE_SILENT","items_purchased":["Footwork","Backflip","Tools of the Trade","Concentrate","GhostInAJar","Calculated Gamble","Infinite Blades","Fire Potion"],"campfire_rested":1,"item_purchase_floors":[12,12,29,39,39,48,53,53],"current_hp_per_floor":[77,73,73,73,67,67,67,67,67,67,65,65,58,63,63,53,82,82,82,82,82,82,82,81,81,81,81,72,72,72,48,72,53,82,77,74,66,62,62,62,62,57,57,55,55,52,52,52,52,39,82,82,82,63,25],"gold":94,"neow_bonus":"TEN_PERCENT_HP_BONUS","is_prod":false,"is_daily":false,"chose_seed":false,"campfire_upgraded":9,"win_rate":0,"timestamp":1550103734,"path_taken":["M","M","?","?","M","R","E","R","T","R","M","$","?","?","R","BOSS","M","M","?","?","$","R","E","$","T","R","M","$","M","?","R","BOSS","M","M","M","M","$","R","M","?","T","?","R","E","M","$","R","BOSS","R","$","E","BOSS"],"build_version":"2019-01-23","purchased_purges":1,"victory":true,"max_hp_per_floor":[77,77,77,77,77,77,77,77,77,77,77,77,77,82,82,82,82,82,82,82,82,82,82,82,82,82,82,82,82,82,82,82,82,82,82,82,82,82,82,82,82,82,82,82,82,82,82,82,82,82,82,82,82,82,82],"card_choices":[{"not_picked":["Choke","Crippling Poison"],"picked":"Finisher","floor":1.0},{"not_picked":["Acrobatics","Setup"],"picked":"Blade Dance","floor":2.0},{"not_picked":["Eviscerate","Deadly Poison"],"picked":"Blade Dance","floor":4.0},{"not_picked":["Sucker Punch","Distraction"],"picked":"Adrenaline","floor":5.0},{"not_picked":["Deflect","Masterful Stab"],"picked":"Prepared","floor":7.0},{"not_picked":["Slice","Acrobatics","PiercingWail"],"picked":"SKIP","floor":11.0},{"not_picked":["Wraith Form v2","Bullet Time"],"picked":"Phantasmal Killer","floor":16.0},{"not_picked":["Distraction+1","Backflip+1"],"picked":"Cloak And Dagger","floor":18.0},{"not_picked":["Deadly Poison","Bouncing Flask"],"picked":"Infinite Blades+1","floor":19.0},{"not_picked":["Dagger Throw","Slice+1"],"picked":"Footwork","floor":24.0},{"not_picked":["Skewer","Sucker Punch"],"picked":"Outmaneuver","floor":28.0},{"not_picked":["Flying Knee","Caltrops+1","Skewer"],"picked":"SKIP","floor":30.0},{"not_picked":["Venomology","Glass Knife"],"picked":"After Image","floor":33.0},{"not_picked":["Reflex+1","Poisoned Stab+1"],"picked":"Tactician+1","floor":35.0},{"not_picked":["Leg Sweep+1","Acrobatics","Bane"],"picked":"SKIP","floor":36.0},{"not_picked":["Sucker Punch","Backflip","Quick Slash+1"],"picked":"SKIP","floor":37.0},{"not_picked":["Sucker Punch+1","Heel Hook","Poisoned Stab"],"picked":"SKIP","floor":38.0},{"not_picked":["Distraction+1","Envenom","Setup"],"picked":"SKIP","floor":41.0},{"not_picked":["The Bomb","Sadistic Nature"],"picked":"Secret Weapon","floor":42.0},{"not_picked":["Swift Strike","Dramatic Entrance"],"picked":"Apotheosis","floor":42.0},{"not_picked":["Dagger Spray","Bouncing Flask"],"picked":"Backflip+1","floor":46.0},{"not_picked":["Underhanded Strike","Acrobatics"],"picked":"Finisher","floor":47.0},{"not_picked":["Skewer+1","Dagger Spray+1","Cloak And Dagger"],"picked":"SKIP","floor":54}],"player_experience":179956,"relics_obtained":[{"floor":7.0,"key":"Pen Nib"},{"floor":9.0,"key":"Bronze Scales"},{"floor":24.0,"key":"Ornamental Fan"},{"floor":26.0,"key":"Centennial Puzzle"},{"floor":44.0,"key":"Tough Bandages"},{"floor":46.0,"key":"Happy Flower"},{"floor":54,"key":"Sundial"}],"event_choices":[{"damage_healed":0.0,"max_hp_gain":0.0,"max_hp_loss":0.0,"gold_gain":0.0,"event_name":"The Woman in Blue","player_choice":"Bought 2 Potions","floor":3.0,"gold_loss":0.0,"damage_taken":0.0},{"cards_removed":["Defend_G"],"damage_healed":0.0,"max_hp_gain":0.0,"max_hp_loss":0.0,"gold_gain":0.0,"event_name":"Golden Wing","player_choice":"Card Removal","floor":13.0,"gold_loss":0.0,"damage_taken":7.0},{"damage_healed":0.0,"max_hp_gain":5.0,"max_hp_loss":0.0,"gold_gain":0.0,"event_name":"Big Fish","player_choice":"Donut","floor":14.0,"gold_loss":0.0,"damage_taken":0.0},{"cards_removed":["Strike_G"],"damage_healed":0.0,"max_hp_gain":0.0,"max_hp_loss":0.0,"gold_gain":0.0,"event_name":"Beggar","player_choice":"Gave Gold","floor":20.0,"gold_loss":75.0,"damage_taken":0.0},{"damage_healed":0.0,"max_hp_gain":0.0,"max_hp_loss":0.0,"gold_gain":0.0,"event_name":"Ghosts","player_choice":"Ignored","floor":21.0,"gold_loss":0.0,"damage_taken":0.0},{"damage_healed":0.0,"max_hp_gain":0.0,"max_hp_loss":0.0,"gold_gain":90.0,"event_name":"Knowing Skull","player_choice":"CARD GOLD ","floor":31.0,"potions_obtained":[],"gold_loss":0.0,"damage_taken":24.0,"cards_obtained":["PanicButton"]},{"damage_healed":0.0,"max_hp_gain":0.0,"max_hp_loss":0.0,"gold_gain":0.0,"event_name":"SensoryStone","player_choice":"Memory 2","floor":42.0,"gold_loss":0.0,"damage_taken":5.0},{"damage_healed":0.0,"max_hp_gain":0.0,"max_hp_loss":0.0,"gold_gain":0.0,"event_name":"Mysterious Sphere","player_choice":"Fight","floor":44.0,"gold_loss":0.0,"damage_taken":0.0}],"is_beta":false,"boss_relics":[{"not_picked":["Ectoplasm","Fusion Hammer"],"picked":"Runic Pyramid"},{"not_picked":["Velvet Choker","Runic Dome"],"picked":"WristBlade"}],"items_purged_floors":[39],"is_endless":false,"potions_floor_spawned":[1,5,7,28,30,33,35,41,44,46,47],"ascension_level":1}