{"gold_per_floor":[114,129,45,45,45,60,60,75,75,90,14,29,44,59,59,159,159,174,189,204,204,219,219,15,15,90,105,105],"floor_reached":28,"playtime":2418,"items_purged":["Strike_G"],"score":291,"play_id":"c0a84abc-16ec-4c66-96d6-e707d1fde488","local_time":"20190222235514","daily_mods":["Cursed Run","Vintage","Lethality"],"is_ascension_mode":false,"campfire_choices":[{"data":"Noxious Fumes","floor":7,"key":"SMITH"},{"data":"Neutralize","floor":15,"key":"SMITH"},{"floor":23,"key":"REST"}],"neow_cost":"","seed_source_timestamp":0,"circlet_count":0,"master_deck":["Defend_G","Defend_G","Defend_G","Defend_G","Defend_G","Strike_G","Strike_G","Strike_G","Strike_G","Survivor","Neutralize+1","Deadly Poison","Noxious Fumes+1","Doubt","Quick Slash","Decay","Envenom","Bane","The Bomb","Dodge and Roll","Regret"],"special_seed":17950,"relics":["Cursed Key","Darkstone Periapt","Du-Vu Doll","FossilizedHelix","Shuriken","Regal Pillow","Kunai","Smiling Mask","Torii","Boot","Pen Nib","Velvet Choker","Dream Catcher","Thread and Needle","Ancient Tea Set","Nloth\u0027s Gift","Gremlin Horn","Toxic Egg 2","Dead Branch"],"potions_floor_usage":[8,10,16,16,16,20,22,28],"damage_taken":[{"damage":0,"enemies":"Jaw Worm","floor":1,"turns":3},{"damage":0,"enemies":"2 Louse","floor":2,"turns":3},{"damage":0,"enemies":"Cultist","floor":6,"turns":3},{"damage":0,"enemies":"Blue Slaver","floor":8,"turns":3},{"damage":0,"enemies":"Exordium Thugs","floor":10,"turns":3},{"damage":0,"enemies":"Looter","floor":12,"turns":4},{"damage":7,"enemies":"Gremlin Gang","floor":13,"turns":3},{"damage":6,"enemies":"3 Louse","floor":14,"turns":4},{"damage":0,"enemies":"Hexaghost","floor":16,"turns":6},{"damage":22,"enemies":"Spheric Guardian","floor":18,"turns":4},{"damage":22,"enemies":"2 Thieves","floor":19,"turns":4},{"damage":0,"enemies":"Snecko","floor":20,"turns":5},{"damage":20,"enemies":"Sentry and Sphere","floor":22,"turns":6},{"damage":50,"enemies":"Chosen and Byrds","floor":27,"turns":6},{"damage":16,"enemies":"Snake Plant","floor":28,"turns":3}],"seed_played":"7047609916602226335","potions_obtained":[{"floor":2,"key":"GhostInAJar"},{"floor":5,"key":"Ancient Potion"},{"floor":5,"key":"SpeedPotion"},{"floor":5,"key":"Explosive Potion"},{"floor":8,"key":"GamblersBrew"},{"floor":10,"key":"Poison Potion"},{"floor":14,"key":"PowerPotion"},{"floor":18,"key":"SpeedPotion"},{"floor":20,"key":"Poison Potion"},{"floor":27,"key":"Weak Potion"}],"is_trial":false,"path_per_floor":["M","M","$","?","?","M","R","M","T","M","$","M","M","M","R","B",null,"M","M","M","?","M","R","$","$","T","M","M"],"character_chosen":"THE_SILENT","items_purchased":["Deadly Poison","Noxious Fumes","Quick Slash","The Bomb","Dodge and Roll"],"campfire_rested":1,"item_purchase_floors":[3,3,11,24,24],"current_hp_per_floor":[70,70,70,70,70,70,70,70,76,76,76,76,69,63,63,69,82,60,38,38,38,18,57,57,57,63,13,0],"gold":105,"neow_bonus":"","is_prod":false,"is_daily":true,"chose_seed":false,"campfire_upgraded":2,"win_rate":0,"timestamp":1550901314,"path_taken":["M","M","$","?","?","M","R","M","T","M","$","?","M","M","R","BOSS","M","M","M","?","M","R","?","$","T","M","?"],"build_version":"2019-01-23","purchased_purges":1,"victory":false,"max_hp_per_floor":[70,70,70,70,70,70,70,70,76,76,76,76,76,76,76,82,82,82,82,82,82,82,82,82,82,88,88,88],"card_choices":[{"not_picked":["Unload","Wraith Form v2"],"picked":"Envenom","floor":16},{"not_picked":["Finisher","Tactician"],"picked":"Bane","floor":23}],"player_experience":143655,"relics_obtained":[{"floor":1,"key":"FossilizedHelix"},{"floor":2,"key":"Orichalcum"},{"floor":6,"key":"Shuriken"},{"floor":8,"key":"Regal Pillow"},{"floor":9,"key":"Kunai"},{"floor":10,"key":"Smiling Mask"},{"floor":12,"key":"Torii"},{"floor":13,"key":"Boot"},{"floor":14,"key":"Pen Nib"},{"floor":18,"key":"Dream Catcher"},{"floor":19,"key":"Thread and Needle"},{"floor":20,"key":"Ancient Tea Set"},{"floor":22,"key":"Gremlin Horn"},{"floor":26,"key":"Toxic Egg 2"},{"floor":27,"key":"Dead Branch"}],"event_choices":[{"damage_healed":0,"gold_gain":0,"player_choice":"Ignored","damage_taken":0,"max_hp_gain":0,"max_hp_loss":0,"event_name":"Shining Light","floor":4,"gold_loss":0},{"damage_healed":0,"gold_gain":0,"player_choice":"Got Potions","damage_taken":0,"max_hp_gain":0,"max_hp_loss":0,"event_name":"Lab","floor":5,"gold_loss":0},{"damage_healed":0,"gold_gain":0,"player_choice":"Traded Relic","damage_taken":0,"relics_obtained":["Nloth\u0027s Gift"],"max_hp_gain":0,"max_hp_loss":0,"event_name":"N\u0027loth","floor":21,"relics_lost":["Orichalcum"],"gold_loss":0}],"is_beta":false,"boss_relics":[{"not_picked":["Fusion Hammer","Orrery"],"picked":"Velvet Choker"}],"items_purged_floors":[11],"is_endless":false,"potions_floor_spawned":[2,8,10,13,14,18,20,27],"killed_by":"Snake Plant","ascension_level":0}