{"gold_per_floor":[111,111,129,129,147,147,147,178,216,260,272,299,384,33,33,111,111,127,107,123,123,143,143,143],"floor_reached":24,"playtime":718,"items_purged":["Strike_B"],"score":398,"play_id":"c68d6e65-e5e6-4b9e-8863-ef45865fe44d","local_time":"20181221121908","is_ascension_mode":true,"campfire_choices":[{"data":"Electrodynamics","floor":6.0,"key":"SMITH"},{"floor":15.0,"key":"REST"},{"floor":23,"key":"REST"}],"neow_cost":"NONE","seed_source_timestamp":12058705571049,"circlet_count":0,"master_deck":["AscendersBane","Strike_B","Strike_B","Defend_B","Defend_B","Defend_B+1","Defend_B+1","Zap+1","Dualcast+1","Conserve Battery","Electrodynamics+1","Cold Snap","Ball Lightning","Capacitor","BootSequence","White Noise","Thunder Strike+1","Echo Form","Go for the Eyes+1","Cold Snap+1"],"special_seed":0,"relics":["Cracked Core","NeowsBlessing","MawBank","Smiling Mask","Unceasing Top","Girya","Molten Egg 2","War Paint","Busted Crown"],"potions_floor_usage":[],"damage_taken":[{"damage":0.0,"enemies":"Cultist","floor":1.0,"turns":1.0},{"damage":0.0,"enemies":"Small Slimes","floor":3.0,"turns":1.0},{"damage":0.0,"enemies":"2 Louse","floor":5.0,"turns":1.0},{"damage":6.0,"enemies":"Lagavulin","floor":8.0,"turns":6.0},{"damage":11.0,"enemies":"3 Sentries","floor":10.0,"turns":4.0},{"damage":7.0,"enemies":"Large Slime","floor":12.0,"turns":4.0},{"damage":25.0,"enemies":"Slime Boss","floor":16.0,"turns":8.0},{"damage":8.0,"enemies":"Shell Parasite","floor":18.0,"turns":6.0},{"damage":16.0,"enemies":"2 Thieves","floor":20.0,"turns":3.0},{"damage":13,"enemies":"Chosen and Byrds","floor":22,"turns":4},{"damage":60,"enemies":"Gremlin Leader","floor":24,"turns":4}],"seed_played":"4313153256514318530","potions_obtained":[{"floor":3.0,"key":"Weak Potion"},{"floor":5.0,"key":"Block Potion"},{"floor":16.0,"key":"EntropicBrew"},{"floor":19.0,"key":"FairyPotion"}],"is_trial":false,"path_per_floor":["M","?","M","?","M","R","?","E","T","E","?","M","T","$","R","B",null,"M","?","M","?","M","R","E"],"character_chosen":"DEFECT","items_purchased":["War Paint","Thunder Strike+1"],"campfire_rested":2,"item_purchase_floors":[14,14],"current_hp_per_floor":[64,64,64,43,43,43,66,60,60,49,23,16,16,16,37,12,56,48,48,32,32,19,40,0],"gold":143,"neow_bonus":"THREE_ENEMY_KILL","is_prod":false,"is_daily":false,"chose_seed":false,"campfire_upgraded":1,"win_rate":0,"timestamp":1545391148,"path_taken":["M","?","?","?","M","R","?","E","T","E","?","M","?","?","R","BOSS","M","?","?","?","M","R","E"],"build_version":"2018-12-20","purchased_purges":1,"victory":false,"max_hp_per_floor":[71,71,71,71,71,71,71,71,71,71,71,71,71,71,71,71,71,71,71,71,71,71,71,71],"card_choices":[{"not_picked":["Loop","Lockon"],"picked":"Conserve Battery","floor":1.0},{"not_picked":["Redo","Stack"],"picked":"Cold Snap","floor":3.0},{"not_picked":["Turbo","Conserve Battery"],"picked":"Ball Lightning","floor":5.0},{"not_picked":["Echo Form","Double Energy"],"picked":"Capacitor","floor":8.0},{"not_picked":["FTL","Streamline"],"picked":"BootSequence","floor":10.0},{"not_picked":["Gash","Rebound"],"picked":"White Noise","floor":12.0},{"not_picked":["Reboot","Electrodynamics"],"picked":"Echo Form","floor":16.0},{"not_picked":[],"picked":"Go for the Eyes+1","floor":18.0},{"not_picked":[],"picked":"Cold Snap+1","floor":20.0},{"not_picked":["Blizzard+1"],"picked":"SKIP","floor":22}],"player_experience":854031,"relics_obtained":[{"floor":8.0,"key":"MawBank"},{"floor":9.0,"key":"Smiling Mask"},{"floor":10.0,"key":"Unceasing Top"},{"floor":13.0,"key":"Molten Egg 2"}],"event_choices":[{"damage_healed":0.0,"max_hp_gain":0.0,"max_hp_loss":0.0,"gold_gain":0.0,"cards_transformed":["Strike_B"],"event_name":"Transmorgrifier","player_choice":"Transformed","floor":2.0,"gold_loss":0.0,"damage_taken":0.0,"cards_obtained":["Electrodynamics"]},{"damage_healed":0.0,"max_hp_gain":0.0,"max_hp_loss":0.0,"gold_gain":0.0,"event_name":"Shining Light","player_choice":"Entered Light","floor":4.0,"gold_loss":0.0,"damage_taken":21.0,"cards_upgraded":["Zap","Defend_B"]},{"damage_healed":23.0,"max_hp_gain":0.0,"max_hp_loss":0.0,"gold_gain":0.0,"event_name":"Big Fish","player_choice":"Banana","floor":7.0,"gold_loss":0.0,"damage_taken":0.0},{"damage_healed":0.0,"max_hp_gain":0.0,"max_hp_loss":0.0,"gold_gain":0.0,"event_name":"Scrap Ooze","player_choice":"Success","floor":11.0,"gold_loss":0.0,"damage_taken":26.0,"relics_obtained":["Girya"]},{"damage_healed":0.0,"max_hp_gain":0.0,"max_hp_loss":0.0,"gold_gain":0.0,"event_name":"The Woman in Blue","player_choice":"Bought 1 Potion","floor":19.0,"gold_loss":0.0,"damage_taken":0.0},{"damage_healed":0.0,"max_hp_gain":0.0,"max_hp_loss":0.0,"gold_gain":0.0,"event_name":"Cursed Tome","player_choice":"Ignored","floor":21.0,"gold_loss":0.0,"damage_taken":0.0}],"is_beta":true,"boss_relics":[{"not_picked":["Lizard Tail","Tiny House"],"picked":"Busted Crown"}],"items_purged_floors":[14],"is_endless":false,"potions_floor_spawned":[3,5,16,20],"killed_by":"Gremlin Leader","ascension_level":19}