{"gold_per_floor":[112,127,52,52,52,52,64,64,87,124,36,111,127,148,148,148],"floor_reached":16,"playtime":878,"items_purged":["Pain","Doubt"],"score":95,"play_id":"bc3dbff1-c0bc-4b99-a764-817ad65d185d","local_time":"20181104213005","is_ascension_mode":true,"campfire_choices":[{"floor":6,"key":"REST"},{"floor":15,"key":"REST"}],"neow_cost":"NONE","seed_source_timestamp":2239270350630362,"circlet_count":0,"master_deck":["Strike_R","Strike_R","Strike_R","Strike_R","Strike_R+1","Defend_R","Defend_R","Defend_R","Defend_R+1","Bash","Parasite","Pummel","Twin Strike","Feel No Pain","Rampage"],"relics":["Calling Bell","Vajra","Pocketwatch","Sundial","Golden Idol","MawBank","Dream Catcher"],"potions_floor_usage":[],"damage_taken":[{"damage":16,"enemies":"Cultist","floor":1,"turns":6},{"damage":4,"enemies":"2 Louse","floor":2,"turns":3},{"damage":6,"enemies":"Jaw Worm","floor":7,"turns":2},{"damage":0,"enemies":"Looter","floor":13,"turns":4},{"damage":9,"enemies":"3 Louse","floor":14,"turns":5},{"damage":76,"enemies":"Hexaghost","floor":16,"turns":9}],"seed_played":"-7541740158234524107","potions_obtained":[{"floor":7,"key":"Regen Potion"},{"floor":13,"key":"SkillPotion"}],"is_trial":false,"path_per_floor":["M","M","$","?","?","R","M","?","T","T","$","?","M","M","R","B"],"character_chosen":"IRONCLAD","items_purchased":[],"campfire_rested":2,"item_purchase_floors":[],"current_hp_per_floor":[64,60,60,65,48,73,67,67,67,67,67,60,60,51,74,0],"gold":148,"neow_bonus":"BOSS_RELIC","is_prod":false,"is_daily":false,"chose_seed":false,"campfire_upgraded":0,"win_rate":0,"timestamp":1541388605,"path_taken":["M","M","$","?","?","R","M","?","T","?","$","?","M","M","R","BOSS"],"build_version":"2018-11-01","purchased_purges":2,"victory":false,"max_hp_per_floor":[80,80,80,85,85,85,85,79,79,79,79,79,79,79,79,79],"card_choices":[{"not_picked":["Uppercut","Power Through"],"picked":"Pummel","floor":1},{"not_picked":["Pummel","Searing Blow"],"picked":"Twin Strike","floor":2},{"not_picked":["Flame Barrier","Heavy Blade"],"picked":"Feel No Pain","floor":7},{"not_picked":["Hemokinesis","Iron Wave"],"picked":"Rampage","floor":13},{"not_picked":["Body Slam","Thunderclap","Dual Wield"],"picked":"SKIP","floor":14}],"player_experience":17323,"relics_obtained":[{"floor":0,"key":"Vajra"},{"floor":0,"key":"Pocketwatch"},{"floor":0,"key":"Sundial"},{"floor":9,"key":"MawBank"},{"floor":10,"key":"Dream Catcher"}],"event_choices":[{"damage_healed":0,"gold_gain":0,"player_choice":"Donut","damage_taken":0,"max_hp_gain":5,"max_hp_loss":0,"event_name":"Big Fish","floor":4,"gold_loss":0},{"damage_healed":0,"gold_gain":0,"player_choice":"Entered Light","damage_taken":17,"max_hp_gain":0,"max_hp_loss":0,"event_name":"Shining Light","floor":5,"gold_loss":0,"cards_upgraded":["Defend_R","Strike_R"]},{"damage_healed":0,"gold_gain":0,"player_choice":"Lose Max HP","damage_taken":0,"relics_obtained":["Golden Idol"],"max_hp_gain":0,"max_hp_loss":6,"event_name":"Golden Idol","floor":8,"gold_loss":0},{"damage_healed":0,"gold_gain":75,"player_choice":"Touch","damage_taken":7,"max_hp_gain":0,"max_hp_loss":0,"event_name":"FaceTrader","floor":12,"gold_loss":0}],"is_beta":false,"boss_relics":[],"items_purged_floors":[3,11],"is_endless":false,"potions_floor_spawned":[7,13],"killed_by":"Hexaghost","ascension_level":1}