{"gold_per_floor":[20,37,54,68,84,84,112,112,139,154,169,201,201,217,217,313,313,313,313,313,313,167,167,167,167,167,167,167,167,167,167,167,167,167,167,167,167,167,167,167,167,167,167,167,38,38,38,0,0,0],"floor_reached":51,"playtime":1842,"items_purged":["Strike_R"],"score":754,"play_id":"574c7104-0584-4a1b-9f35-14964800505c","local_time":"20190227225617","is_ascension_mode":false,"campfire_choices":[{"data":"Demon Form","floor":6,"key":"SMITH"},{"data":"Heavy Blade","floor":8,"key":"SMITH"},{"data":"Immolate","floor":13,"key":"SMITH"},{"data":"Carnage","floor":15,"key":"SMITH"},{"data":"Intimidate","floor":23,"key":"SMITH"},{"data":"Metallicize","floor":25,"key":"SMITH"},{"data":"Infernal Blade","floor":30,"key":"SMITH"},{"data":"Disarm","floor":32,"key":"SMITH"},{"data":"Demon Form","floor":40,"key":"SMITH"},{"data":"Apotheosis","floor":44,"key":"SMITH"},{"data":"Juggernaut","floor":46,"key":"SMITH"},{"data":"Mayhem","floor":47,"key":"SMITH"},{"floor":49,"key":"REST"}],"neow_cost":"NO_GOLD","seed_source_timestamp":40299512752718,"circlet_count":0,"master_deck":["Bash","Demon Form+1","Heavy Blade+1","Carnage","Immolate+1","Shrug It Off","Carnage+1","Infernal Blade+1","Battle Trance","Intimidate+1","Shrug It Off","Feed","Battle Trance","Metallicize+1","Shockwave+1","Disarm+1","Flame Barrier+1","Headbutt","Demon Form+1","Feel No Pain","Power Through","True Grit","Flame Barrier","Pummel","Rampage","True Grit","Bludgeon","Iron Wave+1","Infernal Blade+1","True Grit+1","Rampage+1","Juggernaut+1","Apotheosis+1","Panache","Mayhem+1"],"relics":["Burning Blood","Champion Belt","Blood Vial","Potion Belt","Ectoplasm","Bag of Preparation","Self Forming Clay","Tiny Chest","WingedGreaves","Kunai","Pandora\u0027s Box","Mango","Ornamental Fan","Red Mask"],"potions_floor_usage":[7,10,16,16,33,36,36,41,50,50,50],"damage_taken":[{"damage":6,"enemies":"Jaw Worm","floor":1,"turns":5},{"damage":10,"enemies":"Cultist","floor":2,"turns":4},{"damage":0,"enemies":"2 Louse","floor":3,"turns":3},{"damage":18,"enemies":"Exordium Thugs","floor":4,"turns":6},{"damage":6,"enemies":"Large Slime","floor":5,"turns":5},{"damage":6,"enemies":"Gremlin Nob","floor":7,"turns":3},{"damage":3,"enemies":"Lots of Slimes","floor":10,"turns":2},{"damage":11,"enemies":"3 Louse","floor":11,"turns":2},{"damage":24,"enemies":"3 Sentries","floor":12,"turns":7},{"damage":0,"enemies":"2 Fungi Beasts","floor":14,"turns":1},{"damage":41,"enemies":"The Guardian","floor":16,"turns":7},{"damage":13,"enemies":"3 Byrds","floor":18,"turns":4},{"damage":7,"enemies":"Shell Parasite","floor":19,"turns":5},{"damage":11,"enemies":"Snecko","floor":24,"turns":5},{"damage":15,"enemies":"Snake Plant","floor":27,"turns":4},{"damage":31,"enemies":"Gremlin Leader","floor":28,"turns":6},{"damage":10,"enemies":"3 Cultists","floor":29,"turns":4},{"damage":10,"enemies":"Colosseum Slavers","floor":31,"turns":3},{"damage":5,"enemies":"Colosseum Nobs","floor":31,"turns":3},{"damage":40,"enemies":"Automaton","floor":33,"turns":10},{"damage":4,"enemies":"3 Darklings","floor":35,"turns":5},{"damage":58,"enemies":"2 Orb Walkers","floor":36,"turns":9},{"damage":6,"enemies":"Orb Walker","floor":37,"turns":3},{"damage":0,"enemies":"Maw","floor":38,"turns":7},{"damage":1,"enemies":"Sphere and 2 Shapes","floor":41,"turns":7},{"damage":14,"enemies":"Awakened One","floor":50,"turns":8}],"seed_played":"4775399658280862772","potions_obtained":[{"floor":3,"key":"Explosive Potion"},{"floor":4,"key":"Explosive Potion"},{"floor":11,"key":"BloodPotion"},{"floor":12,"key":"Weak Potion"},{"floor":27,"key":"PowerPotion"},{"floor":29,"key":"GamblersBrew"},{"floor":33,"key":"Poison Potion"},{"floor":37,"key":"Block Potion"},{"floor":41,"key":"SkillPotion"}],"is_trial":false,"path_per_floor":["M","M","M","M","M","R","E","R","T","M","M","E","R","M","R","B",null,"M","M","?","?","$","R","M","R","T","M","E","M","R","?","R","B",null,"M","?","M","M","?","R","M","?","T","R","$","R","R","?","R","B",null],"character_chosen":"IRONCLAD","items_purchased":["Metallicize","Energy Potion","EssenceOfSteel"],"campfire_rested":1,"item_purchase_floors":[22,45,45],"current_hp_per_floor":[80,76,80,68,68,68,68,68,68,73,70,54,54,62,62,37,80,73,74,74,74,74,74,71,71,71,64,44,45,45,46,46,14,86,86,51,56,64,64,64,74,64,64,64,64,64,64,64,96,90],"gold":0,"neow_bonus":"THREE_RARE_CARDS","is_prod":false,"is_daily":false,"chose_seed":false,"campfire_upgraded":12,"win_rate":0,"timestamp":1551329777,"path_taken":["M","M","M","M","M","R","E","R","T","M","M","E","R","M","R","BOSS","M","M","?","?","$","R","?","R","T","M","E","M","R","?","R","BOSS","M","?","M","M","?","R","?","?","T","R","$","R","R","?","R","BOSS"],"build_version":"2019-01-23","purchased_purges":1,"victory":true,"max_hp_per_floor":[80,80,80,80,80,80,80,80,80,80,80,80,80,80,80,80,80,80,80,80,80,80,80,80,80,80,80,83,86,86,86,86,86,86,86,103,106,106,106,106,109,109,109,109,109,109,109,109,109,109],"card_choices":[{"not_picked":["Barricade","Exhume"],"picked":"Demon Form","floor":0},{"not_picked":["Feel No Pain","True Grit"],"picked":"Heavy Blade","floor":1},{"not_picked":["Anger","Body Slam"],"picked":"Carnage","floor":2},{"not_picked":["Carnage","Twin Strike"],"picked":"Immolate","floor":3},{"not_picked":["Second Wind","Disarm"],"picked":"Shrug It Off","floor":4},{"not_picked":["Reckless Charge","Pummel"],"picked":"Carnage","floor":5},{"not_picked":["Berserk","Searing Blow"],"picked":"Infernal Blade","floor":7},{"not_picked":["Cleave","Warcry"],"picked":"Battle Trance","floor":10},{"not_picked":["Thunderclap","Clothesline"],"picked":"Intimidate","floor":11},{"not_picked":["Sever Soul","Searing Blow"],"picked":"Shrug It Off","floor":12},{"not_picked":["Iron Wave","Warcry","Wild Strike"],"picked":"SKIP","floor":14},{"not_picked":["Immolate","Impervious"],"picked":"Feed","floor":16},{"not_picked":["Sword Boomerang","Clash","Cleave"],"picked":"SKIP","floor":18},{"not_picked":["Rupture+1","Fire Breathing+1"],"picked":"Battle Trance","floor":19},{"not_picked":["Rupture","Pommel Strike","Dropkick"],"picked":"SKIP","floor":24},{"not_picked":["Iron Wave+1","Infernal Blade"],"picked":"Shockwave+1","floor":27},{"not_picked":["Bloodletting","Dual Wield+1"],"picked":"Disarm","floor":28},{"not_picked":["Uppercut","Rampage+1"],"picked":"Flame Barrier+1","floor":29},{"not_picked":["Anger","Evolve"],"picked":"Headbutt","floor":31},{"not_picked":["Barricade","Offering"],"picked":"Demon Form","floor":33},{"not_picked":["Twin Strike","Wild Strike"],"picked":"Iron Wave+1","floor":35},{"not_picked":["Havoc","Warcry"],"picked":"Infernal Blade+1","floor":36},{"not_picked":["Perfected Strike","Havoc+1"],"picked":"True Grit+1","floor":37},{"not_picked":["Sword Boomerang+1","Twin Strike+1"],"picked":"Rampage+1","floor":38},{"not_picked":["True Grit","Heavy Blade"],"picked":"Juggernaut","floor":41},{"not_picked":["Secret Weapon","Flash of Steel"],"picked":"Apotheosis","floor":42},{"not_picked":["Enlightenment","Master of Strategy"],"picked":"Panache","floor":42},{"not_picked":["Madness","Mind Blast"],"picked":"Mayhem","floor":42}],"player_experience":945317,"relics_obtained":[{"floor":7,"key":"Champion Belt"},{"floor":9,"key":"Blood Vial"},{"floor":12,"key":"Potion Belt"},{"floor":26,"key":"Self Forming Clay"},{"floor":28,"key":"Tiny Chest"},{"floor":31,"key":"WingedGreaves"},{"floor":31,"key":"Kunai"},{"floor":36,"key":"Mango"},{"floor":43,"key":"Ornamental Fan"}],"event_choices":[{"damage_healed":0,"gold_gain":0,"player_choice":"Stole Relic","damage_taken":0,"relics_obtained":["Bag of Preparation"],"max_hp_gain":0,"max_hp_loss":0,"event_name":"Addict","floor":20,"gold_loss":0,"cards_obtained":["Shame"]},{"cards_removed":["Shame"],"damage_healed":0,"gold_gain":0,"player_choice":"Removed Curses","damage_taken":0,"max_hp_gain":0,"max_hp_loss":0,"event_name":"Fountain of Cleansing","floor":21,"gold_loss":0},{"damage_healed":0,"gold_gain":0,"player_choice":"Fight","damage_taken":0,"max_hp_gain":0,"max_hp_loss":0,"event_name":"Colosseum","floor":31,"gold_loss":0},{"damage_healed":0,"gold_gain":0,"player_choice":"Fought Nobs","damage_taken":0,"max_hp_gain":0,"max_hp_loss":0,"event_name":"Colosseum","floor":31,"gold_loss":0},{"damage_healed":0,"gold_gain":0,"player_choice":"Fight","damage_taken":0,"max_hp_gain":0,"max_hp_loss":0,"event_name":"Mysterious Sphere","floor":36,"gold_loss":0},{"damage_healed":0,"gold_gain":0,"player_choice":"Ignored","damage_taken":0,"max_hp_gain":0,"max_hp_loss":0,"event_name":"Golden Shrine","floor":39,"gold_loss":0},{"damage_healed":0,"gold_gain":0,"player_choice":"Memory 3","damage_taken":10,"max_hp_gain":0,"max_hp_loss":0,"event_name":"SensoryStone","floor":42,"gold_loss":0},{"damage_healed":0,"gold_gain":0,"player_choice":"Paid","damage_taken":0,"relics_obtained":["Red Mask"],"max_hp_gain":0,"max_hp_loss":0,"event_name":"Tomb of Lord Red Mask","floor":48,"gold_loss":38}],"is_beta":false,"boss_relics":[{"not_picked":["Runic Cube","Empty Cage"],"picked":"Ectoplasm"},{"not_picked":["Tiny House","Orrery"],"picked":"Pandora\u0027s Box"}],"items_purged_floors":[22],"is_endless":false,"potions_floor_spawned":[3,4,11,12,27,29,31,33,37,41],"ascension_level":0}