{"gold_per_floor":[99,24,24,24,24,24,24,24,24,24,24,24,0,0,0,0,0,0,0,0,0,0,0,0,0,0,0,0,0,0,0,0,0],"floor_reached":33,"playtime":2494,"items_purged":["Bash"],"score":312,"play_id":"619278f1-fc34-4f29-8f3c-c2a2f0622eb6","local_time":"20181120212948","is_ascension_mode":true,"campfire_choices":[{"floor":6,"key":"RECALL"},{"floor":12,"key":"REST"},{"floor":15,"key":"REST"},{"floor":23,"key":"REST"},{"floor":32,"key":"REST"}],"neow_cost":"NONE","seed_source_timestamp":532792324770449,"circlet_count":0,"master_deck":["Strike_R","Strike_R","Strike_R","Strike_R","Strike_R","Defend_R","Defend_R","Defend_R+1","Defend_R+1","Uppercut","Shockwave","Immolate","Whirlwind","Reaper","Necronomicurse","Whirlwind","Disarm","Ghostly Armor"],"relics":["Ectoplasm","War Paint","Runic Cube","Necronomicon","Girya","Smiling Mask","Dream Catcher"],"potions_floor_usage":[33,33],"damage_taken":[{"damage":0,"enemies":"Cultist","floor":1,"turns":4},{"damage":1,"enemies":"2 Louse","floor":3,"turns":3},{"damage":8,"enemies":"Small Slimes","floor":4,"turns":5},{"damage":26,"enemies":"Gremlin Nob","floor":7,"turns":4},{"damage":1,"enemies":"Red Slaver","floor":10,"turns":3},{"damage":0,"enemies":"2 Fungi Beasts","floor":11,"turns":3},{"damage":0,"enemies":"Looter","floor":13,"turns":3},{"damage":4,"enemies":"Red Slaver","floor":14,"turns":3},{"damage":49,"enemies":"The Guardian","floor":16,"turns":14},{"damage":17,"enemies":"Shell Parasite","floor":18,"turns":5},{"damage":19,"enemies":"Spheric Guardian","floor":19,"turns":4},{"damage":0,"enemies":"Snake Plant","floor":21,"turns":2},{"damage":0,"enemies":"Sentry and Sphere","floor":24,"turns":2},{"damage":26,"enemies":"Gremlin Leader","floor":25,"turns":6},{"damage":4,"enemies":"Chosen and Byrds","floor":28,"turns":3},{"damage":15,"enemies":"Snake Plant","floor":30,"turns":6},{"damage":61,"enemies":"Automaton","floor":33,"turns":6}],"seed_played":"2628900441562873642","potions_obtained":[{"floor":3,"key":"Explosive Potion"},{"floor":10,"key":"Poison Potion"},{"floor":11,"key":"Explosive Potion"},{"floor":19,"key":"LiquidBronze"},{"floor":21,"key":"Regen Potion"}],"is_trial":false,"path_per_floor":["M","$","M","M","$","R","E","$","T","M","M","R","M","M","R","B",null,"M","M","?","M","?","R","M","E","T","?","M","$","M","?","R","B"],"character_chosen":"IRONCLAD","items_purchased":[],"campfire_rested":4,"item_purchase_floors":[],"current_hp_per_floor":[80,80,79,71,71,71,45,45,45,44,44,68,68,64,80,31,80,63,44,28,28,54,78,78,56,56,56,52,52,42,27,52,0],"gold":0,"neow_bonus":"BOSS_RELIC","is_prod":false,"is_daily":false,"chose_seed":false,"campfire_upgraded":0,"win_rate":0,"timestamp":1542770988,"path_taken":["M","?","?","M","$","R","E","$","T","M","M","R","M","M","R","BOSS","M","?","?","M","?","R","M","E","T","?","?","$","M","?","R","BOSS"],"build_version":"2018-11-15","purchased_purges":1,"victory":false,"max_hp_per_floor":[80,80,80,80,80,80,80,80,80,80,80,80,80,80,80,80,80,80,80,80,80,80,80,80,80,80,80,80,80,80,85,85,85],"card_choices":[{"not_picked":["Pommel Strike","Twin Strike","Blood for Blood"],"picked":"SKIP","floor":1},{"not_picked":["Burning Pact","Wild Strike","Reckless Charge"],"picked":"SKIP","floor":3},{"not_picked":["Seeing Red","Inflame"],"picked":"Uppercut","floor":4},{"not_picked":["Dark Embrace","Reckless Charge","Twin Strike"],"picked":"SKIP","floor":7},{"not_picked":["Warcry","Thunderclap"],"picked":"Shockwave","floor":10},{"not_picked":["Headbutt","Clothesline"],"picked":"Immolate","floor":11},{"not_picked":["Intimidate","Twin Strike","Heavy Blade"],"picked":"SKIP","floor":13},{"not_picked":["Dual Wield","Hemokinesis"],"picked":"Whirlwind","floor":14},{"not_picked":["Double Tap","Feed"],"picked":"Reaper","floor":16},{"not_picked":["Twin Strike","Havoc+1","Carnage+1"],"picked":"SKIP","floor":18},{"not_picked":["Flex","Corruption","Combust"],"picked":"SKIP","floor":19},{"not_picked":["Clash","Ghostly Armor+1"],"picked":"Whirlwind","floor":21},{"not_picked":["Dual Wield","Thunderclap"],"picked":"Disarm","floor":24},{"not_picked":["Clash","Seeing Red+1","Rupture"],"picked":"SKIP","floor":25},{"not_picked":["Thunderclap","Hemokinesis","Headbutt"],"picked":"SKIP","floor":28},{"not_picked":["Havoc","Clothesline","Anger"],"picked":"SKIP","floor":30},{"not_picked":["True Grit","Twin Strike"],"picked":"Ghostly Armor","floor":32}],"player_experience":459091,"relics_obtained":[{"floor":7,"key":"War Paint"},{"floor":20,"key":"Necronomicon"},{"floor":25,"key":"Girya"},{"floor":26,"key":"Smiling Mask"}],"event_choices":[{"damage_healed":0,"gold_gain":0,"player_choice":"Obtained Book","damage_taken":16,"max_hp_gain":0,"max_hp_loss":0,"event_name":"Cursed Tome","floor":20,"gold_loss":0},{"damage_healed":26,"gold_gain":0,"player_choice":"Heal","damage_taken":0,"max_hp_gain":0,"max_hp_loss":0,"event_name":"The Library","floor":22,"gold_loss":0},{"damage_healed":0,"gold_gain":0,"player_choice":"Gave Potion","damage_taken":0,"relics_obtained":["Dream Catcher"],"max_hp_gain":0,"max_hp_loss":0,"event_name":"WeMeetAgain","floor":27,"gold_loss":0},{"damage_healed":0,"gold_gain":0,"player_choice":"Shed Blood","damage_taken":20,"max_hp_gain":5,"max_hp_loss":0,"event_name":"Forgotten Altar","floor":31,"gold_loss":0}],"is_beta":false,"boss_relics":[{"not_picked":["Calling Bell","White Beast Statue"],"picked":"Runic Cube"}],"items_purged_floors":[2],"is_endless":false,"potions_floor_spawned":[3,10,11,19,21],"killed_by":"Automaton","ascension_level":3}