{"gold_per_floor":[109,8,8,24,44,70,70,103,103,103,119,146,146,159,159,254,254,270,270,270,286,297,297,297,330,368,108,120,120,219,246,246,346,346,362,462,462,370,387,387,3,53,53,53,69,69,69,69,69,69],"floor_reached":50,"playtime":3339,"items_purged":["Doubt","Strike_R+1"],"score":741,"play_id":"93ee76d4-e341-41fd-9788-50406646203b","local_time":"20190225225546","is_ascension_mode":true,"campfire_choices":[{"data":"Bash","floor":7.0,"key":"SMITH"},{"data":"True Grit","floor":10.0,"key":"SMITH"},{"data":"Body Slam","floor":13.0,"key":"SMITH"},{"data":"Armaments","floor":15.0,"key":"SMITH"},{"data":"Clothesline","floor":23.0,"key":"SMITH"},{"data":"True Grit","floor":29.0,"key":"SMITH"},{"floor":32.0,"key":"REST"},{"data":"Disarm","floor":40.0,"key":"SMITH"},{"data":"Exhume","floor":46.0,"key":"SMITH"},{"floor":49.0,"key":"RECALL"}],"neow_cost":"CURSE","seed_source_timestamp":939172196881221,"circlet_count":0,"master_deck":["Strike_R+1","Strike_R+1","Strike_R+1","Strike_R+1","Defend_R+1","Defend_R+1","Defend_R+1","Defend_R+1","Bash+1","True Grit+1","Pommel Strike","Body Slam+1","Anger","Reckless Charge","Impervious","Cleave","Armaments+1","Shrug It Off","Reaper","Clothesline+1","Battle Trance","Shockwave+1","Feel No Pain+1","True Grit+1","Dark Embrace+1","Impervious","Dual Wield","Disarm+1","Evolve+1","Warcry","Metallicize+1","Demon Form+1","Flame Barrier","Exhume+1","Uppercut+1","Body Slam+1","Madness","Madness","Headbutt+1","Panacea"],"special_seed":0,"relics":["Burning Blood","Thread and Needle","Ornamental Fan","Blood Vial","Frozen Egg 2","Juzu Bracelet","Runic Dome","MawBank","PreservedInsect","Lantern","Philosopher\u0027s Stone","WingedGreaves","Molten Egg 2","Gambling Chip"],"potions_floor_usage":[50],"damage_taken":[{"damage":0.0,"enemies":"2 Louse","floor":1.0,"turns":3.0},{"damage":2.0,"enemies":"Jaw Worm","floor":4.0,"turns":4.0},{"damage":8.0,"enemies":"Small Slimes","floor":5.0,"turns":4.0},{"damage":10.0,"enemies":"3 Sentries","floor":6.0,"turns":8.0},{"damage":14.0,"enemies":"Gremlin Nob","floor":8.0,"turns":4.0},{"damage":1.0,"enemies":"Exordium Wildlife","floor":11.0,"turns":7.0},{"damage":24.0,"enemies":"Lagavulin","floor":12.0,"turns":6.0},{"damage":0.0,"enemies":"Blue Slaver","floor":14.0,"turns":3.0},{"damage":29.0,"enemies":"Hexaghost","floor":16.0,"turns":11.0},{"damage":11.0,"enemies":"Spheric Guardian","floor":18.0,"turns":6.0},{"damage":42.0,"enemies":"Colosseum Slavers","floor":20.0,"turns":6.0},{"damage":0.0,"enemies":"Chosen","floor":21.0,"turns":6.0},{"damage":5.0,"enemies":"Snake Plant","floor":22.0,"turns":6.0},{"damage":21.0,"enemies":"Book of Stabbing","floor":25.0,"turns":6.0},{"damage":3.0,"enemies":"Snecko","floor":28.0,"turns":6.0},{"damage":25.0,"enemies":"Slavers","floor":31.0,"turns":8.0},{"damage":59.0,"enemies":"Champ","floor":33.0,"turns":16.0},{"damage":0.0,"enemies":"Orb Walker","floor":35.0,"turns":2.0},{"damage":3.0,"enemies":"Mind Bloom Boss Battle","floor":36.0,"turns":8.0},{"damage":22.0,"enemies":"3 Shapes","floor":39.0,"turns":6.0},{"damage":0.0,"enemies":"2 Orb Walkers","floor":42.0,"turns":5.0},{"damage":1.0,"enemies":"Writhing Mass","floor":45.0,"turns":5.0},{"damage":85,"enemies":"Awakened One","floor":50,"turns":11}],"seed_played":"-1657184837880751038","potions_obtained":[{"floor":1.0,"key":"AttackPotion"},{"floor":4.0,"key":"Strength Potion"},{"floor":21.0,"key":"Dexterity Potion"},{"floor":25.0,"key":"Weak Potion"},{"floor":33.0,"key":"GamblersBrew"},{"floor":35.0,"key":"Explosive Potion"},{"floor":36.0,"key":"Energy Potion"},{"floor":45.0,"key":"EssenceOfSteel"}],"is_trial":false,"path_per_floor":["M","$","?","M","M","E","R","E","T","R","M","E","R","M","R","B",null,"M","?","?","M","M","R","?","E","T","$","M","R","?","E","R","B",null,"M","?","?","$","M","R","$","?","T","?","M","R","?","$","R","B"],"character_chosen":"IRONCLAD","items_purchased":["Pommel Strike","Feel No Pain+1","True Grit","SteroidPotion","Evolve+1","Warcry","Demon Form+1","Flame Barrier","Exhume","Uppercut+1"],"campfire_rested":1,"item_purchase_floors":[2,27,27,27,38,38,41,41,41,41],"current_hp_per_floor":[78,78,83,85,83,79,79,71,71,71,78,62,62,70,70,49,76,78,78,51,63,70,70,70,57,57,57,68,68,68,66,85,36,73,85,85,85,85,69,69,69,85,85,74,81,81,81,81,81,0],"gold":69,"neow_bonus":"ONE_RARE_RELIC","is_prod":false,"is_daily":false,"chose_seed":false,"campfire_upgraded":8,"win_rate":0,"timestamp":1551164146,"path_taken":["M","$","?","M","M","E","R","E","T","R","M","E","R","M","R","BOSS","M","?","?","M","M","R","?","E","T","$","M","R","?","E","R","BOSS","M","?","?","$","M","R","$","?","T","?","M","R","?","?","R","BOSS"],"build_version":"2019-01-23","purchased_purges":2,"victory":false,"max_hp_per_floor":[80,80,85,85,85,85,85,85,85,85,85,85,85,85,85,85,85,85,85,85,85,85,85,85,85,85,85,85,85,85,85,85,85,85,85,85,85,85,85,85,85,85,85,85,85,85,85,85,85,85],"card_choices":[{"not_picked":["Warcry","Flex"],"picked":"True Grit","floor":1.0},{"not_picked":["Heavy Blade","Havoc"],"picked":"Body Slam","floor":4.0},{"not_picked":["Thunderclap","Burning Pact"],"picked":"Anger","floor":5.0},{"not_picked":["Thunderclap","Flex"],"picked":"Reckless Charge","floor":6.0},{"not_picked":["Warcry","Havoc"],"picked":"Impervious","floor":8.0},{"not_picked":["Heavy Blade","Sword Boomerang"],"picked":"Cleave","floor":11.0},{"not_picked":["Offering","Havoc"],"picked":"Armaments","floor":12.0},{"not_picked":["Cleave","True Grit"],"picked":"Shrug It Off","floor":14.0},{"not_picked":["Fiend Fire","Immolate"],"picked":"Reaper","floor":16.0},{"not_picked":["Rupture+1","Clash","Sentinel"],"picked":"SKIP","floor":18.0},{"not_picked":["Rampage+1","Sword Boomerang"],"picked":"Clothesline","floor":21.0},{"not_picked":["Burning Pact","Combust+1"],"picked":"Battle Trance","floor":22.0},{"not_picked":["Havoc+1","Clothesline"],"picked":"Shockwave+1","floor":25.0},{"not_picked":["Wild Strike","Shockwave","Perfected Strike"],"picked":"SKIP","floor":28.0},{"not_picked":["Iron Wave+1","Shockwave+1"],"picked":"Dark Embrace+1","floor":31.0},{"not_picked":["Berserk+1","Immolate"],"picked":"Impervious","floor":33.0},{"not_picked":["Power Through+1","True Grit+1"],"picked":"Dual Wield","floor":35.0},{"not_picked":["Pommel Strike+1","Clothesline+1"],"picked":"Disarm","floor":36.0},{"not_picked":["Perfected Strike+1","Rage+1"],"picked":"Metallicize+1","floor":39.0},{"not_picked":["Inflame+1","Perfected Strike+1"],"picked":"Body Slam+1","floor":42.0},{"not_picked":["True Grit","Warcry"],"picked":"Headbutt+1","floor":45.0},{"not_picked":["Good Instincts","Madness"],"picked":"Panacea","floor":47.0}],"player_experience":493505,"relics_obtained":[{"floor":6.0,"key":"Ornamental Fan"},{"floor":8.0,"key":"Blood Vial"},{"floor":9.0,"key":"Frozen Egg 2"},{"floor":12.0,"key":"Juzu Bracelet"},{"floor":25.0,"key":"MawBank"},{"floor":26.0,"key":"PreservedInsect"},{"floor":31.0,"key":"Lantern"},{"floor":36.0,"key":"WingedGreaves"},{"floor":42.0,"key":"Gambling Chip"}],"event_choices":[{"damage_healed":0.0,"max_hp_gain":5.0,"max_hp_loss":0.0,"gold_gain":0.0,"event_name":"Big Fish","player_choice":"Donut","floor":3.0,"gold_loss":0.0,"damage_taken":0.0},{"damage_healed":0.0,"max_hp_gain":0.0,"max_hp_loss":0.0,"gold_gain":0.0,"event_name":"Ghosts","player_choice":"Ignored","floor":19.0,"gold_loss":0.0,"damage_taken":0.0},{"damage_healed":0.0,"max_hp_gain":0.0,"max_hp_loss":0.0,"gold_gain":0.0,"event_name":"Colosseum","player_choice":"Fight","floor":20.0,"gold_loss":0.0,"damage_taken":0.0},{"damage_healed":0.0,"max_hp_gain":0.0,"max_hp_loss":0.0,"gold_gain":0.0,"event_name":"Colosseum","player_choice":"Fled From Nobs","floor":20.0,"gold_loss":0.0,"damage_taken":0.0},{"damage_healed":0.0,"max_hp_gain":0.0,"max_hp_loss":0.0,"gold_gain":0.0,"event_name":"Back to Basics","player_choice":"Simplicity","floor":24.0,"gold_loss":0.0,"damage_taken":0.0,"cards_upgraded":["Strike_R","Strike_R","Strike_R","Strike_R","Strike_R","Defend_R","Defend_R","Defend_R","Defend_R"]},{"damage_healed":0.0,"max_hp_gain":0.0,"max_hp_loss":0.0,"gold_gain":99.0,"event_name":"Nest","player_choice":"Stole From Cult","floor":30.0,"gold_loss":0.0,"damage_taken":0.0},{"damage_healed":0.0,"max_hp_gain":0.0,"max_hp_loss":0.0,"gold_gain":0.0,"event_name":"MindBloom","player_choice":"Fight","floor":36.0,"gold_loss":0.0,"damage_taken":0.0},{"damage_healed":0.0,"max_hp_gain":0.0,"max_hp_loss":0.0,"gold_gain":0.0,"event_name":"WeMeetAgain","player_choice":"Gave Potion","floor":37.0,"gold_loss":0.0,"damage_taken":0.0,"relics_obtained":["Molten Egg 2"]},{"damage_healed":0.0,"max_hp_gain":0.0,"max_hp_loss":0.0,"gold_gain":0.0,"event_name":"Mysterious Sphere","player_choice":"Fight","floor":42.0,"gold_loss":0.0,"damage_taken":0.0},{"damage_healed":0.0,"max_hp_gain":0.0,"max_hp_loss":0.0,"gold_gain":0.0,"event_name":"Winding Halls","player_choice":"Embrace Madness","floor":44.0,"gold_loss":0.0,"damage_taken":11.0,"cards_obtained":["Madness","Madness"]},{"damage_healed":0.0,"max_hp_gain":0.0,"max_hp_loss":0.0,"gold_gain":0.0,"event_name":"SensoryStone","player_choice":"Memory 1","floor":47.0,"gold_loss":0.0,"damage_taken":0.0}],"is_beta":false,"boss_relics":[{"not_picked":["Black Star","Pandora\u0027s Box"],"picked":"Runic Dome"},{"not_picked":["Snecko Eye","Busted Crown"],"picked":"Philosopher\u0027s Stone"}],"items_purged_floors":[2,27],"is_endless":false,"potions_floor_spawned":[1,4,21,25,33,35,36,45],"killed_by":"Awakened One","ascension_level":9}