{"gold_per_floor":[110,185,42,55,55,55,89,89,89,109,109,109,123,157,157,283,283,306,329,329,344,344,344,359,359,359,359,392,40,71,96,96,96],"floor_reached":33,"playtime":1189,"items_purged":["Strike_R","Strike_R"],"score":511,"play_id":"9ad56cc6-665c-4cb2-9b28-c83621928cd1","local_time":"20190221050035","is_ascension_mode":true,"campfire_choices":[{"data":"Inflame","floor":6,"key":"SMITH"},{"data":"Whirlwind","floor":11,"key":"SMITH"},{"data":"Immolate","floor":15,"key":"SMITH"},{"data":"Armaments","floor":23,"key":"SMITH"},{"data":"Dark Embrace","floor":25,"key":"SMITH"},{"floor":27,"key":"REST"},{"floor":32,"key":"REST"}],"neow_cost":"NONE","seed_source_timestamp":346272182918141,"circlet_count":0,"master_deck":["Strike_R","Strike_R","Strike_R","Defend_R","Defend_R","Defend_R","Defend_R","Bash","Whirlwind+1","Inflame+1","Pommel Strike","Cleave","Shrug It Off","Immolate+1","Sever Soul","Dark Embrace+1","Armaments+1","Flame Barrier","Immolate+1","Headbutt+1","Offering","Offering","Spot Weakness+1","Discovery","Apotheosis","Seeing Red","Metallicize+1"],"relics":["Burning Blood","NeowsBlessing","Golden Idol","Centennial Puzzle","Dream Catcher","Pear","NlothsMask","Ancient Tea Set","Lizard Tail","Bottled Flame","FossilizedHelix"],"potions_floor_usage":[14,19,21,33],"damage_taken":[{"damage":0,"enemies":"Small Slimes","floor":1,"turns":1},{"damage":0,"enemies":"Jaw Worm","floor":4,"turns":1},{"damage":0,"enemies":"3 Sentries","floor":7,"turns":1},{"damage":0,"enemies":"2 Louse","floor":10,"turns":2},{"damage":0,"enemies":"Gremlin Gang","floor":13,"turns":1},{"damage":16,"enemies":"Gremlin Nob","floor":14,"turns":3},{"damage":0,"enemies":"Slime Boss","floor":16,"turns":5},{"damage":12,"enemies":"Chosen","floor":18,"turns":3},{"damage":22,"enemies":"2 Thieves","floor":19,"turns":2},{"damage":15,"enemies":"Cultist and Chosen","floor":21,"turns":6},{"damage":20,"enemies":"Centurion and Healer","floor":24,"turns":5},{"damage":6,"enemies":"Slavers","floor":28,"turns":1},{"damage":42,"enemies":"Book of Stabbing","floor":30,"turns":4},{"damage":6,"enemies":"Snecko","floor":31,"turns":4},{"damage":153,"enemies":"Champ","floor":33,"turns":14}],"seed_played":"2691820968735958315","potions_obtained":[{"floor":1,"key":"Poison Potion"},{"floor":13,"key":"Swift Potion"},{"floor":16,"key":"Regen Potion"},{"floor":30,"key":"SteroidPotion"}],"is_trial":false,"path_per_floor":["M","?","$","M","?","R","E","?","T","M","R","?","M","E","R","B",null,"M","M","?","M","?","R","M","R","T","R","E","$","E","M","R","B"],"character_chosen":"IRONCLAD","items_purchased":["Inflame","Discovery","Apotheosis"],"campfire_rested":2,"item_purchase_floors":[3,29,29],"current_hp_per_floor":[78,67,67,73,73,73,74,56,66,72,72,72,78,68,68,74,82,76,60,60,66,66,66,52,52,52,77,77,77,41,41,66,0],"gold":96,"neow_bonus":"THREE_ENEMY_KILL","is_prod":false,"is_daily":false,"chose_seed":false,"campfire_upgraded":5,"win_rate":0,"timestamp":1550692835,"path_taken":["M","?","$","M","?","R","E","?","T","M","R","?","M","E","R","BOSS","M","?","?","?","?","R","M","R","T","R","E","$","E","M","R","BOSS"],"build_version":"2019-01-23","purchased_purges":2,"victory":false,"max_hp_per_floor":[80,80,80,80,74,74,74,74,84,84,84,84,84,84,84,84,84,84,84,84,84,84,84,84,84,84,84,84,84,84,84,84,84],"card_choices":[{"not_picked":["Warcry","Clash"],"picked":"Whirlwind","floor":1},{"not_picked":["Iron Wave","Rampage"],"picked":"Pommel Strike","floor":4},{"not_picked":["Shrug It Off","Clothesline"],"picked":"Cleave","floor":7},{"not_picked":["Entrench","Pommel Strike"],"picked":"Shrug It Off","floor":10},{"not_picked":["Dual Wield","Twin Strike"],"picked":"Immolate","floor":13},{"not_picked":["Sword Boomerang","Evolve"],"picked":"Sever Soul","floor":14},{"not_picked":["Juggernaut","Berserk"],"picked":"Dark Embrace","floor":16},{"not_picked":["Heavy Blade","Iron Wave"],"picked":"Armaments","floor":18},{"not_picked":["Pommel Strike","Rampage+1"],"picked":"Flame Barrier","floor":19},{"not_picked":["Anger","Power Through"],"picked":"Headbutt+1","floor":21},{"not_picked":["Heavy Blade","Fire Breathing+1","Sword Boomerang"],"picked":"SKIP","floor":24},{"not_picked":["Iron Wave+1","Flex"],"picked":"Offering","floor":27},{"not_picked":["Berserk","Fiend Fire"],"picked":"Spot Weakness+1","floor":28},{"not_picked":["Body Slam","Shrug It Off"],"picked":"Seeing Red","floor":30},{"not_picked":["True Grit","Clash+1","Armaments+1"],"picked":"SKIP","floor":31},{"not_picked":["Sword Boomerang","Heavy Blade"],"picked":"Metallicize+1","floor":32}],"player_experience":21941,"relics_obtained":[{"floor":7,"key":"Centennial Puzzle"},{"floor":9,"key":"Pear"},{"floor":14,"key":"Ancient Tea Set"},{"floor":28,"key":"Bottled Flame"},{"floor":30,"key":"FossilizedHelix"}],"event_choices":[{"damage_healed":0,"gold_gain":75,"player_choice":"Gather Gold","damage_taken":11,"max_hp_gain":0,"max_hp_loss":0,"event_name":"World of Goop","floor":2,"gold_loss":0},{"damage_healed":0,"gold_gain":0,"player_choice":"Lose Max HP","damage_taken":0,"relics_obtained":["Golden Idol"],"max_hp_gain":0,"max_hp_loss":6,"event_name":"Golden Idol","floor":5,"gold_loss":0},{"damage_healed":0,"gold_gain":0,"player_choice":"Success","damage_taken":18,"relics_obtained":["Dream Catcher"],"max_hp_gain":0,"max_hp_loss":0,"event_name":"Scrap Ooze","floor":8,"gold_loss":0},{"damage_healed":0,"gold_gain":0,"player_choice":"Trade","damage_taken":0,"relics_obtained":["NlothsMask"],"max_hp_gain":0,"max_hp_loss":0,"event_name":"FaceTrader","floor":12,"gold_loss":0},{"damage_healed":0,"gold_gain":0,"player_choice":"Copied","damage_taken":0,"max_hp_gain":0,"max_hp_loss":0,"event_name":"Duplicator","floor":20,"gold_loss":0,"cards_obtained":["Immolate"]},{"damage_healed":0,"gold_gain":0,"player_choice":"Read","damage_taken":0,"max_hp_gain":0,"max_hp_loss":0,"event_name":"The Library","floor":22,"gold_loss":0,"cards_obtained":["Offering"]}],"is_beta":false,"boss_relics":[{"not_picked":["Busted Crown","Ectoplasm"],"picked":"Lizard Tail"}],"items_purged_floors":[3,29],"is_endless":false,"potions_floor_spawned":[1,13,16,30],"killed_by":"Champ","ascension_level":6}