{"gold_per_floor":[112,112,23,23,98,98,13,32,32,60,60,20,30,44,44,44],"floor_reached":16,"playtime":563,"items_purged":[],"score":123,"play_id":"7a7b72fa-1dbd-4b65-bf8b-76f357a43ab1","local_time":"20180927102124","is_ascension_mode":true,"campfire_choices":[{"data":"Footwork","floor":6,"key":"SMITH"},{"data":"Footwork","floor":15,"key":"SMITH"}],"neow_cost":"NONE","seed_source_timestamp":787610945763722,"circlet_count":0,"master_deck":["Defend_G","Defend_G","Defend_G","Defend_G","Defend_G","Strike_G","Strike_G","Strike_G","Strike_G","Survivor","Neutralize","Impatience","Bane","Footwork+1","Outmaneuver","Noxious Fumes","Cloak And Dagger","Dagger Throw","Well Laid Plans","Footwork+1"],"relics":["Ring of the Snake","Juzu Bracelet","Matryoshka","Happy Flower","Question Card","Strawberry"],"potions_floor_usage":[10,10,14,14,14,16],"damage_taken":[{"damage":2,"enemies":"Small Slimes","floor":1,"turns":5},{"damage":0,"enemies":"Cultist","floor":8,"turns":5},{"damage":28,"enemies":"Gremlin Nob","floor":10,"turns":4},{"damage":0,"enemies":"Jaw Worm","floor":13,"turns":3},{"damage":0,"enemies":"3 Louse","floor":14,"turns":3},{"damage":36,"enemies":"The Guardian","floor":16,"turns":2}],"seed_played":"851979370999791371","potions_obtained":[{"floor":1,"key":"Poison Potion"},{"floor":8,"key":"SneckoOil"},{"floor":12,"key":"SneckoOil"},{"floor":12,"key":"Energy Potion"},{"floor":12,"key":"EntropicBrew"},{"floor":13,"key":"Dexterity Potion"}],"is_trial":false,"path_per_floor":["M","?","$","?","?","R","$","M","T","E","?","?","M","M","R"],"character_chosen":"THE_SILENT","items_purchased":["Footwork","Outmaneuver","Noxious Fumes","Cloak And Dagger"],"campfire_rested":0,"item_purchase_floors":[3,3,7,7],"current_hp_per_floor":[68,68,68,65,54,54,54,54,54,33,26,26,26,26,26,0],"gold":44,"neow_bonus":"RANDOM_COMMON_RELIC","is_prod":false,"is_daily":false,"chose_seed":false,"campfire_upgraded":2,"win_rate":0,"timestamp":1538018484,"path_taken":["M","?","$","?","?","R","?","M","T","E","?","?","M","M","R","BOSS"],"build_version":"2018-09-20","purchased_purges":0,"victory":false,"max_hp_per_floor":[70,70,70,70,70,70,70,70,70,77,77,77,77,77,77,77],"card_choices":[{"not_picked":["All Out Attack","Prepared","Dagger Spray"],"picked":"SKIP","floor":1},{"not_picked":["Dagger Spray","All Out Attack"],"picked":"Dagger Throw","floor":8},{"not_picked":["Grand Finale","Choke","Underhanded Strike"],"picked":"Well Laid Plans","floor":10},{"not_picked":["Finisher","Poisoned Stab","Slice","Well Laid Plans"],"picked":"SKIP","floor":13},{"not_picked":["Underhanded Strike","Noxious Fumes","Wraith Form v2"],"picked":"Footwork","floor":14}],"player_experience":208545,"relics_obtained":[{"floor":9,"key":"Happy Flower"},{"floor":9,"key":"Question Card"},{"floor":10,"key":"Strawberry"}],"event_choices":[{"event_name":"Match and Keep!","player_choice":"2 cards matched","floor":2,"damage_taken":0},{"event_name":"Match and Keep!","player_choice":"2 cards matched","floor":2,"damage_taken":0},{"event_name":"Scrap Ooze","player_choice":"success","floor":4,"damage_taken":3},{"event_name":"World of Goop","player_choice":"Gather Gold","floor":5,"damage_taken":0},{"event_name":"Golden Wing","player_choice":"Card Removal","floor":11,"damage_taken":0},{"event_name":"The Woman in Blue","player_choice":"Bought 3 Potions","floor":12,"damage_taken":0}],"is_beta":false,"boss_relics":[],"items_purged_floors":[],"is_endless":false,"potions_floor_spawned":[1,8,13],"killed_by":"The Guardian","ascension_level":5}