{"gold_per_floor":[116,116,143,318,159,189,159,159,186,205,15,42,53,63,63,63],"floor_reached":16,"playtime":395,"items_purged":["Doubt","Strike_R"],"score":142,"play_id":"b37c1d93-5b73-4905-8f37-1c88dda620c8","local_time":"20190226162643","is_ascension_mode":true,"campfire_choices":[{"floor":8,"key":"REST"},{"floor":15,"key":"REST"}],"neow_cost":"TEN_PERCENT_HP_LOSS","seed_source_timestamp":939636807046173,"circlet_count":0,"master_deck":["Strike_R","Strike_R","Strike_R","Strike_R","Defend_R","Bash","Dropkick","Evolve","Thunderclap","Pummel","Dropkick","Purity","Flex","Flex","Shockwave"],"relics":["Burning Blood","Blood Vial","Potion Belt","Bag of Marbles","Dream Catcher"],"potions_floor_usage":[14,16],"damage_taken":[{"damage":12,"enemies":"Jaw Worm","floor":1,"turns":3},{"damage":55,"enemies":"Lagavulin","floor":6,"turns":6},{"damage":10,"enemies":"2 Louse","floor":10,"turns":2},{"damage":10,"enemies":"Small Slimes","floor":13,"turns":2},{"damage":11,"enemies":"Looter","floor":14,"turns":2},{"damage":52,"enemies":"The Guardian","floor":16,"turns":8}],"seed_played":"-8621629923478935700","potions_obtained":[{"floor":6,"key":"Strength Potion"},{"floor":13,"key":"SkillPotion"}],"is_trial":false,"path_per_floor":["M","?","T","?","$","E","?","R","T","M","$","T","M","M","R","B"],"character_chosen":"IRONCLAD","items_purchased":["Evolve","Thunderclap","Purity"],"campfire_rested":2,"item_purchase_floors":[5,5,11],"current_hp_per_floor":[66,59,59,59,59,12,12,33,33,31,31,31,29,26,47,0],"gold":63,"neow_bonus":"REMOVE_TWO","is_prod":false,"is_daily":false,"chose_seed":false,"campfire_upgraded":0,"win_rate":0,"timestamp":1551176803,"path_taken":["M","?","?","?","$","E","?","R","T","M","$","?","?","M","R","BOSS"],"build_version":"2019-01-23","purchased_purges":2,"victory":false,"max_hp_per_floor":[72,72,72,72,72,72,72,72,72,72,72,72,72,72,72,72],"card_choices":[{"not_picked":["Headbutt","Hemokinesis"],"picked":"Dropkick","floor":1},{"not_picked":["Second Wind","Sentinel"],"picked":"Pummel","floor":6},{"not_picked":["Body Slam","Shockwave"],"picked":"Dropkick","floor":10},{"not_picked":["Power Through","Sword Boomerang"],"picked":"Flex","floor":13},{"not_picked":["Searing Blow","Shrug It Off"],"picked":"Flex","floor":14},{"not_picked":["Iron Wave","Cleave"],"picked":"Shockwave","floor":15}],"player_experience":891678,"relics_obtained":[{"floor":3,"key":"Blood Vial"},{"floor":6,"key":"Potion Belt"},{"floor":9,"key":"Bag of Marbles"},{"floor":12,"key":"Dream Catcher"}],"event_choices":[{"cards_removed":["Defend_R"],"damage_healed":0,"gold_gain":0,"player_choice":"Card Removal","damage_taken":7,"max_hp_gain":0,"max_hp_loss":0,"event_name":"Golden Wing","floor":2,"gold_loss":0},{"damage_healed":0,"gold_gain":175,"player_choice":"AGREE","damage_taken":0,"max_hp_gain":0,"max_hp_loss":0,"event_name":"Liars Game","floor":4,"gold_loss":0,"cards_obtained":["Doubt"]},{"damage_healed":0,"gold_gain":0,"player_choice":"Left Gold","damage_taken":0,"max_hp_gain":0,"max_hp_loss":0,"event_name":"World of Goop","floor":7,"gold_loss":30}],"is_beta":false,"boss_relics":[],"items_purged_floors":[5,11],"is_endless":false,"potions_floor_spawned":[6,13],"killed_by":"The Guardian","ascension_level":9}