{"gold_per_floor":[216,236,247,48,98,129,129,157,157,157,174,174],"floor_reached":12,"playtime":534,"items_purged":["Strike_G"],"score":154,"play_id":"3915ab35-556b-4e01-8dd4-b4299f51f9dc","local_time":"20190121192254","is_ascension_mode":true,"campfire_choices":[{"data":"Neutralize","floor":7,"key":"SMITH"},{"data":"Noxious Fumes","floor":10,"key":"SMITH"}],"neow_cost":"NONE","seed_source_timestamp":122346158736800,"circlet_count":0,"master_deck":["AscendersBane","Defend_G","Defend_G","Defend_G","Defend_G","Defend_G","Strike_G","Strike_G","Strike_G","Strike_G","Survivor","Neutralize+1","Cloak And Dagger","Dagger Spray","Predator","Noxious Fumes+1","Cloak And Dagger","Leg Sweep","Dagger Spray+1","Dash+1"],"relics":["Ring of the Snake","Shuriken","Molten Egg 2","Bottled Tornado"],"potions_floor_usage":[6,11],"damage_taken":[{"damage":0,"enemies":"2 Louse","floor":1,"turns":5},{"damage":0,"enemies":"Cultist","floor":2,"turns":4},{"damage":0,"enemies":"Small Slimes","floor":3,"turns":3},{"damage":21,"enemies":"3 Sentries","floor":6,"turns":7},{"damage":14,"enemies":"Lagavulin","floor":8,"turns":8},{"damage":9,"enemies":"Exordium Thugs","floor":11,"turns":4},{"damage":16,"enemies":"Lots of Slimes","floor":12,"turns":1}],"seed_played":"-1046383893797864272","potions_obtained":[{"floor":2,"key":"Poison Potion"},{"floor":8,"key":"Fire Potion"}],"is_trial":false,"path_per_floor":["M","M","M","$","?","E","R","E","T","R","M","M"],"character_chosen":"THE_SILENT","items_purchased":["Noxious Fumes","Cloak And Dagger"],"campfire_rested":0,"item_purchase_floors":[4,4],"current_hp_per_floor":[59,59,59,59,59,38,38,24,24,24,15,0],"gold":174,"neow_bonus":"HUNDRED_GOLD","is_prod":false,"is_daily":false,"chose_seed":false,"campfire_upgraded":2,"win_rate":0,"timestamp":1548069774,"path_taken":["M","M","M","$","?","E","R","E","T","R","?","M"],"build_version":"2019-01-17v2","purchased_purges":1,"victory":false,"max_hp_per_floor":[66,66,66,66,66,66,66,66,66,66,66,66],"card_choices":[{"not_picked":["Acrobatics","Slice"],"picked":"Cloak And Dagger","floor":1},{"not_picked":["Storm of Steel","Cloak And Dagger"],"picked":"Dagger Spray","floor":2},{"not_picked":["Acrobatics","PiercingWail"],"picked":"Predator","floor":3},{"not_picked":["Caltrops","Eviscerate"],"picked":"Leg Sweep","floor":6},{"not_picked":["Riddle With Holes","Eviscerate"],"picked":"Dagger Spray","floor":8},{"not_picked":["Quick Slash+1","Terror"],"picked":"Dash+1","floor":11}],"player_experience":666520,"relics_obtained":[{"floor":6,"key":"Shuriken"},{"floor":8,"key":"Molten Egg 2"},{"floor":9,"key":"Bottled Tornado"}],"event_choices":[{"damage_healed":0,"gold_gain":50,"player_choice":"Pray","damage_taken":0,"max_hp_gain":0,"max_hp_loss":0,"event_name":"Golden Shrine","floor":5,"gold_loss":0}],"is_beta":false,"boss_relics":[],"items_purged_floors":[4],"is_endless":false,"potions_floor_spawned":[2,8],"killed_by":"Lots of Slimes","ascension_level":15}