{"gold_per_floor":[111,130,150,250,20,20,20,95,95,106,25,45,45,69,69,164,164,180,180,180,195,45,45,80,80,80,80,80,97,97,108,108,210,210,230,230,241,241,259,259,290,290,315,333,182,200,0,11,11,11],"floor_reached":50,"playtime":3475,"items_purged":["Strike_R","Strike_R"],"score":606,"play_id":"d7b01b72-5361-40fd-902d-54cf082ec87c","local_time":"20180930220945","is_ascension_mode":true,"campfire_choices":[{"data":"Spot Weakness","floor":6.0,"key":"SMITH"},{"data":"Heavy Blade","floor":13.0,"key":"SMITH"},{"data":"Shockwave","floor":15.0,"key":"SMITH"},{"data":"Whirlwind","floor":23.0,"key":"SMITH"},{"data":"Sword Boomerang","floor":25.0,"key":"SMITH"},{"data":"Body Slam","floor":27.0,"key":"SMITH"},{"data":"Shrug It Off","floor":30.0,"key":"SMITH"},{"data":"Inflame","floor":32.0,"key":"SMITH"},{"data":"True Grit","floor":40.0,"key":"SMITH"},{"data":"Heavy Blade","floor":42.0,"key":"SMITH"},{"data":"Bandage Up","floor":49.0,"key":"SMITH"}],"neow_cost":"","seed_source_timestamp":1045495894558586,"circlet_count":0,"master_deck":["Strike_R","Strike_R+1","Defend_R","Defend_R","Defend_R","Defend_R+1","Bash","Armaments+1","True Grit+1","Spot Weakness+1","Iron Wave","Sword Boomerang+1","Ghostly Armor","Shockwave+1","Heavy Blade+1","Body Slam+1","Whirlwind+1","Shrug It Off+1","Metallicize+1","J.A.X.+1","Inflame+1","Fiend Fire","Heavy Blade+1","Bandage Up+1","Shrug It Off","Finesse","Twin Strike+1"],"special_seed":0,"relics":["Burning Blood","Vajra","Mercury Hourglass","Dream Catcher","Coffee Dripper","Red Skull","Paper Frog","Busted Crown","War Paint","Pen Nib"],"potions_floor_usage":[50],"damage_taken":[{"damage":1.0,"enemies":"Cultist","floor":1.0,"turns":3.0},{"damage":9.0,"enemies":"2 Louse","floor":2.0,"turns":3.0},{"damage":4.0,"enemies":"Jaw Worm","floor":3.0,"turns":4.0},{"damage":9.0,"enemies":"Exordium Thugs","floor":10.0,"turns":4.0},{"damage":7.0,"enemies":"3 Louse","floor":12.0,"turns":2.0},{"damage":26.0,"enemies":"Hexaghost","floor":16.0,"turns":6.0},{"damage":6.0,"enemies":"3 Byrds","floor":18.0,"turns":4.0},{"damage":8.0,"enemies":"2 Thieves","floor":21.0,"turns":3.0},{"damage":9.0,"enemies":"Gremlin Leader","floor":24.0,"turns":5.0},{"damage":7.0,"enemies":"Cultist and Chosen","floor":29.0,"turns":4.0},{"damage":9.0,"enemies":"Centurion and Healer","floor":31.0,"turns":3.0},{"damage":27.0,"enemies":"Champ","floor":33.0,"turns":8.0},{"damage":3.0,"enemies":"3 Shapes","floor":35.0,"turns":5.0},{"damage":4.0,"enemies":"Mind Bloom Boss Battle","floor":36.0,"turns":3.0},{"damage":8.0,"enemies":"Orb Walker","floor":37.0,"turns":2.0},{"damage":39.0,"enemies":"4 Shapes","floor":39.0,"turns":3.0},{"damage":21.0,"enemies":"2 Orb Walkers","floor":41.0,"turns":4.0},{"damage":0.0,"enemies":"Reptomancer","floor":44.0,"turns":2.0},{"damage":31.0,"enemies":"Maw","floor":46.0,"turns":5.0},{"damage":12.0,"enemies":"4 Shapes","floor":48.0,"turns":3.0},{"damage":28,"enemies":"Time Eater","floor":50,"turns":7}],"seed_played":"-6695732006194103135","potions_obtained":[{"floor":1.0,"key":"Fire Potion"},{"floor":12.0,"key":"Fire Potion"},{"floor":16.0,"key":"BloodPotion"},{"floor":24.0,"key":"Ancient Potion"},{"floor":29.0,"key":"Swift Potion"},{"floor":33.0,"key":"GamblersBrew"},{"floor":37.0,"key":"Explosive Potion"},{"floor":39.0,"key":"GamblersBrew"},{"floor":41.0,"key":"Explosive Potion"},{"floor":44.0,"key":"GamblersBrew"},{"floor":48.0,"key":"Explosive Potion"}],"is_trial":false,"path_per_floor":["M","M","M","?","$","R","?","?","T","M","$","M","R","T","R","B",null,"M","?","?","M","$","R","E","R","T","R","?","M","R","M","R","B",null,"M","?","M","$","M","R","E","R","T","M","$","M","$","M","R"],"character_chosen":"IRONCLAD","items_purchased":["Vajra","Iron Wave","Sword Boomerang","Shockwave","Shrug It Off","Explosive Potion","Bandage Up","Shrug It Off","Finesse"],"campfire_rested":0,"item_purchase_floors":[5,5,5,11,22,22,45,45,47],"current_hp_per_floor":[80,77,79,79,79,79,63,52,52,49,49,48,48,48,48,28,80,80,80,80,78,78,78,75,75,75,75,75,74,74,71,71,50,80,80,80,78,78,45,45,38,38,38,44,44,23,23,21,21,0],"gold":11,"neow_bonus":"","is_prod":false,"is_daily":false,"chose_seed":false,"campfire_upgraded":11,"win_rate":0,"timestamp":1538370585,"path_taken":["M","?","M","?","?","R","?","?","T","?","$","M","R","?","R","BOSS","M","?","?","M","$","R","E","R","T","R","?","?","R","M","R","BOSS","M","?","M","$","M","R","E","R","T","M","$","?","$","M","R","BOSS"],"build_version":"2018-09-27","purchased_purges":2,"victory":false,"max_hp_per_floor":[80,80,80,80,80,80,80,80,80,80,80,80,80,80,80,80,80,80,80,80,80,80,80,80,80,80,80,80,80,80,80,80,80,80,80,80,80,80,80,80,80,80,80,80,80,80,80,80,80,80],"card_choices":[{"not_picked":["Corruption","Body Slam"],"picked":"Armaments","floor":1.0},{"not_picked":["Sever Soul","Havoc"],"picked":"True Grit","floor":2.0},{"not_picked":["Sentinel","Warcry"],"picked":"Spot Weakness","floor":3.0},{"not_picked":["Armaments","Iron Wave"],"picked":"Ghostly Armor","floor":10.0},{"not_picked":["Hemokinesis","Rampage"],"picked":"Heavy Blade","floor":12.0},{"not_picked":["Flex","True Grit+1"],"picked":"Body Slam","floor":18.0},{"not_picked":["Havoc","Rupture"],"picked":"Whirlwind","floor":21.0},{"not_picked":["Iron Wave","Rupture"],"picked":"Metallicize+1","floor":24.0},{"not_picked":["Flex","Headbutt","Havoc+1"],"picked":"SKIP","floor":29.0},{"not_picked":["Blood for Blood+1","Sentinel"],"picked":"Inflame","floor":31.0},{"not_picked":["Exhume","Bludgeon"],"picked":"Fiend Fire","floor":33.0},{"not_picked":["Iron Wave"],"picked":"SKIP","floor":35.0},{"not_picked":[],"picked":"Heavy Blade","floor":36.0},{"not_picked":["Sword Boomerang"],"picked":"SKIP","floor":37.0},{"not_picked":["Flex"],"picked":"SKIP","floor":39.0},{"not_picked":["Exhume"],"picked":"SKIP","floor":41.0},{"not_picked":["Perfected Strike+1"],"picked":"SKIP","floor":44.0},{"not_picked":["Carnage+1"],"picked":"SKIP","floor":46.0},{"not_picked":[],"picked":"Twin Strike+1","floor":48.0}],"player_experience":252139,"relics_obtained":[{"floor":9.0,"key":"Mercury Hourglass"},{"floor":14.0,"key":"Dream Catcher"},{"floor":24.0,"key":"Red Skull"},{"floor":26.0,"key":"Paper Frog"},{"floor":41.0,"key":"War Paint"},{"floor":43.0,"key":"Pen Nib"}],"event_choices":[{"event_name":"Golden Shrine","player_choice":"Pray","floor":4.0,"damage_taken":0.0},{"event_name":"Shining Light","player_choice":"Entered Light","floor":7.0,"damage_taken":0.0},{"event_name":"World of Goop","player_choice":"Gather Gold","floor":8.0,"damage_taken":0.0},{"event_name":"Purifier","player_choice":"One Purge","floor":19.0,"damage_taken":0.0},{"event_name":"The Woman in Blue","player_choice":"Bought 0 Potions","floor":20.0,"damage_taken":0.0},{"event_name":"Drug Dealer","player_choice":"Got JAX","floor":28.0,"damage_taken":0.0},{"event_name":"MindBloom","player_choice":"Fight","floor":36.0,"damage_taken":0.0}],"is_beta":false,"boss_relics":[{"not_picked":["Empty Cage","Black Star"],"picked":"Coffee Dripper"},{"not_picked":["Runic Dome","Calling Bell"],"picked":"Busted Crown"}],"items_purged_floors":[22,47],"is_endless":false,"potions_floor_spawned":[1,12,16,24,29,33,37,39,41,44,48],"killed_by":"Time Eater","ascension_level":4}