{"gold_per_floor":[118,130,145,156,166,166,166,32,32,48,48,62,77,87,87,87],"floor_reached":16,"playtime":913,"items_purged":["Strike_B"],"score":98,"play_id":"0ff1de67-e727-4e12-be44-84fcd40ff3be","local_time":"20190205224338","is_ascension_mode":false,"campfire_choices":[{"data":"Zap","floor":6,"key":"SMITH"},{"floor":15,"key":"REST"}],"neow_cost":"NONE","seed_source_timestamp":1588717715215538,"circlet_count":0,"master_deck":["Strike_B","Strike_B","Strike_B","Defend_B","Defend_B","Defend_B","Defend_B","Zap+1","Dualcast","Loop","Heatsinks","Self Repair","Machine Learning","Defragment","Force Field"],"relics":["Cracked Core","MawBank"],"potions_floor_usage":[],"damage_taken":[{"damage":0,"enemies":"Small Slimes","floor":1,"turns":3},{"damage":0,"enemies":"Cultist","floor":2,"turns":4},{"damage":0,"enemies":"Jaw Worm","floor":3,"turns":3},{"damage":34,"enemies":"Exordium Thugs","floor":4,"turns":6},{"damage":0,"enemies":"Looter","floor":5,"turns":3},{"damage":18,"enemies":"3 Louse","floor":10,"turns":4},{"damage":3,"enemies":"Large Slime","floor":12,"turns":7},{"damage":12,"enemies":"Looter","floor":13,"turns":4},{"damage":21,"enemies":"Lots of Slimes","floor":14,"turns":5},{"damage":49,"enemies":"Slime Boss","floor":16,"turns":8}],"seed_played":"-8634470897285367979","potions_obtained":[{"floor":2,"key":"Dexterity Potion"},{"floor":3,"key":"Dexterity Potion"},{"floor":4,"key":"Ancient Potion"},{"floor":13,"key":"GamblersBrew"}],"is_trial":false,"path_per_floor":["?","$"],"character_chosen":"DEFECT","items_purchased":["Self Repair"],"campfire_rested":1,"item_purchase_floors":[8],"current_hp_per_floor":[82,82,82,48,48,48,48,48,48,37,37,41,36,15,39,0],"gold":87,"neow_bonus":"TEN_PERCENT_HP_BONUS","is_prod":false,"is_daily":false,"chose_seed":false,"campfire_upgraded":1,"win_rate":0,"timestamp":1549403018,"path_taken":["M","M","M","M","M","R","?","?","T","M","$","M","M","M","R","BOSS"],"build_version":"2019-01-23","purchased_purges":1,"victory":false,"max_hp_per_floor":[82,82,82,82,82,82,82,82,82,82,82,82,82,82,82,82],"card_choices":[{"not_picked":["Conserve Battery","Blizzard","Hologram"],"picked":"SKIP","floor":1},{"not_picked":["Ball Lightning","Barrage"],"picked":"Loop","floor":2},{"not_picked":["Go for the Eyes","Chaos"],"picked":"Heatsinks","floor":3},{"not_picked":["Hologram","Barrage","Redo"],"picked":"SKIP","floor":4},{"not_picked":["Streamline","Sweeping Beam","Ball Lightning"],"picked":"SKIP","floor":5},{"not_picked":["Gash","Beam Cell"],"picked":"Machine Learning","floor":10},{"not_picked":["Hologram","Recycle","Redo"],"picked":"SKIP","floor":12},{"not_picked":["Conserve Battery","Beam Cell"],"picked":"Defragment","floor":13},{"not_picked":["Beam Cell","Skim"],"picked":"Force Field","floor":14}],"player_experience":128867,"relics_obtained":[],"event_choices":[{"damage_healed":0,"gold_gain":0,"player_choice":"Gave Potion","damage_taken":0,"relics_obtained":["MawBank"],"max_hp_gain":0,"max_hp_loss":0,"event_name":"WeMeetAgain","floor":7,"gold_loss":0}],"is_beta":false,"boss_relics":[],"items_purged_floors":[8],"is_endless":false,"potions_floor_spawned":[2,3,4,13],"killed_by":"Slime Boss","ascension_level":0}