{"gold_per_floor":[364,364,364,140,165,181,202,243,243,273,273,273,273,297,297,427,427,446,480,503,428,337,337,360,360,360,385,385,385,385,409,409,529,592,607,346,366,386,386,386,399,399,399,399,423,423,459,477,477,477,477,477,40,73,73],"floor_reached":55,"playtime":9566,"items_purged":[],"score":722,"play_id":"680f1264-b7a8-4f5c-8410-c5e4f174f8a9","local_time":"20190209001851","is_ascension_mode":false,"campfire_choices":[{"floor":12.0,"key":"REST"},{"floor":15.0,"key":"REST"},{"data":"Infinite Blades","floor":23.0,"key":"SMITH"},{"floor":25.0,"key":"REST"},{"data":"Accuracy","floor":28.0,"key":"SMITH"},{"data":"Choke","floor":30.0,"key":"SMITH"},{"data":"Accuracy","floor":32.0,"key":"SMITH"},{"floor":40.0,"key":"RECALL"},{"data":"Tools of the Trade","floor":42.0,"key":"SMITH"},{"data":"Writhe","floor":49.0,"key":"PURGE"},{"floor":52.0,"key":"REST"}],"neow_cost":"CURSE","seed_source_timestamp":0,"circlet_count":0,"master_deck":["Defend_G","Defend_G","Defend_G+1","Defend_G","Defend_G","Strike_G","Strike_G","Strike_G+1","Strike_G","Survivor","Neutralize","Infinite Blades+1","Well Laid Plans","Choke+1","Expertise","Accuracy+1","Dagger Throw","Slice","Adrenaline","Cloak And Dagger+1","Outmaneuver+1","Blade Dance","Slice","Infinite Blades","Dagger Throw+1","Accuracy+1","Tools of the Trade+1","Infinite Blades+1","Cloak And Dagger+1","Finisher+1","Deflect+1","Accuracy+1","Cloak And Dagger+1","Footwork+1","PanicButton"],"special_seed":0,"relics":["Ring of the Snake","Golden Idol","Orichalcum","Oddly Smooth Stone","Calipers","WristBlade","Red Mask","Question Card","Letter Opener","Tiny House","Shuriken","Ninja Scroll","Mercury Hourglass","Peace Pipe","Thread and Needle","Happy Flower"],"potions_floor_usage":[54,55],"damage_taken":[{"damage":5.0,"enemies":"Jaw Worm","floor":1.0,"turns":6.0},{"damage":0.0,"enemies":"2 Louse","floor":5.0,"turns":3.0},{"damage":0.0,"enemies":"Small Slimes","floor":6.0,"turns":3.0},{"damage":2.0,"enemies":"Blue Slaver","floor":7.0,"turns":4.0},{"damage":27.0,"enemies":"Lagavulin","floor":8.0,"turns":11.0},{"damage":4.0,"enemies":"3 Louse","floor":14.0,"turns":4.0},{"damage":19.0,"enemies":"Slime Boss","floor":16.0,"turns":12.0},{"damage":5.0,"enemies":"3 Byrds","floor":18.0,"turns":5.0},{"damage":26.0,"enemies":"Masked Bandits","floor":19.0,"turns":5.0},{"damage":1.0,"enemies":"2 Thieves","floor":20.0,"turns":4.0},{"damage":0.0,"enemies":"Chosen and Byrds","floor":24.0,"turns":5.0},{"damage":6.0,"enemies":"Centurion and Healer","floor":27.0,"turns":5.0},{"damage":6.0,"enemies":"Snake Plant","floor":31.0,"turns":3.0},{"damage":40.0,"enemies":"Collector","floor":33.0,"turns":7.0},{"damage":11.0,"enemies":"3 Darklings","floor":35.0,"turns":5.0},{"damage":11.0,"enemies":"Orb Walker","floor":37.0,"turns":3.0},{"damage":1.0,"enemies":"3 Darklings","floor":38.0,"turns":4.0},{"damage":0.0,"enemies":"Transient","floor":41.0,"turns":5.0},{"damage":3.0,"enemies":"Jaw Worm Horde","floor":45.0,"turns":3.0},{"damage":0.0,"enemies":"Nemesis","floor":47.0,"turns":3.0},{"damage":8.0,"enemies":"4 Shapes","floor":48.0,"turns":4.0},{"damage":51.0,"enemies":"Awakened One","floor":50.0,"turns":8.0},{"damage":16,"enemies":"Shield and Spear","floor":54,"turns":5},{"damage":59,"enemies":"The Heart","floor":55,"turns":5}],"seed_played":"-4821499273213543545","potions_obtained":[{"floor":8.0,"key":"EntropicBrew"},{"floor":14.0,"key":"AttackPotion"},{"floor":16.0,"key":"Dexterity Potion"},{"floor":19.0,"key":"Swift Potion"},{"floor":34.0,"key":"EntropicBrew"},{"floor":38.0,"key":"SpeedPotion"},{"floor":45.0,"key":"Block Potion"},{"floor":54,"key":"Weak Potion"}],"is_trial":false,"path_per_floor":["M","?","?","$","M","M","M","E","T","?","?","R","T","M","R","B",null,"M","?","M","?","$","R","M","R","T","M","R","?","R","M","R","B",null,"M","$","M","M","?","R","M","R","T","?","M","?","E","M","R","B",null,"R","$","E","B"],"character_chosen":"THE_SILENT","items_purchased":["Orichalcum","Well Laid Plans","Blade Dance","Slice","Shuriken","PanicButton","Thread and Needle","SteroidPotion"],"campfire_rested":4,"item_purchase_floors":[4,4,22,22,36,53,53,53],"current_hp_per_floor":[65,48,48,48,48,48,46,19,19,19,5,26,26,22,43,24,70,65,39,38,38,38,38,38,59,59,53,53,53,53,47,47,7,75,64,64,53,52,52,52,52,52,52,52,49,68,68,60,60,9,75,75,75,59,0],"gold":73,"neow_bonus":"TWO_FIFTY_GOLD","is_prod":false,"is_daily":false,"chose_seed":false,"campfire_upgraded":5,"win_rate":0,"timestamp":1549667931,"path_taken":["M","?","?","$","M","M","M","E","T","?","?","R","?","M","R","BOSS","M","?","M","?","$","R","M","R","T","M","R","?","R","M","R","BOSS","M","$","M","M","?","R","?","R","T","?","M","?","E","M","R","BOSS","R","$","E","BOSS"],"build_version":"2019-01-23","purchased_purges":0,"victory":false,"max_hp_per_floor":[70,70,70,70,70,70,70,70,70,70,70,70,70,70,70,70,70,70,70,70,70,70,70,70,70,70,70,70,70,70,70,70,70,75,75,75,75,75,75,75,75,75,75,75,75,75,75,75,75,75,75,75,75,75,75],"card_choices":[{"not_picked":["Bouncing Flask","Blade Dance"],"picked":"Infinite Blades","floor":1.0},{"not_picked":["Underhanded Strike","Slice"],"picked":"Choke","floor":5.0},{"not_picked":["Outmaneuver","Slice"],"picked":"Expertise","floor":6.0},{"not_picked":["Bane","All Out Attack"],"picked":"Accuracy","floor":7.0},{"not_picked":["Deadly Poison","Eviscerate"],"picked":"Dagger Throw","floor":8.0},{"not_picked":["Poisoned Stab","Quick Slash"],"picked":"Slice","floor":14.0},{"not_picked":["Unload","A Thousand Cuts"],"picked":"Adrenaline","floor":16.0},{"not_picked":["Sucker Punch+1","Quick Slash"],"picked":"Slice","floor":18.0},{"not_picked":["Quick Slash","Backflip"],"picked":"Cloak And Dagger","floor":19.0},{"not_picked":["Bane","Deadly Poison"],"picked":"Outmaneuver+1","floor":20.0},{"not_picked":["Riddle With Holes+1","Quick Slash"],"picked":"Infinite Blades","floor":24.0},{"not_picked":["Bouncing Flask","Footwork","Flying Knee"],"picked":"Dagger Throw+1","floor":27.0},{"not_picked":["Deflect","Endless Agony","Predator"],"picked":"Accuracy","floor":31.0},{"not_picked":["After Image","Phantasmal Killer","Glass Knife"],"picked":"Tools of the Trade","floor":33.0},{"not_picked":["Flying Knee","PiercingWail","Underhanded Strike"],"picked":"Infinite Blades+1","floor":34.0},{"not_picked":["Poisoned Stab","Dagger Spray","Heel Hook"],"picked":"Cloak And Dagger+1","floor":35.0},{"not_picked":["Acrobatics+1","Dagger Spray","Accuracy+1"],"picked":"Finisher+1","floor":37.0},{"not_picked":["Deadly Poison","Dagger Throw","Dagger Spray"],"picked":"Deflect+1","floor":38.0},{"not_picked":["Outmaneuver+1","Dagger Throw","Night Terror"],"picked":"Accuracy+1","floor":41.0},{"not_picked":["Footwork","Bane+1","Slice","Poisoned Stab"],"picked":"SKIP","floor":45.0},{"not_picked":["Bane+1","Endless Agony+1","Catalyst+1"],"picked":"Cloak And Dagger+1","floor":47.0},{"not_picked":["Skewer+1","Outmaneuver","Well Laid Plans"],"picked":"Footwork+1","floor":48.0},{"not_picked":["Outmaneuver+1","Riddle With Holes","Dodge and Roll","Deadly Poison"],"picked":"SKIP","floor":54}],"player_experience":136330,"relics_obtained":[{"floor":8.0,"key":"Oddly Smooth Stone"},{"floor":13.0,"key":"Calipers"},{"floor":19.0,"key":"Red Mask"},{"floor":26.0,"key":"Question Card"},{"floor":43.0,"key":"Mercury Hourglass"},{"floor":47.0,"key":"Peace Pipe"},{"floor":54,"key":"Happy Flower"}],"event_choices":[{"damage_healed":0.0,"max_hp_gain":0.0,"max_hp_loss":0.0,"gold_gain":0.0,"event_name":"Golden Idol","player_choice":"Take Damage","floor":2.0,"gold_loss":0.0,"damage_taken":17.0,"relics_obtained":["Golden Idol"]},{"cards_removed":["Shame"],"damage_healed":0.0,"max_hp_gain":0.0,"max_hp_loss":0.0,"gold_gain":0.0,"event_name":"Living Wall","player_choice":"Forget","floor":3.0,"gold_loss":0.0,"damage_taken":0.0},{"damage_healed":0.0,"max_hp_gain":0.0,"max_hp_loss":0.0,"gold_gain":30.0,"event_name":"Dead Adventurer","player_choice":"Searched \u00272\u0027 times","floor":10.0,"gold_loss":0.0,"damage_taken":0.0},{"damage_healed":0.0,"max_hp_gain":0.0,"max_hp_loss":0.0,"gold_gain":0.0,"event_name":"Shining Light","player_choice":"Entered Light","floor":11.0,"gold_loss":0.0,"damage_taken":14.0,"cards_upgraded":["Defend_G","Strike_G"]},{"damage_healed":0.0,"max_hp_gain":0.0,"max_hp_loss":0.0,"gold_gain":0.0,"event_name":"Masked Bandits","player_choice":"Fought Bandits","floor":19.0,"gold_loss":0.0,"damage_taken":0.0},{"cards_removed":["Strike_G"],"damage_healed":0.0,"max_hp_gain":0.0,"max_hp_loss":0.0,"gold_gain":0.0,"event_name":"Beggar","player_choice":"Gave Gold","floor":21.0,"gold_loss":75.0,"damage_taken":0.0},{"damage_healed":0.0,"max_hp_gain":0.0,"max_hp_loss":0.0,"gold_gain":0.0,"event_name":"The Mausoleum","player_choice":"Opened","floor":29.0,"gold_loss":0.0,"damage_taken":0.0,"relics_obtained":["Letter Opener"]},{"damage_healed":0.0,"max_hp_gain":0.0,"max_hp_loss":0.0,"gold_gain":0.0,"event_name":"WeMeetAgain","player_choice":"Gave Potion","floor":39.0,"gold_loss":0.0,"damage_taken":0.0,"relics_obtained":["Ninja Scroll"]},{"cards_removed":["Slice"],"damage_healed":0.0,"max_hp_gain":0.0,"max_hp_loss":0.0,"gold_gain":0.0,"event_name":"Falling","player_choice":"Removed Attack","floor":44.0,"gold_loss":0.0,"damage_taken":0.0},{"damage_healed":19.0,"max_hp_gain":0.0,"max_hp_loss":0.0,"gold_gain":0.0,"event_name":"Winding Halls","player_choice":"Writhe","floor":46.0,"gold_loss":0.0,"damage_taken":0.0,"cards_obtained":["Writhe"]}],"is_beta":false,"boss_relics":[{"not_picked":["Runic Dome","Ectoplasm"],"picked":"WristBlade"},{"not_picked":["Empty Cage","Eternal Feather"],"picked":"Tiny House"}],"items_purged_floors":[],"is_endless":false,"potions_floor_spawned":[8,14,16,19,24,38,45,54],"killed_by":"The Heart","ascension_level":0}