{"gold_per_floor":[118,138,152,170,182,182,182,182,207,226,257,257,54,74,74,177,177,190,204,204,221,232,232,249,249,275,275,293,304,329,329],"floor_reached":31,"playtime":5027,"items_purged":[],"score":262,"play_id":"7f390216-6687-4ed9-aab6-bd3ede651900","local_time":"20190228220907","is_ascension_mode":false,"campfire_choices":[{"data":"Armaments","floor":6.0,"key":"SMITH"},{"floor":12.0,"key":"REST"},{"data":"Metallicize","floor":15.0,"key":"SMITH"},{"floor":23,"key":"REST"},{"floor":25,"key":"REST"},{"data":"Reaper","floor":27,"key":"SMITH"}],"neow_cost":"NONE","seed_source_timestamp":0,"circlet_count":0,"master_deck":["Strike_R","Strike_R","Strike_R","Strike_R","Strike_R","Defend_R","Defend_R+1","Defend_R","Defend_R","Bash","Thunderclap+1","Armaments+1","Shrug It Off","Pommel Strike","Berserk","Flex","Anger","Metallicize+1","Reaper+1","Rampage","Juggernaut","Shrug It Off","Iron Wave","Cleave","Rampage","Flame Barrier","Disarm","Carnage","Intimidate+1"],"special_seed":0,"relics":["Burning Blood","Bronze Scales","Ancient Tea Set","Lizard Tail","Spirit Poop","Regal Pillow","PreservedInsect"],"potions_floor_usage":[22,29,29],"damage_taken":[{"damage":1.0,"enemies":"Cultist","floor":1.0,"turns":3.0},{"damage":10.0,"enemies":"Jaw Worm","floor":2.0,"turns":4.0},{"damage":2.0,"enemies":"Small Slimes","floor":3.0,"turns":5.0},{"damage":6.0,"enemies":"Blue Slaver","floor":4.0,"turns":8.0},{"damage":31.0,"enemies":"Gremlin Gang","floor":5.0,"turns":7.0},{"damage":5.0,"enemies":"Looter","floor":10.0,"turns":3.0},{"damage":26.0,"enemies":"Lagavulin","floor":11.0,"turns":7.0},{"damage":0.0,"enemies":"Large Slime","floor":14.0,"turns":6.0},{"damage":47.0,"enemies":"The Guardian","floor":16.0,"turns":15.0},{"damage":10.0,"enemies":"Spheric Guardian","floor":18.0,"turns":5.0},{"damage":10.0,"enemies":"3 Byrds","floor":19.0,"turns":4.0},{"damage":50.0,"enemies":"Shelled Parasite and Fungi","floor":21.0,"turns":9.0},{"damage":39,"enemies":"Sentry and Sphere","floor":22,"turns":9},{"damage":48,"enemies":"Snecko","floor":24,"turns":7},{"damage":14,"enemies":"Centurion and Healer","floor":28,"turns":9},{"damage":20,"enemies":"Sentry and Sphere","floor":29,"turns":7},{"damage":56,"enemies":"Gremlin Leader","floor":30,"turns":8},{"damage":32,"enemies":"Masked Bandits","floor":31,"turns":5}],"seed_played":"-1282903539778345137","potions_obtained":[{"floor":1.0,"key":"PowerPotion"},{"floor":4.0,"key":"Dexterity Potion"},{"floor":5.0,"key":"SteroidPotion"},{"floor":11.0,"key":"Energy Potion"},{"floor":21.0,"key":"SpeedPotion"},{"floor":24,"key":"Ancient Potion"},{"floor":28,"key":"Block Potion"},{"floor":30,"key":"SpeedPotion"}],"is_trial":false,"path_per_floor":["M","M","M","M","M","R","?","?","T","M","E","R","$","M","R","B",null,"M","M","?","M","M","R","M","R","T","R","M","M","E","?"],"character_chosen":"IRONCLAD","items_purchased":["Metallicize","Reaper"],"campfire_rested":3,"item_purchase_floors":[13,13],"current_hp_per_floor":[88,84,88,88,63,63,85,67,67,68,48,74,74,84,84,49,88,85,81,81,37,8,33,48,73,73,73,75,61,22,0],"gold":329,"neow_bonus":"TEN_PERCENT_HP_BONUS","is_prod":false,"is_daily":false,"chose_seed":false,"campfire_upgraded":3,"win_rate":0.0,"timestamp":1551416947,"path_taken":["M","M","?","M","M","R","?","?","T","M","E","R","$","M","R","BOSS","M","M","?","M","M","R","?","R","T","R","M","M","E","?"],"build_version":"2019-01-23","purchased_purges":0,"victory":false,"max_hp_per_floor":[88,88,88,88,88,88,88,88,88,88,88,88,88,88,88,88,88,88,88,85,85,85,85,85,85,85,85,85,85,85,85],"card_choices":[{"not_picked":["Battle Trance","Headbutt"],"picked":"Thunderclap","floor":1.0},{"not_picked":["Clothesline","Whirlwind"],"picked":"Armaments","floor":2.0},{"not_picked":["Armaments","Combust"],"picked":"Shrug It Off","floor":3.0},{"not_picked":["Whirlwind","Twin Strike"],"picked":"Pommel Strike","floor":4.0},{"not_picked":["Thunderclap","Body Slam"],"picked":"Berserk","floor":5.0},{"not_picked":["Disarm","Armaments"],"picked":"Flex","floor":10.0},{"not_picked":["Sword Boomerang","Burning Pact"],"picked":"Anger","floor":11.0},{"not_picked":["Pommel Strike","Cleave"],"picked":"Rampage","floor":14.0},{"not_picked":["Impervious","Reaper"],"picked":"Juggernaut","floor":16.0},{"not_picked":["Perfected Strike","Twin Strike"],"picked":"Shrug It Off","floor":18.0},{"not_picked":["Entrench","Twin Strike+1"],"picked":"Iron Wave","floor":19.0},{"not_picked":["Warcry","Iron Wave"],"picked":"Cleave","floor":21.0},{"not_picked":["Shrug It Off","Iron Wave"],"picked":"Rampage","floor":22},{"not_picked":["Warcry+1","Armaments+1"],"picked":"Flame Barrier","floor":24},{"not_picked":["Rupture","Infernal Blade"],"picked":"Disarm","floor":28},{"not_picked":["Shrug It Off","Rampage"],"picked":"Carnage","floor":29},{"not_picked":["Clothesline","Dropkick"],"picked":"Intimidate+1","floor":30}],"player_experience":8199,"relics_obtained":[{"floor":9.0,"key":"Bronze Scales"},{"floor":11.0,"key":"Ancient Tea Set"},{"floor":26,"key":"Regal Pillow"},{"floor":30,"key":"PreservedInsect"}],"event_choices":[{"damage_healed":22.0,"max_hp_gain":0.0,"max_hp_loss":0.0,"gold_gain":0.0,"event_name":"Mushrooms","player_choice":"Healed and dodged fight","floor":7.0,"gold_loss":0.0,"damage_taken":0.0,"cards_obtained":["Parasite"]},{"damage_healed":0.0,"max_hp_gain":0.0,"max_hp_loss":0.0,"gold_gain":0.0,"event_name":"Shining Light","player_choice":"Entered Light","floor":8.0,"gold_loss":0.0,"damage_taken":18.0,"cards_upgraded":["Thunderclap","Defend_R"]},{"cards_removed":["Parasite"],"damage_healed":0.0,"max_hp_gain":0.0,"max_hp_loss":0.0,"gold_gain":0.0,"event_name":"Bonfire Elementals","player_choice":"Offered Curse","floor":20.0,"gold_loss":0.0,"damage_taken":0.0,"relics_obtained":["Spirit Poop"]},{"damage_healed":0,"gold_gain":0,"player_choice":"Fought Bandits","damage_taken":0,"max_hp_gain":0,"max_hp_loss":0,"event_name":"Masked Bandits","floor":31,"gold_loss":0}],"is_beta":false,"boss_relics":[{"not_picked":["Eternal Feather","Fusion Hammer"],"picked":"Lizard Tail"}],"items_purged_floors":[],"is_endless":false,"potions_floor_spawned":[1,4,5,11,21,24,28,30],"killed_by":"Masked Bandits","ascension_level":0}