{"gold_per_floor":[112,112,131,144,42,67,67,84,111,11,11,39,39,50,50,121,121,136,148,161,172,172],"floor_reached":22,"playtime":1445,"items_purged":["Strike_G","Strike_G"],"score":327,"play_id":"5c055ee3-c367-43c6-8456-9cf8bd63b782","local_time":"20190301124026","is_ascension_mode":true,"campfire_choices":[{"data":"Neutralize","floor":7,"key":"SMITH"},{"data":"Deadly Poison","floor":13,"key":"SMITH"},{"floor":15,"key":"REST"}],"neow_cost":"NONE","seed_source_timestamp":1235505928167905,"circlet_count":0,"master_deck":["AscendersBane","Defend_G","Defend_G","Defend_G","Defend_G","Defend_G","Strike_G","Strike_G","Strike_G","Survivor","Neutralize+1","Quick Slash","Sucker Punch","Catalyst","Deadly Poison+1","Backflip","Bane","Backstab","Malaise","Night Terror","Noxious Fumes","PiercingWail"],"special_seed":0,"relics":["Ring of the Snake","NlothsMask","Pen Nib","Regal Pillow","Velvet Choker"],"potions_floor_usage":[16],"damage_taken":[{"damage":0.0,"enemies":"Cultist","floor":1.0,"turns":4.0},{"damage":0.0,"enemies":"Small Slimes","floor":3.0,"turns":3.0},{"damage":1,"enemies":"2 Louse","floor":4,"turns":3},{"damage":28,"enemies":"3 Sentries","floor":6,"turns":11},{"damage":2,"enemies":"2 Fungi Beasts","floor":8,"turns":7},{"damage":28,"enemies":"Lagavulin","floor":12,"turns":8},{"damage":11,"enemies":"Lots of Slimes","floor":14,"turns":5},{"damage":49,"enemies":"Slime Boss","floor":16,"turns":16},{"damage":10,"enemies":"3 Byrds","floor":18,"turns":8},{"damage":6,"enemies":"Shell Parasite","floor":19,"turns":6},{"damage":10,"enemies":"Centurion and Healer","floor":20,"turns":9},{"damage":20,"enemies":"Shelled Parasite and Fungi","floor":21,"turns":8},{"damage":14,"enemies":"Sentry and Sphere","floor":22,"turns":3}],"seed_played":"483216461707660482","potions_obtained":[{"floor":8,"key":"Block Potion"},{"floor":16,"key":"Explosive Potion"}],"is_trial":false,"path_per_floor":["M","?","M","M","$","E","R","M","T","$","?","E","R","M","R","B",null,"M","M","M","M","M"],"character_chosen":"THE_SILENT","items_purchased":["Deadly Poison"],"campfire_rested":1,"item_purchase_floors":[5],"current_hp_per_floor":[63,63,63,62,62,34,34,32,32,32,55,27,27,16,52,3,53,43,37,27,7,0],"gold":172,"neow_bonus":"THREE_CARDS","is_prod":false,"is_daily":false,"chose_seed":false,"campfire_upgraded":2,"win_rate":0,"timestamp":1551440426,"path_taken":["M","?","M","M","$","E","R","M","T","$","?","E","R","M","R","BOSS","M","M","M","M","M"],"build_version":"2019-01-23","purchased_purges":2,"victory":false,"max_hp_per_floor":[70,70,70,70,70,70,70,70,70,70,70,70,70,70,70,70,70,70,70,70,70,70],"card_choices":[{"not_picked":["Outmaneuver","Choke"],"picked":"Quick Slash","floor":0.0},{"not_picked":["Underhanded Strike","Poisoned Stab","Riddle With Holes"],"picked":"SKIP","floor":1.0},{"not_picked":["Blade Dance","Slice"],"picked":"Sucker Punch","floor":3},{"not_picked":["Tactician","Outmaneuver"],"picked":"Catalyst","floor":4},{"not_picked":["PiercingWail","Flying Knee"],"picked":"Backflip","floor":6},{"not_picked":["Distraction","Outmaneuver"],"picked":"Bane","floor":8},{"not_picked":["Poisoned Stab","Deflect"],"picked":"Backstab","floor":12},{"not_picked":["Masterful Stab","Poisoned Stab"],"picked":"Malaise","floor":14},{"not_picked":["Doppelganger","Malaise"],"picked":"Night Terror","floor":16},{"not_picked":["Bane+1","Dagger Spray"],"picked":"Noxious Fumes","floor":18},{"not_picked":["Slice+1","Heel Hook"],"picked":"PiercingWail","floor":19},{"not_picked":["Reflex","Cloak And Dagger","Blade Dance"],"picked":"SKIP","floor":20},{"not_picked":["Quick Slash","PiercingWail","Blur"],"picked":"SKIP","floor":21}],"player_experience":668448,"relics_obtained":[{"floor":6,"key":"Pen Nib"},{"floor":12,"key":"Regal Pillow"}],"event_choices":[{"damage_healed":0.0,"max_hp_gain":0.0,"max_hp_loss":0.0,"gold_gain":0.0,"event_name":"FaceTrader","player_choice":"Trade","floor":2.0,"gold_loss":0.0,"damage_taken":0.0,"relics_obtained":["NlothsMask"]},{"damage_healed":23,"gold_gain":0,"player_choice":"Banana","damage_taken":0,"max_hp_gain":0,"max_hp_loss":0,"event_name":"Big Fish","floor":11,"gold_loss":0}],"is_beta":false,"boss_relics":[{"not_picked":["Calling Bell","HoveringKite"],"picked":"Velvet Choker"}],"items_purged_floors":[5,10],"is_endless":false,"potions_floor_spawned":[8,16],"killed_by":"Sentry and Sphere","ascension_level":13}