{"gold_per_floor":[114,30,105,105,117,117,146,162,216,251,251,14,34,49,49,120,120,140,140,156,156,156,185,185,185,208,234,244,262,272,272,272,346,346,359,378,478,478,490,520,520,25,49,79,91,134,197,242,254,266],"floor_reached":50,"playtime":2767,"items_purged":["Pain","Writhe"],"score":1331,"play_id":"a5996df4-6c3d-41ed-8438-24fe3fd0a33a","local_time":"20190225231721","is_ascension_mode":true,"campfire_choices":[{"data":"Self Repair","floor":6.0,"key":"SMITH"},{"data":"Storm","floor":11.0,"key":"SMITH"},{"data":"Chaos","floor":15.0,"key":"SMITH"},{"data":"Buffer","floor":24.0,"key":"SMITH"},{"floor":32.0,"key":"REST"},{"floor":49,"key":"REST"}],"neow_cost":"NONE","seed_source_timestamp":41542312360087,"circlet_count":0,"master_deck":["AscendersBane","Strike_B+1","Strike_B+1","Defend_B+1","Defend_B+1","Defend_B+1","Defend_B+1","Zap","Dualcast","Storm+1","Self Repair+1","Glacier","Coolheaded","Capacitor","Chaos+1","Ball Lightning","Rainbow","Melter+1","Buffer+1","Fusion+1","Defragment","FTL","Chill","Compile Driver","Core Surge","Leap+1","Flash of Steel","Dark Shackles","Discovery","Redo+1","Core Surge","Capacitor","Loop+1","Writhe","Leap+1"],"special_seed":0,"relics":["Cracked Core","NeowsBlessing","WarpedTongs","Oddly Smooth Stone","Lantern","War Paint","DataDisk","Black Star","Du-Vu Doll","Juzu Bracelet","Bottled Flame","Vajra","Blood Vial","Calipers","Philosopher\u0027s Stone","StoneCalendar","Gambling Chip","Strawberry","Emotion Chip","MawBank","Singing Bowl","PreservedInsect","Shovel","Anchor","Ancient Tea Set"],"potions_floor_usage":[],"damage_taken":[{"damage":0.0,"enemies":"Small Slimes","floor":1.0,"turns":1.0},{"damage":0.0,"enemies":"Cultist","floor":5.0,"turns":1.0},{"damage":0.0,"enemies":"Gremlin Nob","floor":7.0,"turns":1.0},{"damage":2.0,"enemies":"2 Louse","floor":8.0,"turns":3.0},{"damage":33.0,"enemies":"3 Sentries","floor":10.0,"turns":18.0},{"damage":0.0,"enemies":"Blue Slaver","floor":13.0,"turns":3.0},{"damage":6.0,"enemies":"2 Fungi Beasts","floor":14.0,"turns":3.0},{"damage":9.0,"enemies":"The Guardian","floor":16.0,"turns":8.0},{"damage":12.0,"enemies":"3 Byrds","floor":18.0,"turns":5.0},{"damage":1.0,"enemies":"Shell Parasite","floor":20.0,"turns":6.0},{"damage":28.0,"enemies":"Slavers","floor":23.0,"turns":7.0},{"damage":63.0,"enemies":"Book of Stabbing","floor":27.0,"turns":6.0},{"damage":0.0,"enemies":"Snecko","floor":28.0,"turns":5.0},{"damage":26.0,"enemies":"Shelled Parasite and Fungi","floor":29.0,"turns":7.0},{"damage":9.0,"enemies":"3 Cultists","floor":30.0,"turns":5.0},{"damage":24.0,"enemies":"Champ","floor":33.0,"turns":13.0},{"damage":24.0,"enemies":"3 Darklings","floor":35.0,"turns":6.0},{"damage":14.0,"enemies":"Orb Walker","floor":36.0,"turns":3.0},{"damage":0.0,"enemies":"Mind Bloom Boss Battle","floor":37.0,"turns":7.0},{"damage":4.0,"enemies":"Writhing Mass","floor":39.0,"turns":6.0},{"damage":36.0,"enemies":"Reptomancer","floor":40.0,"turns":7.0},{"damage":4.0,"enemies":"Transient","floor":44.0,"turns":6.0},{"damage":0.0,"enemies":"Nemesis","floor":46.0,"turns":7.0},{"damage":59.0,"enemies":"2 Orb Walkers","floor":47.0,"turns":6.0},{"damage":15,"enemies":"Giant Head","floor":48,"turns":7},{"damage":0,"enemies":"Awakened One","floor":50,"turns":1}],"seed_played":"8315078632051678207","potions_obtained":[{"floor":1.0,"key":"FearPotion"},{"floor":5.0,"key":"Regen Potion"},{"floor":10.0,"key":"SkillPotion"},{"floor":18.0,"key":"Weak Potion"},{"floor":27.0,"key":"Strength Potion"},{"floor":30.0,"key":"Swift Potion"},{"floor":35.0,"key":"SpeedPotion"},{"floor":44.0,"key":"LiquidBronze"},{"floor":47.0,"key":"Strength Potion"},{"floor":48,"key":"FairyPotion"}],"is_trial":false,"path_per_floor":["M","$","?","?","M","R","E","M","T","E","R","$","M","M","R","B",null,"M","T","M","?","?","E","R","?","T","E","M","M","M","?","R","B",null,"M","M","?","?","M","E","?","$","T","M","?","E","?","E","R","B"],"character_chosen":"DEFECT","items_purchased":["Self Repair","DataDisk","Emotion Chip","Capacitor"],"campfire_rested":2,"item_purchase_floors":[2,12,42,42],"current_hp_per_floor":[64,64,53,53,60,60,60,68,68,45,45,45,55,59,59,60,68,66,66,71,71,71,53,53,53,53,15,27,13,16,16,37,25,60,48,46,58,48,56,39,39,39,39,47,63,75,30,29,53,55],"gold":266,"neow_bonus":"THREE_ENEMY_KILL","is_prod":false,"is_daily":false,"chose_seed":false,"campfire_upgraded":4,"win_rate":0,"timestamp":1551133041,"path_taken":["M","$","?","?","M","R","E","?","T","E","R","$","M","M","R","BOSS","M","?","M","?","?","E","R","?","T","E","M","M","M","?","R","BOSS","M","M","?","?","M","E","?","$","T","M","?","E","?","E","R","BOSS"],"build_version":"2019-02-06","purchased_purges":2,"victory":false,"max_hp_per_floor":[71,71,71,71,71,71,71,71,71,71,71,71,71,71,71,71,71,71,71,71,71,71,71,71,71,71,71,71,71,71,71,71,71,71,71,71,71,71,71,78,78,78,78,78,78,78,80,82,82,82],"card_choices":[{"not_picked":["Tempest","Barrage"],"picked":"Storm","floor":1.0},{"not_picked":["BootSequence","Steam"],"picked":"Glacier","floor":5.0},{"not_picked":["Beam Cell","Compile Driver"],"picked":"Coolheaded","floor":7.0},{"not_picked":["Redo","Rebound"],"picked":"Capacitor","floor":8.0},{"not_picked":["Hologram","Fusion"],"picked":"Chaos","floor":10.0},{"not_picked":["Turbo","Scrape","Rebound"],"picked":"SKIP","floor":13.0},{"not_picked":["Doom and Gloom","Streamline"],"picked":"Ball Lightning","floor":14.0},{"not_picked":["Machine Learning","Hyperbeam"],"picked":"Rainbow","floor":16.0},{"not_picked":["Barrage","Sunder"],"picked":"Melter+1","floor":18.0},{"not_picked":["Barrage","Skim","Coolheaded"],"picked":"SKIP","floor":20.0},{"not_picked":["Go for the Eyes","Genetic Algorithm"],"picked":"Buffer","floor":23.0},{"not_picked":["Turbo","Streamline","Genetic Algorithm"],"picked":"SKIP","floor":27.0},{"not_picked":["Steam","Beam Cell"],"picked":"Fusion+1","floor":28.0},{"not_picked":["Barrage","Tempest"],"picked":"Defragment","floor":29.0},{"not_picked":["Steam","Rebound"],"picked":"FTL","floor":30.0},{"not_picked":["All For One","Rainbow"],"picked":"Core Surge","floor":33.0},{"not_picked":["Gash+1","Beam Cell"],"picked":"Leap+1","floor":35.0},{"not_picked":["Leap","Rebound","Steam"],"picked":"SKIP","floor":36.0},{"not_picked":["Transmutation","HandOfGreed"],"picked":"Flash of Steel","floor":38.0},{"not_picked":["Master of Strategy","Bandage Up"],"picked":"Dark Shackles","floor":38.0},{"not_picked":["Swift Strike","Madness"],"picked":"Discovery","floor":38.0},{"not_picked":["Rip and Tear","Sweeping Beam+1"],"picked":"Redo+1","floor":39.0},{"not_picked":["Stack","Gash+1"],"picked":"Core Surge","floor":40.0},{"not_picked":["Compile Driver","Storm"],"picked":"Loop+1","floor":44.0},{"not_picked":["White Noise","Go for the Eyes"],"picked":"Leap+1","floor":46.0},{"not_picked":["Steam","Go for the Eyes+1","Consume"],"picked":"Singing Bowl","floor":47.0},{"not_picked":["Compile Driver","Reboot","Stack"],"picked":"Singing Bowl","floor":48}],"player_experience":947041,"relics_obtained":[{"floor":7.0,"key":"Oddly Smooth Stone"},{"floor":9.0,"key":"Lantern"},{"floor":10.0,"key":"War Paint"},{"floor":19.0,"key":"Du-Vu Doll"},{"floor":23.0,"key":"Juzu Bracelet"},{"floor":23.0,"key":"Bottled Flame"},{"floor":27.0,"key":"Blood Vial"},{"floor":27.0,"key":"Calipers"},{"floor":37.0,"key":"StoneCalendar"},{"floor":40.0,"key":"Gambling Chip"},{"floor":40.0,"key":"Strawberry"},{"floor":43.0,"key":"MawBank"},{"floor":46.0,"key":"Singing Bowl"},{"floor":46.0,"key":"PreservedInsect"},{"floor":47.0,"key":"Shovel"},{"floor":48,"key":"Anchor"},{"floor":48,"key":"Ancient Tea Set"}],"event_choices":[{"damage_healed":0.0,"max_hp_gain":0.0,"max_hp_loss":0.0,"gold_gain":75.0,"event_name":"World of Goop","player_choice":"Gather Gold","floor":3.0,"gold_loss":0.0,"damage_taken":11.0},{"damage_healed":0.0,"max_hp_gain":0.0,"max_hp_loss":0.0,"gold_gain":0.0,"event_name":"Accursed Blacksmith","player_choice":"Rummage","floor":4.0,"gold_loss":0.0,"damage_taken":0.0,"relics_obtained":["WarpedTongs"],"cards_obtained":["Pain"]},{"damage_healed":0.0,"max_hp_gain":0.0,"max_hp_loss":0.0,"gold_gain":0.0,"event_name":"Vampires","player_choice":"Ignored","floor":21.0,"gold_loss":0.0,"damage_taken":0.0},{"damage_healed":0.0,"max_hp_gain":0.0,"max_hp_loss":0.0,"gold_gain":0.0,"event_name":"Back to Basics","player_choice":"Simplicity","floor":22.0,"gold_loss":0.0,"damage_taken":0.0,"cards_upgraded":["Strike_B","Strike_B","Strike_B","Strike_B","Defend_B","Defend_B"]},{"damage_healed":0.0,"max_hp_gain":0.0,"max_hp_loss":0.0,"gold_gain":0.0,"event_name":"The Mausoleum","player_choice":"Opened","floor":25.0,"gold_loss":0.0,"damage_taken":0.0,"relics_obtained":["Vajra"],"cards_obtained":["Writhe"]},{"damage_healed":0.0,"max_hp_gain":0.0,"max_hp_loss":0.0,"gold_gain":0.0,"cards_transformed":["Strike_B","Strike_B"],"event_name":"Drug Dealer","player_choice":"Became Test Subject","floor":31.0,"gold_loss":0.0,"damage_taken":0.0,"cards_obtained":["Chill","Compile Driver"]},{"damage_healed":0.0,"max_hp_gain":0.0,"max_hp_loss":0.0,"gold_gain":0.0,"event_name":"MindBloom","player_choice":"Fight","floor":37.0,"gold_loss":0.0,"damage_taken":0.0},{"damage_healed":0.0,"max_hp_gain":0.0,"max_hp_loss":0.0,"gold_gain":0.0,"event_name":"SensoryStone","player_choice":"Memory 3","floor":38.0,"gold_loss":0.0,"damage_taken":10.0},{"damage_healed":0.0,"max_hp_gain":0.0,"max_hp_loss":0.0,"gold_gain":0.0,"event_name":"Tomb of Lord Red Mask","player_choice":"Ignored","floor":41.0,"gold_loss":0.0,"damage_taken":0.0},{"damage_healed":16.0,"max_hp_gain":0.0,"max_hp_loss":0.0,"gold_gain":0.0,"event_name":"Winding Halls","player_choice":"Writhe","floor":45.0,"gold_loss":0.0,"damage_taken":0.0,"cards_obtained":["Writhe"]},{"damage_healed":0.0,"max_hp_gain":0.0,"max_hp_loss":0.0,"gold_gain":0.0,"event_name":"Mysterious Sphere","player_choice":"Fight","floor":47.0,"gold_loss":0.0,"damage_taken":0.0}],"is_beta":true,"boss_relics":[{"not_picked":["Snecko Eye","Pandora\u0027s Box"],"picked":"Black Star"},{"not_picked":["Lizard Tail","White Beast Statue"],"picked":"Philosopher\u0027s Stone"}],"items_purged_floors":[12,42],"is_endless":false,"potions_floor_spawned":[1,5,10,18,27,30,35,44,47,48],"killed_by":"Awakened One","ascension_level":20}