{"gold_per_floor":[116,116,133,58,58,58,58,76,76,91,91,108,108,142,142,241,241,254,254,254,264,276,303,326,326,407,407,307,327,327,338,338,338],"floor_reached":33,"playtime":1768,"items_purged":["Defend_B","Doubt"],"score":347,"play_id":"2a9cd7b9-4621-4bbb-b153-d5337acd3d9b","local_time":"20181118193233","is_ascension_mode":true,"campfire_choices":[{"data":"Zap","floor":6,"key":"SMITH"},{"floor":11,"key":"REST"},{"data":"Zap","floor":13,"key":"SMITH"},{"data":"Glacier","floor":15,"key":"SMITH"},{"floor":25,"key":"REST"},{"data":"Reinforced Body","floor":27,"key":"SMITH"},{"floor":32,"key":"REST"}],"neow_cost":"TEN_PERCENT_HP_LOSS","seed_source_timestamp":353683800015475,"circlet_count":0,"master_deck":["Strike_B","Strike_B","Strike_B","Defend_B","Defend_B+1","Defend_B","Zap+1","Zap+1","Defragment+1","Glacier+1","Glacier","Reinforced Body+1"],"relics":["Cracked Core","Shuriken","Nunchaku","Sozu","Bottled Flame","Centennial Puzzle","Darkstone Periapt","Singing Bowl"],"potions_floor_usage":[16,16,33,33],"damage_taken":[{"damage":0,"enemies":"Cultist","floor":1,"turns":4},{"damage":2,"enemies":"Small Slimes","floor":3,"turns":4},{"damage":7,"enemies":"Jaw Worm","floor":8,"turns":3},{"damage":0,"enemies":"2 Fungi Beasts","floor":10,"turns":3},{"damage":0,"enemies":"Looter","floor":12,"turns":3},{"damage":0,"enemies":"3 Sentries","floor":14,"turns":8},{"damage":10,"enemies":"Hexaghost","floor":16,"turns":11},{"damage":0,"enemies":"Shell Parasite","floor":18,"turns":6},{"damage":2,"enemies":"Chosen","floor":21,"turns":5},{"damage":12,"enemies":"Snecko","floor":22,"turns":7},{"damage":0,"enemies":"Book of Stabbing","floor":23,"turns":10},{"damage":24,"enemies":"Chosen and Byrds","floor":29,"turns":13},{"damage":8,"enemies":"Snake Plant","floor":31,"turns":6},{"damage":101,"enemies":"Automaton","floor":33,"turns":24}],"seed_played":"-8262445206874344026","potions_obtained":[{"floor":8,"key":"PowerPotion"},{"floor":10,"key":"Strength Potion"},{"floor":14,"key":"Regen Potion"},{"floor":16,"key":"EntropicBrew"}],"is_trial":false,"path_per_floor":["M","?","M","$","?","R","$","M","T","M","R","M","R","E","R","B",null,"M","?","?","M","M","E","T","R","T","R","$","M","?","M","R","B"],"character_chosen":"DEFECT","items_purchased":[],"campfire_rested":3,"item_purchase_floors":[],"current_hp_per_floor":[68,68,66,66,52,52,52,45,45,45,65,65,65,65,65,55,68,68,56,56,54,42,42,42,63,63,63,63,39,39,33,55,0],"gold":338,"neow_bonus":"REMOVE_TWO","is_prod":false,"is_daily":false,"chose_seed":false,"campfire_upgraded":4,"win_rate":0,"timestamp":1542591153,"path_taken":["M","?","M","?","?","R","$","M","T","?","R","M","R","E","R","BOSS","M","?","?","M","?","E","?","R","T","R","$","?","?","M","R","BOSS"],"build_version":"2018-11-15","purchased_purges":2,"victory":false,"max_hp_per_floor":[68,68,68,68,68,68,68,68,68,68,68,68,68,68,68,68,68,68,73,73,73,73,73,73,73,73,73,73,73,73,75,75,75],"card_choices":[{"not_picked":["Leap","Stack","Turbo"],"picked":"SKIP","floor":1},{"not_picked":["Conserve Battery","Hologram"],"picked":"Defragment","floor":3},{"not_picked":["Static Discharge","Rip and Tear"],"picked":"Glacier","floor":8},{"not_picked":["Ball Lightning","Turbo","Barrage"],"picked":"SKIP","floor":10},{"not_picked":["Redo","Steam","Gash"],"picked":"SKIP","floor":12},{"not_picked":["Steam","Storm","Gash"],"picked":"SKIP","floor":14},{"not_picked":["Hologram","Steam+1","Gash+1"],"picked":"SKIP","floor":18},{"not_picked":["Lockon","Stack","Streamline"],"picked":"SKIP","floor":21},{"not_picked":["Consume","Undo+1"],"picked":"Glacier","floor":22},{"not_picked":["Doom and Gloom+1","Coolheaded"],"picked":"Reinforced Body","floor":23},{"not_picked":["Leap","Melter","Storm+1"],"picked":"SKIP","floor":29},{"not_picked":["Reboot","Compile Driver","Steam Power+1"],"picked":"Singing Bowl","floor":31}],"player_experience":372207,"relics_obtained":[{"floor":9,"key":"Shuriken"},{"floor":14,"key":"Nunchaku"},{"floor":23,"key":"Bottled Flame"},{"floor":24,"key":"Centennial Puzzle"},{"floor":26,"key":"Darkstone Periapt"},{"floor":30,"key":"Singing Bowl"}],"event_choices":[{"damage_healed":0,"gold_gain":0,"player_choice":"1 cards matched","damage_taken":0,"max_hp_gain":0,"max_hp_loss":0,"event_name":"Match and Keep!","floor":2,"gold_loss":0,"cards_obtained":["Zap"]},{"damage_healed":0,"gold_gain":0,"player_choice":"Entered Light","damage_taken":14,"max_hp_gain":0,"max_hp_loss":0,"event_name":"Shining Light","floor":5,"gold_loss":0,"cards_upgraded":["Defend_B","Defragment"]},{"damage_healed":0,"gold_gain":0,"player_choice":"Shed Blood","damage_taken":17,"max_hp_gain":5,"max_hp_loss":0,"event_name":"Forgotten Altar","floor":19,"gold_loss":0},{"damage_healed":0,"gold_gain":0,"player_choice":"1 cards matched","damage_taken":0,"max_hp_gain":0,"max_hp_loss":0,"event_name":"Match and Keep!","floor":20,"gold_loss":0,"cards_obtained":["Doubt"]},{"damage_healed":0,"gold_gain":0,"player_choice":"Relic","damage_taken":0,"max_hp_gain":0,"max_hp_loss":0,"event_name":"Wheel of Change","floor":30,"gold_loss":0}],"is_beta":false,"boss_relics":[{"not_picked":["Eternal Feather","Tiny House"],"picked":"Sozu"}],"items_purged_floors":[4,28],"is_endless":false,"potions_floor_spawned":[8,10,14,16,23,29,31],"killed_by":"Automaton","ascension_level":2}