{"gold_per_floor":[118,45,45,120,140,140,159,159,183,183,106,130,154,178,178,304,304,214],"floor_reached":18,"playtime":2352,"items_purged":[],"score":190,"play_id":"1497cc85-cdf7-425d-9f8b-f7d27ef615ed","local_time":"20180927073539","is_ascension_mode":true,"campfire_choices":[{"floor":6,"key":"REST"},{"floor":8,"key":"REST"},{"data":"Adrenaline","floor":15,"key":"SMITH"}],"neow_cost":"PERCENT_DAMAGE","seed_source_timestamp":775877218563233,"circlet_count":0,"master_deck":["Defend_G","Defend_G","Defend_G","Strike_G","Strike_G","Strike_G","Strike_G","Survivor","Neutralize","Bouncing Flask","Blur","Distraction","Blur","PiercingWail","Outmaneuver","Adrenaline+1","Predator","Envenom","Noxious Fumes","Sucker Punch","After Image"],"relics":["Ring of the Snake","Golden Idol","Pen Nib","Runic Pyramid"],"potions_floor_usage":[16,16,18],"damage_taken":[{"damage":16,"enemies":"Small Slimes","floor":1,"turns":5},{"damage":1,"enemies":"Jaw Worm","floor":5,"turns":4},{"damage":3,"enemies":"2 Louse","floor":7,"turns":3},{"damage":0,"enemies":"Exordium Wildlife","floor":12,"turns":3},{"damage":2,"enemies":"Red Slaver","floor":13,"turns":5},{"damage":3,"enemies":"Looter","floor":14,"turns":3},{"damage":1,"enemies":"Slime Boss","floor":16,"turns":6},{"damage":52,"enemies":"2 Thieves","floor":18,"turns":5}],"seed_played":"-7459965575754879753","potions_obtained":[{"floor":1,"key":"PowerPotion"},{"floor":7,"key":"Explosive Potion"},{"floor":16,"key":"Poison Potion"}],"is_trial":false,"path_per_floor":["M","$","?","?","M","R","M","R","T","?","$","M","M","M","R","B",null],"character_chosen":"THE_SILENT","items_purchased":["Blur","Predator"],"campfire_rested":2,"item_purchase_floors":[2,11],"current_hp_per_floor":[33,33,16,5,4,25,22,43,43,43,43,43,41,38,38,37,62,10],"gold":214,"neow_bonus":"TRANSFORM_TWO_CARDS","is_prod":false,"is_daily":false,"chose_seed":false,"campfire_upgraded":1,"win_rate":0,"timestamp":1538008539,"path_taken":["M","$","?","?","?","R","M","R","T","?","?","M","?","?","R","BOSS","M"],"build_version":"2018-09-20","purchased_purges":0,"victory":false,"max_hp_per_floor":[70,70,70,70,70,70,70,70,70,70,70,70,70,70,70,70,70,70],"card_choices":[{"not_picked":["Caltrops","Concentrate"],"picked":"Distraction","floor":1},{"not_picked":["Underhanded Strike","Dagger Throw"],"picked":"PiercingWail","floor":5},{"not_picked":["Flechettes","Terror"],"picked":"Outmaneuver","floor":7},{"not_picked":["Poisoned Stab","Distraction"],"picked":"Envenom","floor":12},{"not_picked":["Dagger Spray","PiercingWail"],"picked":"Noxious Fumes","floor":13},{"not_picked":["PiercingWail","Underhanded Strike"],"picked":"Sucker Punch","floor":14},{"not_picked":["Unload","Malaise"],"picked":"After Image","floor":16}],"player_experience":199541,"relics_obtained":[{"floor":9,"key":"Pen Nib"}],"event_choices":[{"event_name":"Golden Idol","player_choice":"Take Damage","floor":3,"damage_taken":0},{"event_name":"World of Goop","player_choice":"Gather Gold","floor":4,"damage_taken":0},{"event_name":"Transmorgrifier","player_choice":"Transform","floor":10,"damage_taken":0}],"is_beta":false,"boss_relics":[{"not_picked":["Orrery","Astrolabe"],"picked":"Runic Pyramid"}],"items_purged_floors":[],"is_endless":false,"potions_floor_spawned":[1,7,16],"killed_by":"2 Thieves","ascension_level":5}