{"gold_per_floor":[369,386,66,66,76,76,89,99,123,46,66,77,77,133,133,133],"floor_reached":16,"playtime":566,"items_purged":["Injury"],"score":165,"play_id":"b4f29653-4eb1-488e-9ca2-dc46972927db","local_time":"20190228224512","is_ascension_mode":true,"campfire_choices":[{"data":"Bash","floor":6,"key":"SMITH"},{"data":"Armaments","floor":13,"key":"SMITH"},{"floor":15,"key":"REST"}],"neow_cost":"CURSE","seed_source_timestamp":578633578571064,"circlet_count":0,"master_deck":["AscendersBane","Strike_R","Strike_R","Strike_R","Strike_R","Strike_R","Defend_R","Defend_R","Defend_R","Defend_R","Bash+1","Pommel Strike","Burning Pact","Armaments+1","Cleave","Metallicize+1","Thunderclap","Feel No Pain+1"],"relics":["Burning Blood","Frozen Egg 2","Bronze Scales"],"potions_floor_usage":[11,16],"damage_taken":[{"damage":14,"enemies":"Cultist","floor":1,"turns":5},{"damage":0,"enemies":"2 Louse","floor":2,"turns":2},{"damage":10,"enemies":"Small Slimes","floor":5,"turns":3},{"damage":31,"enemies":"Gremlin Gang","floor":7,"turns":8},{"damage":12,"enemies":"Large Slime","floor":8,"turns":7},{"damage":5,"enemies":"Exordium Thugs","floor":11,"turns":3},{"damage":16,"enemies":"Blue Slaver","floor":12,"turns":3},{"damage":50,"enemies":"The Guardian","floor":16,"turns":5}],"seed_played":"6670308270389736831","potions_obtained":[{"floor":7,"key":"Energy Potion"},{"floor":8,"key":"SkillPotion"},{"floor":11,"key":"LiquidBronze"}],"is_trial":false,"path_per_floor":["M","M","$","?","M","R","M","M","T","$","M","M","R","?","R","B"],"character_chosen":"IRONCLAD","items_purchased":["Frozen Egg 2","Metallicize+1"],"campfire_rested":1,"item_purchase_floors":[3,10],"current_hp_per_floor":[60,66,66,66,62,62,37,31,31,31,32,22,22,22,44,0],"gold":133,"neow_bonus":"TWO_FIFTY_GOLD","is_prod":false,"is_daily":false,"chose_seed":false,"campfire_upgraded":2,"win_rate":0,"timestamp":1551361512,"path_taken":["M","M","$","?","M","R","M","M","T","$","M","M","R","?","R","BOSS"],"build_version":"2019-01-23","purchased_purges":1,"victory":false,"max_hp_per_floor":[75,75,75,75,75,75,75,75,75,75,75,75,75,75,75,75],"card_choices":[{"not_picked":["Havoc","Heavy Blade","Hemokinesis"],"picked":"SKIP","floor":1},{"not_picked":["Twin Strike","Sword Boomerang"],"picked":"Pommel Strike","floor":2},{"not_picked":["Rage","Infernal Blade"],"picked":"Burning Pact","floor":5},{"not_picked":["Pommel Strike","Entrench"],"picked":"Armaments","floor":7},{"not_picked":["Fiend Fire","Perfected Strike"],"picked":"Cleave","floor":8},{"not_picked":["Shrug It Off","Perfected Strike"],"picked":"Thunderclap","floor":11},{"not_picked":["Anger","Searing Blow"],"picked":"Feel No Pain+1","floor":12}],"player_experience":133821,"relics_obtained":[{"floor":9,"key":"Bronze Scales"}],"event_choices":[{"damage_healed":0,"gold_gain":0,"player_choice":"Leave","damage_taken":0,"max_hp_gain":0,"max_hp_loss":0,"event_name":"The Cleric","floor":4,"gold_loss":0},{"damage_healed":0,"gold_gain":56,"player_choice":"Gained Gold","damage_taken":0,"max_hp_gain":0,"max_hp_loss":0,"event_name":"Golden Wing","floor":14,"gold_loss":0}],"is_beta":false,"boss_relics":[],"items_purged_floors":[3],"is_endless":false,"potions_floor_spawned":[7,8,11],"killed_by":"The Guardian","ascension_level":15}