{"gold_per_floor":[118,118,118,9,24,24,54,71,71,90,90,109,59,32,32,134,134,144,3,3,3,3,3,20,47,97,97,22,22,22,50,50,145,145,160,160,176,39,50,50,63,15,15,31,46,46,46,57,57,57],"floor_reached":51,"playtime":2813,"items_purged":["Strike_R","Defend_R"],"score":758,"play_id":"ad0a4af9-c1fd-4ba4-ae04-eaf8103ef730","local_time":"20190228211227","is_ascension_mode":false,"campfire_choices":[{"data":"Berserk","floor":6,"key":"SMITH"},{"floor":11,"key":"DIG"},{"floor":15,"key":"DIG"},{"floor":23,"key":"DIG"},{"floor":27,"key":"DIG"},{"floor":32,"key":"DIG"},{"floor":40,"key":"DIG"},{"data":"Armaments","floor":46,"key":"SMITH"},{"floor":49,"key":"DIG"}],"neow_cost":"NONE","seed_source_timestamp":2328576427417,"circlet_count":0,"master_deck":["Strike_R","Strike_R","Strike_R","Defend_R","Defend_R","Defend_R","Bash","Berserk+1","Disarm","Shockwave+1","Battle Trance","Flame Barrier+1","Perfected Strike","Shrug It Off","Juggernaut","Ghostly Armor+1","Barricade","Ghostly","Ghostly","Ghostly","Ghostly","Ghostly","Metallicize","Warcry+1","Armaments+1","Shrug It Off+1"],"relics":["Burning Blood","Sundial","Shovel","Blood Vial","Darkstone Periapt","Vajra","Sozu","Oddly Smooth Stone","Paper Frog","Potion Belt","Gremlin Horn","Pantograph","Art of War","Bronze Scales","Coffee Dripper","Letter Opener","War Paint","Bag of Preparation"],"potions_floor_usage":[50,50,50],"damage_taken":[{"damage":5,"enemies":"Jaw Worm","floor":1,"turns":4},{"damage":7,"enemies":"Small Slimes","floor":5,"turns":3},{"damage":19,"enemies":"Lagavulin","floor":7,"turns":5},{"damage":0,"enemies":"Cultist","floor":8,"turns":3},{"damage":8,"enemies":"Blue Slaver","floor":10,"turns":6},{"damage":8,"enemies":"Looter","floor":12,"turns":3},{"damage":17,"enemies":"Hexaghost","floor":16,"turns":11},{"damage":0,"enemies":"3 Byrds","floor":18,"turns":6},{"damage":10,"enemies":"2 Thieves","floor":24,"turns":5},{"damage":7,"enemies":"Book of Stabbing","floor":25,"turns":8},{"damage":0,"enemies":"Gremlin Leader","floor":31,"turns":10},{"damage":25,"enemies":"Collector","floor":33,"turns":17},{"damage":0,"enemies":"3 Darklings","floor":35,"turns":6},{"damage":3,"enemies":"3 Shapes","floor":37,"turns":5},{"damage":0,"enemies":"Spire Growth","floor":39,"turns":7},{"damage":0,"enemies":"3 Darklings","floor":41,"turns":6},{"damage":0,"enemies":"Writhing Mass","floor":44,"turns":7},{"damage":0,"enemies":"Jaw Worm Horde","floor":45,"turns":5},{"damage":0,"enemies":"Sphere and 2 Shapes","floor":48,"turns":5},{"damage":0,"enemies":"Time Eater","floor":50,"turns":14}],"seed_played":"-8819429242437797335","potions_obtained":[{"floor":5,"key":"Explosive Potion"},{"floor":8,"key":"Dexterity Potion"},{"floor":12,"key":"Fire Potion"}],"is_trial":false,"path_per_floor":["M","?","?","$","M","R","E","M","T","M","R","M","?","$","R","B",null,"M","$","?","?","$","R","M","E","T","R","$","?","T","E","R","B",null,"M","?","M","$","M","R","M","$","T","M","M","R","?","M","R","B",null],"character_chosen":"IRONCLAD","items_purchased":["Disarm","Shockwave","Shrug It Off","Barricade","Metallicize","Armaments"],"campfire_rested":0,"item_purchase_floors":[4,4,14,19,38,42],"current_hp_per_floor":[80,47,47,47,46,46,33,39,39,39,39,39,39,39,39,30,80,80,80,40,40,40,40,36,37,37,37,37,37,37,40,40,21,40,40,40,40,40,40,40,40,40,40,40,40,40,38,38,38,38],"gold":57,"neow_bonus":"ONE_RANDOM_RARE_CARD","is_prod":false,"is_daily":false,"chose_seed":false,"campfire_upgraded":2,"win_rate":0,"timestamp":1551406347,"path_taken":["M","?","?","$","M","R","E","M","T","?","R","M","?","$","R","BOSS","M","$","?","?","$","R","M","E","T","R","$","?","?","E","R","BOSS","M","?","M","$","M","R","M","$","T","?","M","R","?","M","R","BOSS"],"build_version":"2019-01-23","purchased_purges":2,"victory":true,"max_hp_per_floor":[80,80,80,80,80,80,80,80,80,80,80,80,80,80,80,80,80,80,80,40,40,40,40,40,40,40,40,40,40,40,40,40,40,40,40,40,40,40,40,40,40,40,40,40,40,40,38,38,38,38],"card_choices":[{"not_picked":["Fire Breathing","Sever Soul"],"picked":"Perfected Strike","floor":1},{"not_picked":["Rampage","Clash"],"picked":"Battle Trance","floor":5},{"not_picked":["Shockwave","Twin Strike"],"picked":"Flame Barrier","floor":7},{"not_picked":["Reckless Charge","Havoc","Flex"],"picked":"SKIP","floor":8},{"not_picked":["Shrug It Off","Infernal Blade"],"picked":"Perfected Strike","floor":10},{"not_picked":["Clothesline","Wild Strike","Combust"],"picked":"SKIP","floor":12},{"not_picked":["Dark Embrace","Exhume"],"picked":"Juggernaut","floor":16},{"not_picked":["Inflame","Pommel Strike"],"picked":"Ghostly Armor+1","floor":18},{"not_picked":["Iron Wave","Thunderclap","Carnage"],"picked":"SKIP","floor":24},{"not_picked":["Sword Boomerang+1","Barricade","Fiend Fire"],"picked":"SKIP","floor":25},{"not_picked":["Shockwave","Armaments","Clothesline+1"],"picked":"SKIP","floor":31},{"not_picked":["Heavy Blade+1","Flex+1","Wild Strike+1"],"picked":"SKIP","floor":35},{"not_picked":["Iron Wave","Inflame+1","Second Wind"],"picked":"SKIP","floor":37},{"not_picked":["Clothesline+1","Clash+1"],"picked":"Warcry+1","floor":39},{"not_picked":["Anger+1","Infernal Blade","Shockwave+1"],"picked":"SKIP","floor":41},{"not_picked":["Pommel Strike+1","Fiend Fire"],"picked":"Shrug It Off+1","floor":44},{"not_picked":["Twin Strike","Headbutt+1","Disarm"],"picked":"SKIP","floor":45},{"not_picked":["Thunderclap+1","Clash","Rampage"],"picked":"SKIP","floor":48}],"player_experience":503349,"relics_obtained":[{"floor":7,"key":"Shovel"},{"floor":9,"key":"Blood Vial"},{"floor":11,"key":"Darkstone Periapt"},{"floor":15,"key":"Vajra"},{"floor":23,"key":"Oddly Smooth Stone"},{"floor":25,"key":"Paper Frog"},{"floor":26,"key":"Potion Belt"},{"floor":27,"key":"Gremlin Horn"},{"floor":30,"key":"Pantograph"},{"floor":31,"key":"Art of War"},{"floor":32,"key":"Bronze Scales"},{"floor":40,"key":"Letter Opener"},{"floor":43,"key":"War Paint"},{"floor":49,"key":"Bag of Preparation"}],"event_choices":[{"damage_healed":0,"gold_gain":0,"player_choice":"Success","damage_taken":33,"relics_obtained":["Sundial"],"max_hp_gain":0,"max_hp_loss":0,"event_name":"Scrap Ooze","floor":2,"gold_loss":0},{"damage_healed":0,"gold_gain":0,"player_choice":"Ignored","damage_taken":0,"max_hp_gain":0,"max_hp_loss":0,"event_name":"NoteForYourself","floor":3,"gold_loss":0},{"cards_removed":["Strike_R"],"damage_healed":0,"gold_gain":0,"player_choice":"Card Removal","damage_taken":0,"max_hp_gain":0,"max_hp_loss":0,"event_name":"The Cleric","floor":13,"gold_loss":50},{"damage_healed":0,"gold_gain":0,"player_choice":"Became a Ghost","damage_taken":0,"max_hp_gain":0,"max_hp_loss":40,"event_name":"Ghosts","floor":20,"gold_loss":0,"cards_obtained":["Ghostly","Ghostly","Ghostly","Ghostly","Ghostly"]},{"damage_healed":0,"gold_gain":0,"player_choice":"Ignored","damage_taken":0,"max_hp_gain":0,"max_hp_loss":0,"event_name":"The Mausoleum","floor":21,"gold_loss":0},{"cards_removed":["Perfected Strike"],"damage_healed":5,"gold_gain":0,"player_choice":"Offered Common","damage_taken":0,"max_hp_gain":0,"max_hp_loss":0,"event_name":"Bonfire Elementals","floor":36,"gold_loss":0},{"cards_removed":["Perfected Strike"],"damage_healed":5,"gold_gain":0,"player_choice":"Offered Special","damage_taken":0,"max_hp_gain":0,"max_hp_loss":0,"event_name":"Bonfire Elementals","floor":36,"gold_loss":0},{"damage_healed":0,"gold_gain":0,"player_choice":"Max HP","damage_taken":0,"max_hp_gain":0,"max_hp_loss":2,"event_name":"Winding Halls","floor":47,"gold_loss":0}],"is_beta":false,"boss_relics":[{"not_picked":["Pandora\u0027s Box","Lizard Tail"],"picked":"Sozu"},{"not_picked":["White Beast Statue","Velvet Choker"],"picked":"Coffee Dripper"}],"items_purged_floors":[28,38],"is_endless":false,"potions_floor_spawned":[5,8,12,18,24,33,44,45,48],"ascension_level":0}