{"path_per_floor":["M","M","M","?","M","R","$","R","T","M","?","M","?","M","R","B",null,"M","M","?","$","?","R","E","R","T","R","?"],"character_chosen":"DEFECT","items_purchased":["Ball Lightning","Defragment","Strawberry"],"gold_per_floor":[109,126,143,143,153,153,31,31,31,42,42,57,57,81,81,202,202,227,246,246,25,25,25,63,63,110,110,110,110],"floor_reached":29,"campfire_rested":2,"playtime":820,"item_purchase_floors":[7,21,21],"current_hp_per_floor":[75,73,69,62,49,49,49,49,49,49,42,36,36,31,51,45,69,66,56,56,63,63,63,10,32,32,32,16,0],"items_purged":["Strike_B"],"gold":110,"score":256,"play_id":"606321e4-5992-41c8-8eb3-2ee36463e627","local_time":"20180601235959","is_prod":false,"is_daily":false,"chose_seed":false,"is_ascension_mode":true,"campfire_upgraded":4,"win_rate":0,"timestamp":1527868799,"campfire_choices":[{"data":"Redo","floor":6,"key":"SMITH"},{"data":"Redo","floor":8,"key":"SMITH"},{"floor":15,"key":"REST"},{"data":"Zap","floor":23,"key":"SMITH"},{"floor":25,"key":"REST"},{"data":"Coolheaded","floor":27,"key":"SMITH"}],"path_taken":["M","M","M","?","M","R","$","R","T","M","?","M","?","M","R","BOSS","M","M","?","?","?","R","E","R","T","R","?","?"],"build_version":"2018-05-30v2","seed_source_timestamp":109367248101406,"purchased_purges":1,"victory":false,"master_deck":["Strike_B","Defend_B","Defend_B","Defend_B","Defend_B","Zap+1","Dualcast","Redo+1","Coolheaded+1","Redo+1","Go for the Eyes","Ball Lightning","Beam Cell","FTL","Thunder Strike","Conserve Battery+1","Defragment","Beam Cell+1"],"max_hp_per_floor":[75,75,75,75,75,75,75,75,75,75,75,75,69,69,69,69,69,69,69,69,76,76,76,76,76,76,76,76,76],"relics":["Cracked Core","Cables","Golden Idol","Inserter","Strawberry","Kunai","Anchor","Enchiridion"],"card_choices":[{"not_picked":["Streamline","Defragment"],"picked":"Redo","floor":1},{"not_picked":["Turbo","Skim"],"picked":"Coolheaded","floor":2},{"not_picked":["Barrage","Reprogram"],"picked":"Redo","floor":3},{"not_picked":["Barrage","Coolheaded"],"picked":"Go for the Eyes","floor":5},{"not_picked":["Recycle","Hologram"],"picked":"Beam Cell","floor":10},{"not_picked":["Sweeping Beam","Gash"],"picked":"FTL","floor":12},{"not_picked":["Ball Lightning","Blizzard","Stack"],"picked":"SKIP","floor":14},{"not_picked":["Machine Learning","Biased Cognition"],"picked":"Thunder Strike","floor":16},{"not_picked":["Undo","Blizzard+1"],"picked":"Conserve Battery+1","floor":18},{"not_picked":["Chill","Recycle","Gash"],"picked":"SKIP","floor":19},{"not_picked":["Stack","Leap"],"picked":"Beam Cell+1","floor":24}],"player_experience":54809,"potions_floor_usage":[16,18,24,24,24,29],"damage_taken":[{"damage":0,"enemies":"Small Slimes","floor":1,"turns":2},{"damage":2,"enemies":"Jaw Worm","floor":2,"turns":4},{"damage":4,"enemies":"2 Louse","floor":3,"turns":3},{"damage":13,"enemies":"Lots of Slimes","floor":5,"turns":4},{"damage":0,"enemies":"3 Louse","floor":10,"turns":2},{"damage":6,"enemies":"Looter","floor":12,"turns":2},{"damage":5,"enemies":"Red Slaver","floor":14,"turns":3},{"damage":6,"enemies":"Hexaghost","floor":16,"turns":9},{"damage":3,"enemies":"Chosen","floor":18,"turns":5},{"damage":10,"enemies":"Shell Parasite","floor":19,"turns":5},{"damage":53,"enemies":"Slavers","floor":24,"turns":6},{"damage":19,"enemies":"Centurion and Healer","floor":29,"turns":4}],"relics_obtained":[{"floor":9,"key":"Cables"},{"floor":24,"key":"Kunai"},{"floor":26,"key":"Anchor"},{"floor":28,"key":"Enchiridion"}],"event_choices":[{"event_name":"Golden Wing","player_choice":"Card Removal","floor":4,"damage_taken":0},{"event_name":"Wheel of Change","player_choice":"Damage","floor":11,"damage_taken":0},{"event_name":"Golden Idol","player_choice":"Lose Max HP","floor":13,"damage_taken":0},{"event_name":"The Lab","player_choice":"Got Potions","floor":20,"damage_taken":0},{"event_name":"Back to Basics","player_choice":"Elegance","floor":22,"damage_taken":0},{"event_name":"Cursed Tome","player_choice":"Obtained Book","floor":28,"damage_taken":0}],"boss_relics":[{"not_picked":["Nuclear Battery","Lizard Tail"],"picked":"Inserter"}],"items_purged_floors":[7],"potions_floor_spawned":[3,10,14,16,19,24],"seed_played":"-7174526041908372740","killed_by":"Centurion and Healer","ascension_level":2,"potions_obtained":[{"floor":3,"key":"EssenceOfSteel"},{"floor":10,"key":"LiquidBronze"},{"floor":14,"key":"PowerPotion"},{"floor":16,"key":"Weak Potion"},{"floor":19,"key":"Ancient Potion"},{"floor":20,"key":"PowerPotion"},{"floor":24,"key":"PowerPotion"}],"is_trial":false}