{"gold_per_floor":[18,93,93,110,120,120,135,135,135,153,153,173,193,13,13,139,139,159,200,239,128,170,170,205,221,221,281,281,317,317,242,242,371,371,387,387,93,105,105,105,105,105,105,105,22,22,37,37,37,37],"floor_reached":51,"playtime":4840,"items_purged":["Writhe","Normality"],"score":691,"play_id":"53145778-c1dd-4529-b1a0-5a8f63100bb0","local_time":"20190227012639","is_ascension_mode":true,"campfire_choices":[{"data":"Streamline","floor":6.0,"key":"SMITH"},{"data":"Doom and Gloom","floor":8.0,"key":"SMITH"},{"data":"HandOfGreed","floor":15.0,"key":"SMITH"},{"data":"Enlightenment","floor":23.0,"key":"SMITH"},{"data":"Streamline","floor":32.0,"key":"SMITH"},{"data":"The Bomb","floor":40.0,"key":"SMITH"},{"data":"Hello World","floor":41.0,"key":"SMITH"},{"data":"Dualcast","floor":44.0,"key":"SMITH"},{"floor":49,"key":"REST"}],"neow_cost":"NO_GOLD","seed_source_timestamp":0,"circlet_count":0,"master_deck":["Strike_B+1","Strike_B+1","Strike_B+1","Defend_B+1","Defend_B+1","Defend_B+1","Defend_B+1","Zap+1","Dualcast+1","Hologram+1","Capacitor+1","Streamline+1","Doom and Gloom+1","Core Surge+1","Hello World+1","HandOfGreed+1","Meteor Strike+1","Rebound+1","Streamline+1","Enlightenment+1","Streamline+1","Undo+1","Streamline+1","Meteor Strike+1","Doubt","Clumsy","Melter+1","Meteor Strike+1","The Bomb+1","Streamline+1","Enlightenment+1","PanicButton+1","Metamorphosis+1","Skim+1"],"special_seed":0,"relics":["Cracked Core","Dead Branch","Letter Opener","Snecko Eye","Pear","Meat on the Bone","MutagenicStrength","WingedGreaves","Calling Bell","Emotion Chip","Sundial","Bronze Scales","Question Card","Mark of the Bloom"],"potions_floor_usage":[50,50],"damage_taken":[{"damage":6.0,"enemies":"Cultist","floor":1.0,"turns":3.0},{"damage":0.0,"enemies":"2 Louse","floor":4.0,"turns":1.0},{"damage":0.0,"enemies":"Small Slimes","floor":5.0,"turns":2.0},{"damage":0.0,"enemies":"Gremlin Gang","floor":7.0,"turns":2.0},{"damage":5.0,"enemies":"Looter","floor":10.0,"turns":2.0},{"damage":0.0,"enemies":"3 Louse","floor":12.0,"turns":2.0},{"damage":0.0,"enemies":"Gremlin Gang","floor":13.0,"turns":2.0},{"damage":20.0,"enemies":"Hexaghost","floor":16.0,"turns":6.0},{"damage":0.0,"enemies":"2 Thieves","floor":18.0,"turns":1.0},{"damage":0.0,"enemies":"Shell Parasite","floor":19.0,"turns":2.0},{"damage":0.0,"enemies":"Snake Plant","floor":20.0,"turns":2.0},{"damage":18.0,"enemies":"Cultist and Chosen","floor":22.0,"turns":5.0},{"damage":8.0,"enemies":"Centurion and Healer","floor":24.0,"turns":3.0},{"damage":0.0,"enemies":"Snake Plant","floor":25.0,"turns":2.0},{"damage":0.0,"enemies":"Slavers","floor":27.0,"turns":2.0},{"damage":4.0,"enemies":"Shelled Parasite and Fungi","floor":29.0,"turns":3.0},{"damage":23.0,"enemies":"Collector","floor":33.0,"turns":5.0},{"damage":5.0,"enemies":"Orb Walker","floor":35.0,"turns":2.0},{"damage":0.0,"enemies":"3 Shapes","floor":38.0,"turns":2.0},{"damage":0,"enemies":"Jaw Worm Horde","floor":47,"turns":3},{"damage":42,"enemies":"Awakened One","floor":50,"turns":7}],"seed_played":"8452032728293604690","potions_obtained":[{"floor":1.0,"key":"AttackPotion"},{"floor":10.0,"key":"AttackPotion"},{"floor":16.0,"key":"FocusPotion"},{"floor":22.0,"key":"AttackPotion"},{"floor":24.0,"key":"Swift Potion"},{"floor":27.0,"key":"Ancient Potion"},{"floor":29.0,"key":"Weak Potion"},{"floor":33.0,"key":"FocusPotion"},{"floor":38.0,"key":"Energy Potion"},{"floor":47,"key":"SkillPotion"}],"is_trial":false,"path_per_floor":["M","?","?","M","M","R","M","R","T","M","?","M","M","$","R","B",null,"M","M","M","$","M","R","M","M","T","E","?","M","?","$","R","B",null,"M","?","$","M","$","R","R","?","T","R","$","?","M","?","R","B",null],"character_chosen":"DEFECT","items_purchased":["HandOfGreed","Streamline","Enlightenment","The Bomb","Enlightenment"],"campfire_rested":1,"item_purchase_floors":[14,21,21,37,45],"current_hp_per_floor":[69,58,58,58,58,58,58,58,58,53,46,46,46,46,46,26,75,75,75,75,75,57,57,49,49,59,59,59,55,55,55,55,44,85,80,80,80,80,80,80,80,80,80,80,80,70,70,70,70,28],"gold":37,"neow_bonus":"ONE_RARE_RELIC","is_prod":false,"is_daily":false,"chose_seed":false,"campfire_upgraded":8,"win_rate":0,"timestamp":1551227199,"path_taken":["M","?","?","?","M","R","M","R","T","M","?","M","M","$","R","BOSS","M","?","M","$","M","R","M","M","T","E","?","M","?","$","R","BOSS","M","?","$","?","$","R","R","?","T","R","$","?","M","?","R","BOSS"],"build_version":"2019-01-23","purchased_purges":2,"victory":true,"max_hp_per_floor":[75,75,75,75,75,75,75,75,75,75,75,75,75,75,75,75,75,75,75,75,75,75,75,75,75,85,85,85,85,85,85,85,85,85,85,85,85,85,85,85,85,85,85,85,85,85,85,85,85,85],"card_choices":[{"not_picked":["Force Field","Rebound"],"picked":"Hologram","floor":1.0},{"not_picked":["Scrape","Steam"],"picked":"Capacitor","floor":4.0},{"not_picked":["Compile Driver","Barrage"],"picked":"Streamline","floor":5.0},{"not_picked":["Force Field","Gash"],"picked":"Doom and Gloom","floor":7.0},{"not_picked":["Beam Cell","Gash","Compile Driver"],"picked":"SKIP","floor":10.0},{"not_picked":["Heatsinks","Hologram"],"picked":"Core Surge","floor":12.0},{"not_picked":["Stack","Scrape"],"picked":"Hello World","floor":13.0},{"not_picked":["Fission","Biased Cognition"],"picked":"Meteor Strike","floor":16.0},{"not_picked":["Aggregate+1","Redo","Ball Lightning"],"picked":"SKIP","floor":18.0},{"not_picked":["Reinforced Body","Gash"],"picked":"Rebound","floor":19.0},{"not_picked":["Ball Lightning","Hello World","Leap"],"picked":"SKIP","floor":20.0},{"not_picked":["Beam Cell+1","Conserve Battery"],"picked":"Streamline+1","floor":22.0},{"not_picked":["White Noise","Ball Lightning","Tempest"],"picked":"SKIP","floor":24.0},{"not_picked":["Blizzard","Rebound","Conserve Battery"],"picked":"SKIP","floor":25.0},{"not_picked":["Darkness","Redo"],"picked":"Undo","floor":27.0},{"not_picked":["Doom and Gloom","Aggregate"],"picked":"Streamline+1","floor":29.0},{"not_picked":["Seek","Machine Learning"],"picked":"Meteor Strike","floor":33.0},{"not_picked":["Rebound","Coolheaded+1"],"picked":"Melter","floor":35.0},{"not_picked":["Turbo","Rebound"],"picked":"Streamline+1","floor":38.0},{"not_picked":["Purity","Swift Strike","Dark Shackles"],"picked":"PanicButton","floor":46.0},{"not_picked":["Bandage Up","Purity","Panache"],"picked":"Metamorphosis","floor":46.0},{"not_picked":["Storm+1","White Noise","Leap+1"],"picked":"Skim","floor":47}],"player_experience":229567,"relics_obtained":[{"floor":9.0,"key":"Letter Opener"},{"floor":26.0,"key":"Pear"},{"floor":27.0,"key":"Meat on the Bone"},{"floor":34.0,"key":"Emotion Chip"},{"floor":34.0,"key":"Sundial"},{"floor":34.0,"key":"Bronze Scales"},{"floor":43.0,"key":"Question Card"}],"event_choices":[{"damage_healed":0.0,"max_hp_gain":0.0,"max_hp_loss":0.0,"gold_gain":75.0,"event_name":"World of Goop","player_choice":"Gather Gold","floor":2.0,"gold_loss":0.0,"damage_taken":11.0},{"cards_removed":["Strike_B"],"damage_healed":0.0,"max_hp_gain":0.0,"max_hp_loss":0.0,"gold_gain":0.0,"event_name":"Bonfire Elementals","player_choice":"Offered Basic","floor":3.0,"gold_loss":0.0,"damage_taken":0.0},{"damage_healed":0.0,"max_hp_gain":0.0,"max_hp_loss":0.0,"gold_gain":0.0,"event_name":"Wheel of Change","player_choice":"Damaged","floor":11.0,"gold_loss":0.0,"damage_taken":7.0},{"damage_healed":0.0,"max_hp_gain":0.0,"max_hp_loss":0.0,"gold_gain":0.0,"event_name":"Drug Dealer","player_choice":"Inject Mutagens","floor":28.0,"gold_loss":0.0,"damage_taken":0.0,"relics_obtained":["MutagenicStrength"]},{"damage_healed":0.0,"max_hp_gain":0.0,"max_hp_loss":0.0,"gold_gain":0.0,"event_name":"The Mausoleum","player_choice":"Opened","floor":30.0,"gold_loss":0.0,"damage_taken":0.0,"relics_obtained":["WingedGreaves"],"cards_obtained":["Writhe"]},{"damage_healed":0.0,"max_hp_gain":0.0,"max_hp_loss":0.0,"gold_gain":0.0,"event_name":"Duplicator","player_choice":"Copied","floor":36.0,"gold_loss":0.0,"damage_taken":0.0,"cards_obtained":["Meteor Strike"]},{"damage_healed":0.0,"max_hp_gain":0.0,"max_hp_loss":0.0,"gold_gain":0.0,"event_name":"Mysterious Sphere","player_choice":"Ignored","floor":42.0,"gold_loss":0.0,"damage_taken":0.0},{"damage_healed":0.0,"max_hp_gain":0.0,"max_hp_loss":0.0,"gold_gain":0.0,"event_name":"SensoryStone","player_choice":"Memory 3","floor":46.0,"gold_loss":0.0,"damage_taken":10.0},{"damage_healed":0,"gold_gain":0,"player_choice":"Upgrade","damage_taken":0,"relics_obtained":["Mark of the Bloom"],"max_hp_gain":0,"max_hp_loss":0,"event_name":"MindBloom","floor":48,"gold_loss":0,"cards_upgraded":["Strike_B","Strike_B","Strike_B","Defend_B","Defend_B","Defend_B","Defend_B","Zap","Hologram","Capacitor","Core Surge","Meteor Strike","Rebound","Undo","Meteor Strike","Melter","Meteor Strike","Enlightenment","PanicButton","Metamorphosis","Skim"]}],"is_beta":false,"boss_relics":[{"not_picked":["Eternal Feather","Fusion Hammer"],"picked":"Snecko Eye"},{"not_picked":["Runic Dome","Empty Cage"],"picked":"Calling Bell"}],"items_purged_floors":[31,37],"is_endless":false,"potions_floor_spawned":[1,10,16,22,24,27,29,33,38,47],"ascension_level":1}