{"gold_per_floor":[217,292,243,243,256,256,267,196,196,196,212,226,226,237,237,339,339,355,355,355,371,384,384,416,416,416,434,434,404,414,433,433,532,582,599,407,407,407,427,427,440,440,440,469,469,483,494,494],"floor_reached":48,"playtime":5341,"items_purged":["Strike_R"],"score":523,"play_id":"bb8db96e-aece-4c8b-bd69-b4e80650fd1b","local_time":"20190201161617","is_ascension_mode":true,"campfire_choices":[{"data":"Armaments","floor":6.0,"key":"SMITH"},{"data":"Metallicize","floor":10.0,"key":"SMITH"},{"data":"Body Slam","floor":15.0,"key":"SMITH"},{"floor":23.0,"key":"REST"},{"floor":25.0,"key":"REST"},{"data":"Metallicize","floor":28.0,"key":"SMITH"},{"data":"Juggernaut","floor":32.0,"key":"SMITH"},{"data":"Searing Blow","floor":40.0,"key":"SMITH"},{"floor":45,"key":"REST"}],"neow_cost":"NONE","seed_source_timestamp":0,"circlet_count":0,"master_deck":["Strike_R","Strike_R","Strike_R+1","Defend_R","Defend_R","Defend_R","Defend_R","Bash","Armaments+1","Shrug It Off","Body Slam+1","Metallicize+1","Dropkick","Thunderclap","Shrug It Off","Armaments","Metallicize+1","Entrench+1","Battle Trance","Dual Wield+1","Juggernaut+1","Double Tap","Metallicize","PanicButton","Searing Blow+1","Shrug It Off+1","Parasite","Dropkick+1"],"special_seed":0,"relics":["Burning Blood","Du-Vu Doll","Mark of Pain","Regal Pillow","Bronze Scales","Tiny House","Tiny Chest","Shuriken","Bag of Marbles"],"potions_floor_usage":[47,48],"damage_taken":[{"damage":6.0,"enemies":"Jaw Worm","floor":1.0,"turns":4.0},{"damage":0.0,"enemies":"Small Slimes","floor":5.0,"turns":5.0},{"damage":1.0,"enemies":"Cultist","floor":7.0,"turns":4.0},{"damage":1.0,"enemies":"Looter","floor":11.0,"turns":4.0},{"damage":10.0,"enemies":"Gremlin Gang","floor":12.0,"turns":5.0},{"damage":0.0,"enemies":"3 Louse","floor":14.0,"turns":5.0},{"damage":62.0,"enemies":"Hexaghost","floor":16.0,"turns":14.0},{"damage":23.0,"enemies":"Chosen","floor":18.0,"turns":5.0},{"damage":8.0,"enemies":"2 Thieves","floor":21.0,"turns":4.0},{"damage":23.0,"enemies":"Cultist and Chosen","floor":22.0,"turns":11.0},{"damage":30.0,"enemies":"Slavers","floor":24.0,"turns":11.0},{"damage":21.0,"enemies":"Snecko","floor":27.0,"turns":10.0},{"damage":4.0,"enemies":"3 Cultists","floor":30.0,"turns":7.0},{"damage":8.0,"enemies":"Snake Plant","floor":31.0,"turns":6.0},{"damage":13.0,"enemies":"Champ","floor":33.0,"turns":9.0},{"damage":0.0,"enemies":"3 Shapes","floor":35.0,"turns":4.0},{"damage":27.0,"enemies":"3 Darklings","floor":39.0,"turns":6.0},{"damage":11.0,"enemies":"4 Shapes","floor":41.0,"turns":8.0},{"damage":59.0,"enemies":"Giant Head","floor":44.0,"turns":10.0},{"damage":9,"enemies":"Writhing Mass","floor":46,"turns":7},{"damage":66,"enemies":"Transient","floor":47,"turns":5},{"damage":14,"enemies":"3 Darklings","floor":48,"turns":2}],"seed_played":"-3300263525392458220","potions_obtained":[{"floor":5.0,"key":"SneckoOil"},{"floor":11.0,"key":"Swift Potion"},{"floor":14.0,"key":"AttackPotion"},{"floor":22.0,"key":"LiquidBronze"},{"floor":24.0,"key":"Dexterity Potion"},{"floor":29.0,"key":"Fruit Juice"},{"floor":29.0,"key":"LiquidBronze"},{"floor":30.0,"key":"BloodPotion"},{"floor":34.0,"key":"Swift Potion"},{"floor":41.0,"key":"Weak Potion"},{"floor":44.0,"key":"SkillPotion"},{"floor":47,"key":"AttackPotion"}],"is_trial":false,"path_per_floor":["?","?","M","?","?","?","M","?","M","?","?","?"],"character_chosen":"IRONCLAD","items_purchased":["Shrug It Off","Metallicize","Tiny Chest"],"campfire_rested":3,"item_purchase_floors":[3,8,36],"current_hp_per_floor":[80,69,69,69,75,75,80,80,80,80,80,76,81,85,85,29,85,68,52,52,50,33,60,36,78,78,63,63,68,70,68,68,61,100,100,100,100,100,79,79,74,74,74,30,73,70,10,0],"gold":494,"neow_bonus":"HUNDRED_GOLD","is_prod":false,"is_daily":false,"chose_seed":false,"campfire_upgraded":6,"win_rate":0,"timestamp":1549034177,"path_taken":["M","?","$","?","M","R","M","$","T","R","M","?","?","M","R","BOSS","M","?","?","M","M","R","E","R","T","?","R","?","?","M","R","BOSS","M","$","?","?","M","R","M","?","T","E","R","M","M","M"],"build_version":"2019-01-23","purchased_purges":1,"victory":false,"max_hp_per_floor":[80,80,80,80,80,80,80,80,80,80,80,80,85,85,85,85,85,85,90,90,90,90,90,90,90,90,90,90,95,95,95,95,95,100,100,100,100,100,100,100,100,95,95,95,95,95,95,95],"card_choices":[{"not_picked":["Havoc","Headbutt"],"picked":"Armaments","floor":1.0},{"not_picked":["Burning Pact","Rage"],"picked":"Body Slam","floor":5.0},{"not_picked":["Perfected Strike","Pommel Strike","Heavy Blade"],"picked":"SKIP","floor":7.0},{"not_picked":["Hemokinesis","Warcry"],"picked":"Dropkick","floor":11.0},{"not_picked":["Anger","Pommel Strike"],"picked":"Thunderclap","floor":12.0},{"not_picked":["Clothesline","Blood for Blood"],"picked":"Shrug It Off","floor":14.0},{"not_picked":["Rupture","Perfected Strike+1"],"picked":"Armaments","floor":18.0},{"not_picked":["Sentinel","Wild Strike","Spot Weakness"],"picked":"SKIP","floor":21.0},{"not_picked":["Infernal Blade","Headbutt"],"picked":"Metallicize","floor":22.0},{"not_picked":["Havoc+1","Impervious"],"picked":"Entrench+1","floor":24.0},{"not_picked":["True Grit","Pommel Strike"],"picked":"Battle Trance","floor":27.0},{"not_picked":["Clothesline","Combust+1"],"picked":"Dual Wield+1","floor":30.0},{"not_picked":["Flex","Heavy Blade"],"picked":"Juggernaut","floor":31.0},{"not_picked":["Juggernaut","Brutality"],"picked":"Double Tap","floor":33.0},{"not_picked":["Headbutt","Searing Blow+1"],"picked":"Metallicize","floor":35.0},{"not_picked":["Blind","Sadistic Nature"],"picked":"PanicButton","floor":37.0},{"not_picked":["Wild Strike+1","True Grit"],"picked":"Searing Blow","floor":39.0},{"not_picked":["Reckless Charge","Warcry"],"picked":"Shrug It Off+1","floor":41.0},{"not_picked":["Evolve+1","Flex","Second Wind+1"],"picked":"SKIP","floor":44.0},{"not_picked":["Rampage+1","Exhume","Havoc+1"],"picked":"SKIP","floor":46},{"not_picked":["Reckless Charge+1","Anger+1"],"picked":"Dropkick+1","floor":47}],"player_experience":36711,"relics_obtained":[{"floor":9.0,"key":"Du-Vu Doll"},{"floor":24.0,"key":"Regal Pillow"},{"floor":26.0,"key":"Bronze Scales"},{"floor":43.0,"key":"Shuriken"},{"floor":44.0,"key":"Bag of Marbles"}],"event_choices":[{"damage_healed":0.0,"max_hp_gain":0.0,"max_hp_loss":0.0,"gold_gain":75.0,"event_name":"World of Goop","player_choice":"Gather Gold","floor":2.0,"gold_loss":0.0,"damage_taken":11.0},{"damage_healed":0.0,"max_hp_gain":0.0,"max_hp_loss":0.0,"gold_gain":0.0,"event_name":"Shining Light","player_choice":"Ignored","floor":4.0,"gold_loss":0.0,"damage_taken":0.0},{"damage_healed":0.0,"max_hp_gain":5.0,"max_hp_loss":0.0,"gold_gain":0.0,"event_name":"Big Fish","player_choice":"Donut","floor":13.0,"gold_loss":0.0,"damage_taken":0.0},{"damage_healed":0.0,"max_hp_gain":5.0,"max_hp_loss":0.0,"gold_gain":0.0,"event_name":"Forgotten Altar","player_choice":"Shed Blood","floor":19.0,"gold_loss":0.0,"damage_taken":21.0},{"cards_removed":["Strike_R"],"damage_healed":0.0,"max_hp_gain":0.0,"max_hp_loss":0.0,"gold_gain":0.0,"event_name":"Bonfire Elementals","player_choice":"Offered Basic","floor":20.0,"gold_loss":0.0,"damage_taken":0.0},{"damage_healed":0.0,"max_hp_gain":0.0,"max_hp_loss":0.0,"gold_gain":0.0,"event_name":"The Woman in Blue","player_choice":"Bought 2 Potions","floor":29.0,"gold_loss":0.0,"damage_taken":0.0},{"damage_healed":0.0,"max_hp_gain":0.0,"max_hp_loss":0.0,"gold_gain":0.0,"event_name":"SensoryStone","player_choice":"Memory 1","floor":37.0,"gold_loss":0.0,"damage_taken":0.0},{"damage_healed":0.0,"max_hp_gain":0.0,"max_hp_loss":0.0,"gold_gain":0.0,"event_name":"Tomb of Lord Red Mask","player_choice":"Ignored","floor":38.0,"gold_loss":0.0,"damage_taken":0.0},{"damage_healed":0.0,"max_hp_gain":0.0,"max_hp_loss":5.0,"gold_gain":0.0,"event_name":"Winding Halls","player_choice":"Max HP","floor":42.0,"gold_loss":0.0,"damage_taken":0.0}],"is_beta":false,"boss_relics":[{"not_picked":["Calling Bell","Eternal Feather"],"picked":"Mark of Pain"},{"not_picked":["Orrery","Sozu"],"picked":"Tiny House"}],"items_purged_floors":[36],"is_endless":false,"potions_floor_spawned":[5,11,14,22,24,30,41,44,47],"killed_by":"3 Darklings","ascension_level":1}