{"gold_per_floor":[113,128,203,203,222,222,257,268,268,46,81,97,114,114,114,189,189,199,199,214,214,12,12,26,59,82,82,82,96,110,10,10,10],"floor_reached":33,"playtime":1882,"items_purged":["Doubt","Shame"],"score":471,"play_id":"43c449d6-e05f-4bff-b839-4486e70ab552","local_time":"20190225235208","is_ascension_mode":true,"campfire_choices":[{"data":"Perfected Strike","floor":6,"key":"SMITH"},{"floor":15,"key":"REST"},{"data":"Armaments","floor":23,"key":"SMITH"},{"floor":32,"key":"REST"}],"neow_cost":"NONE","seed_source_timestamp":322125307532477,"circlet_count":0,"master_deck":["AscendersBane","Strike_R","Strike_R","Strike_R","Strike_R","Strike_R","Defend_R","Defend_R","Defend_R","Defend_R","Bash","Perfected Strike+1","Rampage+1","Intimidate","Headbutt","Cleave","Perfected Strike","Feed","Twin Strike","Injury","Battle Trance","Armaments+1","Evolve","Perfected Strike","Metallicize","Twin Strike","Whirlwind"],"relics":["Burning Blood","NeowsBlessing","Kunai","Bottled Flame","Bag of Marbles","Bronze Scales","Calling Bell","Torii","Pear","Blood Vial","Red Skull"],"potions_floor_usage":[11,16,16,20,25,30],"damage_taken":[{"damage":0,"enemies":"Cultist","floor":1,"turns":1},{"damage":0,"enemies":"2 Louse","floor":2,"turns":1},{"damage":0,"enemies":"Jaw Worm","floor":5,"turns":1},{"damage":47,"enemies":"3 Sentries","floor":7,"turns":8},{"damage":4,"enemies":"Exordium Wildlife","floor":8,"turns":4},{"damage":16,"enemies":"Gremlin Nob","floor":11,"turns":3},{"damage":8,"enemies":"Looter","floor":12,"turns":2},{"damage":10,"enemies":"Large Slime","floor":13,"turns":6},{"damage":41,"enemies":"The Guardian","floor":16,"turns":9},{"damage":29,"enemies":"Shell Parasite","floor":18,"turns":3},{"damage":11,"enemies":"Spheric Guardian","floor":20,"turns":3},{"damage":22,"enemies":"Cultist and Chosen","floor":24,"turns":6},{"damage":53,"enemies":"Book of Stabbing","floor":25,"turns":6},{"damage":2,"enemies":"3 Cultists","floor":29,"turns":4},{"damage":24,"enemies":"Centurion and Healer","floor":30,"turns":3},{"damage":78,"enemies":"Automaton","floor":33,"turns":6}],"seed_played":"-8438128405841765081","potions_obtained":[{"floor":1,"key":"SneckoOil"},{"floor":8,"key":"SpeedPotion"},{"floor":13,"key":"Strength Potion"},{"floor":16,"key":"Fire Potion"},{"floor":24,"key":"PowerPotion"},{"floor":29,"key":"BloodPotion"},{"floor":30,"key":"Explosive Potion"}],"is_trial":false,"path_per_floor":["M","M","?","?","M","R","E","M","T","$","E","M","M","?","R","B",null,"M","?","M","?","$","R","M","E","T","?","$","M","M","$","R","B"],"character_chosen":"IRONCLAD","items_purchased":["Bag of Marbles","Regen Potion","Armaments","Evolve"],"campfire_rested":2,"item_purchase_floors":[10,10,22,22],"current_hp_per_floor":[74,75,64,64,70,70,29,31,31,31,30,28,27,27,50,18,75,54,54,51,81,81,81,67,22,22,22,22,28,24,24,52,0],"gold":10,"neow_bonus":"THREE_ENEMY_KILL","is_prod":false,"is_daily":false,"chose_seed":false,"campfire_upgraded":2,"win_rate":0,"timestamp":1551106328,"path_taken":["M","?","?","?","?","R","E","M","T","$","E","M","M","?","R","BOSS","M","?","M","?","$","R","M","E","T","?","$","M","?","$","R","BOSS"],"build_version":"2019-01-23","purchased_purges":2,"victory":false,"max_hp_per_floor":[75,75,75,75,75,75,75,75,75,75,75,75,78,78,78,81,91,91,91,91,91,91,91,91,91,91,91,91,91,94,94,94,94],"card_choices":[{"not_picked":["Clash","Heavy Blade"],"picked":"Perfected Strike","floor":1},{"not_picked":["Iron Wave","Dual Wield"],"picked":"Rampage","floor":2},{"not_picked":["Havoc","Warcry"],"picked":"Intimidate","floor":5},{"not_picked":["Warcry","Metallicize"],"picked":"Headbutt","floor":7},{"not_picked":["Headbutt","Hemokinesis"],"picked":"Cleave","floor":8},{"not_picked":["Flex","True Grit"],"picked":"Perfected Strike","floor":11},{"not_picked":["Clash","Rage"],"picked":"Feed","floor":12},{"not_picked":["Wild Strike","Thunderclap"],"picked":"Twin Strike","floor":13},{"not_picked":["Twin Strike","Combust"],"picked":"Battle Trance","floor":18},{"not_picked":["Havoc","Heavy Blade","Anger"],"picked":"SKIP","floor":20},{"not_picked":["Cleave","Havoc"],"picked":"Perfected Strike","floor":24},{"not_picked":["Armaments","Havoc"],"picked":"Metallicize","floor":25},{"not_picked":["Havoc","Barricade"],"picked":"Twin Strike","floor":29},{"not_picked":["Armaments","Havoc"],"picked":"Whirlwind","floor":30}],"player_experience":104292,"relics_obtained":[{"floor":7,"key":"Kunai"},{"floor":9,"key":"Bottled Flame"},{"floor":11,"key":"Bronze Scales"},{"floor":17,"key":"Torii"},{"floor":17,"key":"Pear"},{"floor":17,"key":"Blood Vial"},{"floor":25,"key":"Red Skull"}],"event_choices":[{"damage_healed":0,"gold_gain":75,"player_choice":"Gather Gold","damage_taken":11,"max_hp_gain":0,"max_hp_loss":0,"event_name":"World of Goop","floor":3,"gold_loss":0},{"damage_healed":0,"gold_gain":0,"player_choice":"Upgraded","damage_taken":0,"max_hp_gain":0,"max_hp_loss":0,"event_name":"Upgrade Shrine","floor":4,"gold_loss":0,"cards_upgraded":["Rampage"]},{"damage_healed":0,"gold_gain":0,"player_choice":"Ignored","damage_taken":0,"max_hp_gain":0,"max_hp_loss":0,"event_name":"Shining Light","floor":14,"gold_loss":0},{"damage_healed":0,"gold_gain":0,"player_choice":"Ignored","damage_taken":0,"max_hp_gain":0,"max_hp_loss":0,"event_name":"Vampires","floor":19,"gold_loss":0},{"damage_healed":30,"gold_gain":0,"player_choice":"Heal","damage_taken":0,"max_hp_gain":0,"max_hp_loss":0,"event_name":"The Library","floor":21,"gold_loss":0},{"damage_healed":0,"gold_gain":0,"player_choice":"Ignored","damage_taken":0,"max_hp_gain":0,"max_hp_loss":0,"event_name":"Ghosts","floor":27,"gold_loss":0}],"is_beta":false,"boss_relics":[{"not_picked":["Coffee Dripper","Ectoplasm"],"picked":"Calling Bell"}],"items_purged_floors":[22,31],"is_endless":false,"potions_floor_spawned":[1,8,13,16,24,29,30],"killed_by":"Automaton","ascension_level":14}