{"gold_per_floor":[213,213,7,7,17,49,49,62,113,113,288,288,52,82,82,185,185,204,119,134,134,150,150,165,165,165,165,176,26,26,46,46,46],"floor_reached":33,"playtime":1380,"items_purged":["Doubt","Strike_R"],"score":510,"play_id":"23ae9888-03b3-4812-8477-526b8e865a5e","local_time":"20190225051230","is_ascension_mode":true,"campfire_choices":[{"data":"Heavy Blade","floor":7,"key":"SMITH"},{"data":"Discovery","floor":15,"key":"SMITH"},{"floor":23,"key":"REST"},{"floor":25,"key":"REST"},{"data":"Limit Break","floor":27,"key":"SMITH"},{"data":"Ghostly","floor":32,"key":"SMITH"}],"neow_cost":"NONE","seed_source_timestamp":255446843757967,"circlet_count":0,"master_deck":["AscendersBane","Defend_R","Defend_R","Defend_R","Defend_R","Bash+1","Cleave","Flex","Heavy Blade+1","Pommel Strike","Discovery+1","Whirlwind","Double Tap","Barricade","Impervious+1","Infernal Blade+1","Spot Weakness+1","Battle Trance","Limit Break+1","Headbutt","Flex","Pummel","Ghostly+1","Ghostly","Ghostly","Ghostly","Ghostly","Inflame"],"relics":["Burning Blood","Vajra","Sling","Mummified Hand","WingedGreaves","Astrolabe","Art of War","Pear"],"potions_floor_usage":[16,20,28,33,33],"damage_taken":[{"damage":14,"enemies":"Jaw Worm","floor":1,"turns":5},{"damage":0,"enemies":"2 Louse","floor":5,"turns":2},{"damage":35,"enemies":"Gremlin Nob","floor":6,"turns":4},{"damage":1,"enemies":"Cultist","floor":8,"turns":3},{"damage":20,"enemies":"Lagavulin","floor":14,"turns":4},{"damage":0,"enemies":"Slime Boss","floor":16,"turns":5},{"damage":9,"enemies":"Shell Parasite","floor":18,"turns":2},{"damage":22,"enemies":"3 Byrds","floor":20,"turns":4},{"damage":48,"enemies":"Colosseum Slavers","floor":21,"turns":4},{"damage":2,"enemies":"Centurion and Healer","floor":22,"turns":4},{"damage":22,"enemies":"Snake Plant","floor":24,"turns":4},{"damage":42,"enemies":"Shelled Parasite and Fungi","floor":28,"turns":4},{"damage":1,"enemies":"Snecko","floor":31,"turns":4},{"damage":57,"enemies":"Automaton","floor":33,"turns":6}],"seed_played":"6865814857070081796","potions_obtained":[{"floor":6,"key":"Fire Potion"},{"floor":8,"key":"Fire Potion"},{"floor":24,"key":"SneckoOil"},{"floor":31,"key":"AttackPotion"}],"is_trial":false,"path_per_floor":["M","?","$","?","M","E","R","M","T","?","?","?","$","E","R","B",null,"M","?","M","?","M","R","M","R","T","R","M","$","?","M","R","B"],"character_chosen":"IRONCLAD","items_purchased":["Sling","Discovery","Whirlwind","AttackPotion"],"campfire_rested":2,"item_purchase_floors":[3,13,13,29],"current_hp_per_floor":[64,61,61,61,67,38,38,43,43,43,43,69,69,55,55,61,75,72,72,56,14,18,42,26,50,60,60,24,24,24,29,29,0],"gold":46,"neow_bonus":"HUNDRED_GOLD","is_prod":false,"is_daily":false,"chose_seed":false,"campfire_upgraded":4,"win_rate":0,"timestamp":1551039150,"path_taken":["M","?","$","?","?","E","R","M","T","?","?","?","?","E","R","BOSS","M","?","M","?","M","R","M","R","T","R","M","$","?","M","R","BOSS"],"build_version":"2019-01-23","purchased_purges":2,"victory":false,"max_hp_per_floor":[80,80,80,80,80,80,80,80,80,80,80,80,80,80,80,80,80,80,80,80,80,80,80,80,80,90,90,90,90,45,45,45,45],"card_choices":[{"not_picked":["Sword Boomerang","Heavy Blade"],"picked":"Cleave","floor":1},{"not_picked":["Evolve","Clothesline"],"picked":"Flex","floor":5},{"not_picked":["Perfected Strike","True Grit"],"picked":"Heavy Blade","floor":6},{"not_picked":["Body Slam","Anger"],"picked":"Pommel Strike","floor":8},{"not_picked":["Dual Wield","Combust"],"picked":"Double Tap","floor":14},{"not_picked":["Feed","Berserk"],"picked":"Barricade","floor":16},{"not_picked":["Warcry","Corruption"],"picked":"Battle Trance","floor":18},{"not_picked":["Wild Strike","Body Slam"],"picked":"Limit Break","floor":20},{"not_picked":["Cleave","Anger"],"picked":"Headbutt","floor":22},{"not_picked":["Clash","Thunderclap"],"picked":"Flex","floor":24},{"not_picked":["Thunderclap","Rampage"],"picked":"Pummel","floor":28},{"not_picked":["Dual Wield","Reckless Charge"],"picked":"Inflame","floor":31}],"player_experience":91724,"relics_obtained":[{"floor":6,"key":"Mummified Hand"},{"floor":14,"key":"WingedGreaves"},{"floor":26,"key":"Pear"}],"event_choices":[{"damage_healed":0,"gold_gain":0,"player_choice":"Success","damage_taken":3,"relics_obtained":["Vajra"],"max_hp_gain":0,"max_hp_loss":0,"event_name":"Scrap Ooze","floor":2,"gold_loss":0},{"cards_removed":["Strike_R"],"damage_healed":0,"gold_gain":0,"player_choice":"Purged","damage_taken":0,"max_hp_gain":0,"max_hp_loss":0,"event_name":"Purifier","floor":4,"gold_loss":0},{"damage_healed":0,"gold_gain":0,"player_choice":"Grow","damage_taken":0,"max_hp_gain":0,"max_hp_loss":0,"event_name":"Living Wall","floor":10,"gold_loss":0,"cards_upgraded":["Bash"]},{"damage_healed":0,"gold_gain":175,"player_choice":"AGREE","damage_taken":0,"max_hp_gain":0,"max_hp_loss":0,"event_name":"Liars Game","floor":11,"gold_loss":0,"cards_obtained":["Doubt"]},{"damage_healed":26,"gold_gain":0,"player_choice":"Banana","damage_taken":0,"max_hp_gain":0,"max_hp_loss":0,"event_name":"Big Fish","floor":12,"gold_loss":0},{"damage_healed":0,"gold_gain":0,"player_choice":"Obtained Relic","damage_taken":0,"relics_obtained":["Art of War"],"max_hp_gain":0,"max_hp_loss":0,"event_name":"Addict","floor":19,"gold_loss":85},{"damage_healed":0,"gold_gain":0,"player_choice":"Fight","damage_taken":0,"max_hp_gain":0,"max_hp_loss":0,"event_name":"Colosseum","floor":21,"gold_loss":0},{"damage_healed":0,"gold_gain":0,"player_choice":"Fled From Nobs","damage_taken":0,"max_hp_gain":0,"max_hp_loss":0,"event_name":"Colosseum","floor":21,"gold_loss":0},{"damage_healed":0,"gold_gain":0,"player_choice":"Became a Ghost","damage_taken":0,"max_hp_gain":0,"max_hp_loss":45,"event_name":"Ghosts","floor":30,"gold_loss":0,"cards_obtained":["Ghostly","Ghostly","Ghostly","Ghostly","Ghostly"]}],"is_beta":false,"boss_relics":[{"not_picked":["Runic Cube","Snecko Eye"],"picked":"Astrolabe"}],"items_purged_floors":[13,29],"is_endless":false,"potions_floor_spawned":[6,8,21,24,31],"killed_by":"Automaton","ascension_level":12}