{"gold_per_floor":[112,112,37,37,37,37,70,70,70,70,85,105,120,134,134,232,232,247,147,147,163,262,262,57,67,67,27,37,55,74,91,91,186,186,204,304,154,154,154,154,173,173,198,198],"floor_reached":44,"playtime":3381,"items_purged":["Strike_R","Searing Blow","Twin Strike","Cleave"],"score":545,"play_id":"5adca381-9adf-4c59-bb06-b413532c0720","local_time":"20181228121430","is_ascension_mode":true,"campfire_choices":[{"data":"Headbutt","floor":6.0,"key":"SMITH"},{"data":"Headbutt","floor":15,"key":"SMITH"},{"data":"Berserk","floor":23,"key":"SMITH"},{"data":"Metallicize","floor":32,"key":"SMITH"},{"floor":40,"key":"RECALL"},{"floor":42,"key":"REST"}],"neow_cost":"NONE","seed_source_timestamp":0,"circlet_count":0,"master_deck":["Headbutt+1","Shrug It Off","Shrug It Off","Headbutt+1","Berserk+1","Battle Trance","Iron Wave","Carnage","Whirlwind+1","Feed","Metallicize+1","Metallicize+1","Flame Barrier+1","Demon Form","Inflame"],"special_seed":0,"relics":["Burning Blood","NeowsBlessing","Meat on the Bone","Kunai","Pandora\u0027s Box","Lantern","Lizard Tail","StoneCalendar"],"potions_floor_usage":[16,33,33,33,44,44],"damage_taken":[{"damage":0.0,"enemies":"Jaw Worm","floor":1.0,"turns":1.0},{"damage":0.0,"enemies":"Lagavulin","floor":7.0,"turns":1.0},{"damage":0.0,"enemies":"Small Slimes","floor":11.0,"turns":1.0},{"damage":2.0,"enemies":"2 Louse","floor":12.0,"turns":4.0},{"damage":6,"enemies":"Exordium Wildlife","floor":13,"turns":4},{"damage":1,"enemies":"Red Slaver","floor":14,"turns":7},{"damage":77,"enemies":"Hexaghost","floor":16,"turns":13},{"damage":11,"enemies":"Shell Parasite","floor":18,"turns":8},{"damage":0,"enemies":"Chosen","floor":21,"turns":5},{"damage":0,"enemies":"3 Cultists","floor":25,"turns":2},{"damage":10,"enemies":"Shelled Parasite and Fungi","floor":28,"turns":10},{"damage":0,"enemies":"Cultist and Chosen","floor":29,"turns":5},{"damage":31,"enemies":"Chosen and Byrds","floor":30,"turns":5},{"damage":5,"enemies":"Centurion and Healer","floor":31,"turns":7},{"damage":13,"enemies":"Champ","floor":33,"turns":15},{"damage":23,"enemies":"3 Shapes","floor":35,"turns":3},{"damage":36,"enemies":"Mind Bloom Boss Battle","floor":36,"turns":7},{"damage":25,"enemies":"3 Darklings","floor":41,"turns":7},{"damage":165,"enemies":"2 Orb Walkers","floor":44,"turns":6}],"seed_played":"-7289811186897305359","potions_obtained":[{"floor":7.0,"key":"Block Potion"},{"floor":11.0,"key":"SteroidPotion"},{"floor":14,"key":"SpeedPotion"},{"floor":16,"key":"SkillPotion"},{"floor":18,"key":"Dexterity Potion"},{"floor":25,"key":"Block Potion"},{"floor":35,"key":"Ancient Potion"},{"floor":41,"key":"Explosive Potion"}],"is_trial":false,"path_per_floor":["M","?","$","?","?","R","E","?","T","$","M","M","M","M","R","B",null,"M","$","?","M","?","R","$","M","T","$","M","M","M","M","R","B",null,"M","?","$","?","$","R","M","R","T","?"],"character_chosen":"IRONCLAD","items_purchased":["Feed","Metallicize"],"campfire_rested":1,"item_purchase_floors":[24,27],"current_hp_per_floor":[80,80,80,64,69,69,75,75,75,75,81,85,85,85,85,26,85,80,80,80,85,85,85,85,85,85,85,84,88,66,70,70,66,97,80,65,65,65,65,65,58,88,88,0],"gold":198,"neow_bonus":"THREE_ENEMY_KILL","is_prod":false,"is_daily":false,"chose_seed":false,"campfire_upgraded":4,"win_rate":0,"timestamp":1546020870,"path_taken":["M","?","$","?","?","R","E","?","T","$","M","M","?","M","R","BOSS","M","$","?","?","?","R","?","M","T","?","M","M","M","M","R","BOSS","M","?","$","?","$","R","?","R","T","?"],"build_version":"2018-12-20","purchased_purges":4,"victory":false,"max_hp_per_floor":[80,80,80,80,85,85,85,85,85,85,85,85,85,85,85,85,85,85,85,85,85,85,85,85,85,85,85,88,88,91,94,94,97,97,97,100,100,100,100,100,100,100,100,100],"card_choices":[{"not_picked":["Wild Strike","Cleave"],"picked":"Headbutt","floor":1.0},{"not_picked":["Warcry","True Grit","Clash"],"picked":"SKIP","floor":7.0},{"not_picked":["Armaments","Infernal Blade","Perfected Strike"],"picked":"SKIP","floor":11.0},{"not_picked":["Rupture","Sword Boomerang"],"picked":"Shrug It Off","floor":12.0},{"not_picked":["Hemokinesis","Flex"],"picked":"Shrug It Off","floor":13},{"not_picked":["Wild Strike","Anger"],"picked":"Headbutt","floor":14},{"not_picked":["Sword Boomerang","Anger","Sever Soul"],"picked":"SKIP","floor":18},{"not_picked":["Body Slam","Armaments+1"],"picked":"Whirlwind+1","floor":21},{"not_picked":["Thunderclap","Headbutt","Bludgeon"],"picked":"SKIP","floor":25},{"not_picked":["True Grit","Flex","Wild Strike"],"picked":"SKIP","floor":28},{"not_picked":["True Grit","Disarm"],"picked":"Metallicize+1","floor":29},{"not_picked":["Intimidate","Searing Blow"],"picked":"Flame Barrier+1","floor":30},{"not_picked":["Hemokinesis+1","Armaments","Offering"],"picked":"SKIP","floor":31},{"not_picked":["Juggernaut","Barricade"],"picked":"Demon Form","floor":33},{"not_picked":["Carnage+1","Armaments+1","Warcry+1"],"picked":"SKIP","floor":35},{"not_picked":["Pommel Strike+1","Entrench"],"picked":"Inflame","floor":36},{"not_picked":["Iron Wave+1","Armaments","True Grit+1"],"picked":"SKIP","floor":41}],"player_experience":917258,"relics_obtained":[{"floor":7.0,"key":"Meat on the Bone"},{"floor":9.0,"key":"Kunai"},{"floor":26,"key":"Lantern"},{"floor":36,"key":"StoneCalendar"}],"event_choices":[{"cards_removed":["Strike_R"],"damage_healed":0.0,"max_hp_gain":0.0,"max_hp_loss":0.0,"gold_gain":0.0,"event_name":"Living Wall","player_choice":"Forget","floor":2.0,"gold_loss":0.0,"damage_taken":0.0},{"damage_healed":0.0,"max_hp_gain":0.0,"max_hp_loss":0.0,"gold_gain":0.0,"event_name":"Shining Light","player_choice":"Entered Light","floor":4.0,"gold_loss":0.0,"damage_taken":16.0,"cards_upgraded":["Strike_R","Defend_R"]},{"damage_healed":0.0,"max_hp_gain":5.0,"max_hp_loss":0.0,"gold_gain":0.0,"event_name":"Big Fish","player_choice":"Donut","floor":5.0,"gold_loss":0.0,"damage_taken":0.0},{"damage_healed":0.0,"max_hp_gain":0.0,"max_hp_loss":0.0,"gold_gain":0.0,"event_name":"Liars Game","player_choice":"Ignored","floor":8.0,"gold_loss":0.0,"damage_taken":0.0},{"cards_removed":["Bash"],"damage_healed":0,"gold_gain":0,"player_choice":"Offered Basic","damage_taken":0,"max_hp_gain":0,"max_hp_loss":0,"event_name":"Bonfire Elementals","floor":20,"gold_loss":0},{"damage_healed":0,"gold_gain":99,"player_choice":"Stole From Cult","damage_taken":0,"max_hp_gain":0,"max_hp_loss":0,"event_name":"Nest","floor":22,"gold_loss":0},{"damage_healed":0,"gold_gain":0,"player_choice":"Fight","damage_taken":0,"max_hp_gain":0,"max_hp_loss":0,"event_name":"MindBloom","floor":36,"gold_loss":0},{"damage_healed":0,"gold_gain":0,"player_choice":"Bought 0 Potions","damage_taken":0,"max_hp_gain":0,"max_hp_loss":0,"event_name":"The Woman in Blue","floor":38,"gold_loss":0},{"damage_healed":0,"gold_gain":0,"player_choice":"Fight","damage_taken":0,"max_hp_gain":0,"max_hp_loss":0,"event_name":"Mysterious Sphere","floor":44,"gold_loss":0}],"is_beta":false,"boss_relics":[{"not_picked":["Runic Dome","Eternal Feather"],"picked":"Pandora\u0027s Box"},{"not_picked":["Fusion Hammer","Black Blood"],"picked":"Lizard Tail"}],"items_purged_floors":[3,19,24,37],"is_endless":false,"potions_floor_spawned":[7,11,14,16,18,25,29,35,41],"killed_by":"2 Orb Walkers","ascension_level":4}