{"path_per_floor":["M","?","M","?","M","E","M","E","T","M","?","M","R","E","R","B",null,"M","?","M","M","M"],"character_chosen":"IRONCLAD","items_purchased":[],"gold_per_floor":[109,109,124,192,205,232,245,280,307,322,322,337,337,367,367,462,462,476,476,492,504,515],"floor_reached":23,"campfire_rested":0,"playtime":2064,"current_hp_per_floor":[80,80,77,77,80,48,55,40,40,42,42,58,58,57,57,47,80,70,56,54,52,26],"items_purged":[],"gold":515,"play_id":"78a75d40-5b46-43e8-8633-4efb9d66bd9a","is_prod":false,"is_daily":false,"is_ascension_mode":false,"campfire_upgraded":2,"path_taken":["M","?","M","?","M","E","M","E","T","M","?","M","R","E","R","BOSS","M","?","M","M","M","E"],"build_version":"2018-01-25-PROD3","purchased_purges":0,"victory":false,"master_deck":["Defend_R","Defend_R","Defend_R","Bash","Headbutt","Blood for Blood+1","Thunderclap","Body Slam","Shrug It Off+1","Dropkick","Iron Wave","Flex","Disarm","Rampage+1","Bludgeon","Warcry","Bite_R","Bite_R","Bite_R","Bite_R","Bite_R","Headbutt","Dropkick"],"max_hp_per_floor":[80,80,80,80,80,80,80,80,80,80,80,80,80,80,80,80,80,80,56,56,56,56],"relics":["Burning Blood","Meat on the Bone","Pantograph","Toxic Egg","Smiling Mask","Mark of Pain"],"card_choices":[{"not_picked":["Anger","Perfected Strike"],"picked":"Headbutt"},{"not_picked":["Reckless Charge","Anger"],"picked":"Thunderclap"},{"not_picked":["Bludgeon","Iron Wave"],"picked":"Body Slam"},{"not_picked":["Second Wind","Clothesline"],"picked":"Shrug It Off"},{"not_picked":["Clothesline","Blood for Blood"],"picked":"Dropkick"},{"not_picked":["Heavy Blade","Body Slam"],"picked":"Iron Wave"},{"not_picked":["Headbutt","Clothesline"],"picked":"Flex"},{"not_picked":["Thunderclap","Iron Wave"],"picked":"Disarm"},{"not_picked":["Sword Boomerang","Uppercut"],"picked":"Rampage"},{"not_picked":["Immolate","Brutality"],"picked":"Bludgeon"},{"not_picked":["Perfected Strike","Shockwave"],"picked":"Warcry"},{"not_picked":["Twin Strike","Pommel Strike"],"picked":"Headbutt"},{"not_picked":["Wild Strike","Evolve"],"picked":"Dropkick"}],"player_experience":169377,"potions_floor_usage":[6,16,16,23,23],"damage_taken":[{"damage":5,"enemies":"Small Slimes","floor":1,"turns":5},{"damage":9,"enemies":"Blue Slaver","floor":3,"turns":5},{"damage":1,"enemies":"Cultist","floor":5,"turns":4},{"damage":38,"enemies":"Lagavulin","floor":6,"turns":9},{"damage":11,"enemies":"Exordium Wildlife","floor":7,"turns":5},{"damage":33,"enemies":"3 Sentries","floor":8,"turns":8},{"damage":16,"enemies":"Exordium Thugs","floor":10,"turns":3},{"damage":2,"enemies":"3 Louse","floor":12,"turns":3},{"damage":19,"enemies":"Gremlin Nob","floor":14,"turns":4},{"damage":51,"enemies":"The Guardian","floor":16,"turns":8},{"damage":16,"enemies":"3 Byrds","floor":18,"turns":6},{"damage":14,"enemies":"Shell Parasite","floor":20,"turns":5},{"damage":14,"enemies":"Snake Plant","floor":21,"turns":4},{"damage":60,"enemies":"Slaver and Parasite","floor":22,"turns":8},{"damage":50,"enemies":"Slavers","floor":23,"turns":4}],"event_choices":[{"event_name":"Transmorgrifier","player_choice":"Transform","floor":2,"damage_taken":0},{"event_name":"Golden Wing","player_choice":"Gained Gold","floor":4,"damage_taken":0},{"event_name":"Wheel of Change","player_choice":"Card Removal","floor":11,"damage_taken":0},{"event_name":"Vampires","player_choice":"Became a vampire","floor":19,"damage_taken":0}],"boss_relics":[{"not_picked":["Cursed Key","Eternal Feather"],"picked":"Mark of Pain"}],"potions_floor_spawned":[3,5,10,14,18,20,21],"seed_played":"6436518995712197611","killed_by":"Slavers","ascension_level":0,"is_trial":false}