{"gold_per_floor":[15,26,38,53,72,72,92,92,116,46,46,58,58,58,58,58],"floor_reached":16,"playtime":1698,"items_purged":[],"score":113,"play_id":"58789c50-2545-4c00-8c4c-8037cee6ddc0","local_time":"20180921092335","is_ascension_mode":true,"campfire_choices":[{"data":"Iron Wave","floor":6,"key":"SMITH"},{"data":"Power Through","floor":8,"key":"SMITH"},{"data":"Offering","floor":11,"key":"SMITH"},{"floor":15,"key":"REST"}],"neow_cost":"NO_GOLD","seed_source_timestamp":223814039493468,"circlet_count":0,"master_deck":["Strike_R","Strike_R","Strike_R","Defend_R+1","Defend_R","Defend_R+1","Defend_R","Bash","Power Through+1","Cleave","Iron Wave+1","Warcry","Offering+1","Ghostly Armor"],"relics":["Burning Blood","PreservedInsect","Bag of Marbles"],"potions_floor_usage":[4,12,16],"damage_taken":[{"damage":5,"enemies":"Cultist","floor":1,"turns":4},{"damage":0,"enemies":"Small Slimes","floor":2,"turns":6},{"damage":0,"enemies":"2 Louse","floor":3,"turns":2},{"damage":5,"enemies":"Looter","floor":4,"turns":5},{"damage":7,"enemies":"2 Fungi Beasts","floor":5,"turns":4},{"damage":20,"enemies":"Exordium Wildlife","floor":7,"turns":9},{"damage":7,"enemies":"Exordium Thugs","floor":12,"turns":6},{"damage":86,"enemies":"Slime Boss","floor":16,"turns":10}],"seed_played":"-5819194979473372424","potions_obtained":[{"floor":1,"key":"Swift Potion"},{"floor":3,"key":"Ancient Potion"},{"floor":12,"key":"Fire Potion"}],"is_trial":false,"path_per_floor":["M","M","M","M","M","R","M","R","T","$","R","M","T","?","R"],"character_chosen":"IRONCLAD","items_purchased":["Offering"],"campfire_rested":1,"item_purchase_floors":[10],"current_hp_per_floor":[80,80,80,80,79,79,65,65,65,65,65,64,64,48,72,0],"gold":58,"neow_bonus":"REMOVE_TWO","is_prod":false,"is_daily":false,"chose_seed":false,"campfire_upgraded":3,"win_rate":0,"timestamp":1537547015,"path_taken":["M","M","M","?","?","R","M","R","T","$","R","M","?","?","R","BOSS"],"build_version":"2018-09-20","purchased_purges":0,"victory":false,"max_hp_per_floor":[80,80,80,80,80,80,80,80,80,80,80,80,80,80,80,80],"card_choices":[{"not_picked":["Evolve","Body Slam"],"picked":"Power Through","floor":1},{"not_picked":["Thunderclap","Twin Strike"],"picked":"Cleave","floor":2},{"not_picked":["Metallicize","Perfected Strike","Heavy Blade"],"picked":"SKIP","floor":3},{"not_picked":["Clash","Cleave","Thunderclap"],"picked":"SKIP","floor":4},{"not_picked":["Pommel Strike","Anger"],"picked":"Iron Wave","floor":5},{"not_picked":["Iron Wave","Spot Weakness"],"picked":"Warcry","floor":7},{"not_picked":["Armaments","Hemokinesis"],"picked":"Ghostly Armor","floor":12}],"player_experience":216325,"relics_obtained":[{"floor":9,"key":"PreservedInsect"},{"floor":13,"key":"Bag of Marbles"}],"event_choices":[{"event_name":"Shining Light","player_choice":"Entered Light","floor":14,"damage_taken":0}],"is_beta":false,"boss_relics":[],"items_purged_floors":[],"is_endless":false,"potions_floor_spawned":[1,3,12],"killed_by":"Slime Boss","ascension_level":4}