{"gold_per_floor":[112,112,37,37,54,54,89,106,106,106,132,32,32,32,32,32],"floor_reached":16,"playtime":800,"items_purged":["Defend_G","Defend_G"],"score":96,"play_id":"0b15b5e1-7a9f-422d-8810-4e7311baed6e","local_time":"20181110151703","is_ascension_mode":false,"campfire_choices":[{"data":"Neutralize","floor":6,"key":"SMITH"},{"data":"1","floor":10,"key":"LIFT"},{"data":"2","floor":13,"key":"LIFT"},{"data":"3","floor":15,"key":"LIFT"}],"neow_cost":"NONE","seed_source_timestamp":2735374511155306,"circlet_count":0,"master_deck":["Defend_G","Defend_G","Defend_G+1","Strike_G","Strike_G","Strike_G","Strike_G","Strike_G","Survivor","Neutralize+1","Footwork+1"],"relics":["Coffee Dripper","Calipers","Paper Crane","Girya","Odd Mushroom"],"potions_floor_usage":[16,16],"damage_taken":[{"damage":0,"enemies":"Small Slimes","floor":1,"turns":4},{"damage":1,"enemies":"2 Louse","floor":5,"turns":3},{"damage":35,"enemies":"3 Sentries","floor":7,"turns":14},{"damage":0,"enemies":"Jaw Worm","floor":8,"turns":3},{"damage":18,"enemies":"The Mushroom Lair","floor":11,"turns":6},{"damage":5,"enemies":"Hexaghost","floor":16,"turns":11}],"seed_played":"6603476011470945746","potions_obtained":[{"floor":5,"key":"PowerPotion"},{"floor":8,"key":"Swift Potion"}],"is_trial":false,"path_per_floor":["M","?","$","?","M","R","E","M","T","R","?","$","R","?","R","B"],"character_chosen":"THE_SILENT","items_purchased":[],"campfire_rested":0,"item_purchase_floors":[],"current_hp_per_floor":[70,75,75,72,71,71,36,36,36,36,18,18,18,3,3,0],"gold":32,"neow_bonus":"BOSS_RELIC","is_prod":false,"is_daily":false,"chose_seed":false,"campfire_upgraded":1,"win_rate":0.0,"timestamp":1541884623,"path_taken":["M","?","$","?","M","R","E","M","T","R","?","$","R","?","R","BOSS"],"build_version":"2018-11-08","purchased_purges":2,"victory":false,"max_hp_per_floor":[70,75,75,75,75,75,75,75,75,75,75,75,75,75,75,75],"card_choices":[{"not_picked":["Deflect","Backflip","Slice"],"picked":"SKIP","floor":1},{"not_picked":["Distraction","Tactician","Choke"],"picked":"SKIP","floor":5},{"not_picked":["Sucker Punch","Prepared","Dagger Spray"],"picked":"SKIP","floor":7},{"not_picked":["Blur","Acrobatics"],"picked":"Footwork","floor":8}],"player_experience":68314,"relics_obtained":[{"floor":7,"key":"Paper Crane"},{"floor":9,"key":"Girya"},{"floor":11,"key":"Odd Mushroom"}],"event_choices":[{"damage_healed":0,"gold_gain":0,"player_choice":"Donut","damage_taken":0,"max_hp_gain":5,"max_hp_loss":0,"event_name":"Big Fish","floor":2,"gold_loss":0},{"damage_healed":0,"gold_gain":0,"player_choice":"Success","damage_taken":3,"relics_obtained":["Calipers"],"max_hp_gain":0,"max_hp_loss":0,"event_name":"Scrap Ooze","floor":4,"gold_loss":0},{"damage_healed":0,"gold_gain":0,"player_choice":"Fought Mushrooms","damage_taken":0,"max_hp_gain":0,"max_hp_loss":0,"event_name":"Mushrooms","floor":11,"gold_loss":0},{"damage_healed":0,"gold_gain":0,"player_choice":"Entered Light","damage_taken":15,"max_hp_gain":0,"max_hp_loss":0,"event_name":"Shining Light","floor":14,"gold_loss":0,"cards_upgraded":["Footwork","Defend_G"]}],"is_beta":false,"boss_relics":[],"items_purged_floors":[3,12],"is_endless":false,"potions_floor_spawned":[5,8],"killed_by":"Hexaghost","ascension_level":0}