{"gold_per_floor":[12,12,23,23,23,23,38,66,66,81,97,127,52,68,68,167,167,178,210,11,11,11,11,20,20,20,20,30,30,30,49,49,154,154,169,188,188,199,199,199,218,218,243,259,273,323,333,352,352,352],"floor_reached":51,"playtime":4333,"items_purged":["Strike_R","Strike_R+1"],"score":636,"play_id":"361b0466-3617-423b-9003-355f4aa37168","local_time":"20190223235726","is_ascension_mode":false,"campfire_choices":[{"data":"Iron Wave","floor":6.0,"key":"SMITH"},{"data":"Metallicize","floor":15,"key":"SMITH"},{"data":"RitualDagger","floor":23,"key":"SMITH"},{"data":"Body Slam","floor":25,"key":"SMITH"},{"data":"Ghostly Armor","floor":27,"key":"SMITH"},{"data":"Shrug It Off","floor":30,"key":"SMITH"},{"data":"Defend_R","floor":32,"key":"SMITH"},{"data":"Madness","floor":40,"key":"SMITH"},{"data":"Madness","floor":42,"key":"SMITH"},{"data":"Madness","floor":49,"key":"SMITH"}],"neow_cost":"NO_GOLD","seed_source_timestamp":26055091267356,"circlet_count":0,"master_deck":["Strike_R+1","Defend_R","Defend_R","Defend_R","Defend_R+1","Bash","Iron Wave+1","Shrug It Off+1","Metallicize+1","Ghostly Armor+1","Battle Trance+1","Body Slam+1","True Grit+1","RitualDagger+1","Impervious","Flash of Steel","Madness+1","Flash of Steel","Madness+1","Madness+1","Parasite","Body Slam+1"],"special_seed":0,"relics":["Burning Blood","Meat on the Bone","Whetstone","Oddly Smooth Stone","Black Star","Red Mask","Darkstone Periapt","Lizard Tail","Orichalcum","Regal Pillow"],"potions_floor_usage":[12,16,19,33,47,50,50],"damage_taken":[{"damage":5.0,"enemies":"Cultist","floor":1.0,"turns":4.0},{"damage":2.0,"enemies":"Small Slimes","floor":3.0,"turns":4.0},{"damage":2.0,"enemies":"Jaw Worm","floor":7.0,"turns":4.0},{"damage":15.0,"enemies":"3 Sentries","floor":8.0,"turns":14.0},{"damage":5.0,"enemies":"Exordium Thugs","floor":10.0,"turns":5.0},{"damage":0.0,"enemies":"3 Louse","floor":11.0,"turns":6.0},{"damage":12,"enemies":"Lagavulin","floor":12,"turns":10},{"damage":1,"enemies":"Looter","floor":14,"turns":3},{"damage":77,"enemies":"Slime Boss","floor":16,"turns":32},{"damage":2,"enemies":"Shell Parasite","floor":18,"turns":13},{"damage":50,"enemies":"Masked Bandits","floor":19,"turns":14},{"damage":4,"enemies":"2 Thieves","floor":24,"turns":5},{"damage":6,"enemies":"Snake Plant","floor":28,"turns":8},{"damage":20,"enemies":"Cultist and Chosen","floor":31,"turns":11},{"damage":42,"enemies":"Automaton","floor":33,"turns":16},{"damage":0,"enemies":"3 Shapes","floor":35,"turns":5},{"damage":0,"enemies":"3 Darklings","floor":36,"turns":7},{"damage":0,"enemies":"4 Shapes","floor":38,"turns":9},{"damage":0,"enemies":"Jaw Worm Horde","floor":41,"turns":7},{"damage":2,"enemies":"Spire Growth","floor":44,"turns":6},{"damage":0,"enemies":"Transient","floor":45,"turns":5},{"damage":14,"enemies":"Writhing Mass","floor":47,"turns":11},{"damage":7,"enemies":"Maw","floor":48,"turns":9},{"damage":24,"enemies":"Awakened One","floor":50,"turns":23}],"seed_played":"-5482421011895881923","potions_obtained":[{"floor":7.0,"key":"Weak Potion"},{"floor":10.0,"key":"SpeedPotion"},{"floor":11,"key":"Block Potion"},{"floor":16,"key":"Weak Potion"},{"floor":28,"key":"SkillPotion"},{"floor":29,"key":"Explosive Potion"},{"floor":35,"key":"Fire Potion"},{"floor":36,"key":"Strength Potion"}],"is_trial":false,"path_per_floor":["M","?","M","?","?","R","M","E","T","M","M","E","$","M","R","B",null,"M","?","$","?","?","R","M","R","T","R","M","?","R","M","R","B",null,"M","M","?","M","?","R","M","R","T","M","M","T","M","M","R","B",null],"character_chosen":"IRONCLAD","items_purchased":["Body Slam","True Grit"],"campfire_rested":0,"item_purchase_floors":[20,20],"current_hp_per_floor":[80,72,76,81,81,81,85,76,76,77,83,77,77,82,82,23,85,85,53,53,47,47,47,49,49,49,49,49,49,49,47,47,23,85,85,85,75,81,70,70,76,76,76,80,85,85,83,82,82,64],"gold":352,"neow_bonus":"REMOVE_TWO","is_prod":false,"is_daily":false,"chose_seed":false,"campfire_upgraded":10,"win_rate":0,"timestamp":1550984246,"path_taken":["M","?","?","?","?","R","M","E","T","M","M","E","?","M","R","BOSS","M","?","$","?","?","R","M","R","T","R","?","?","R","?","R","BOSS","M","?","?","M","?","R","M","R","T","M","M","?","M","?","R","BOSS"],"build_version":"2019-01-23","purchased_purges":2,"victory":true,"max_hp_per_floor":[80,80,80,85,85,85,85,85,85,85,85,85,85,85,85,85,85,85,85,85,85,85,85,85,85,85,85,85,85,85,85,85,85,85,85,85,85,85,85,85,85,85,85,85,85,85,91,91,91,91],"card_choices":[{"not_picked":["Havoc","Feel No Pain"],"picked":"Iron Wave","floor":1.0},{"not_picked":["Entrench","Armaments"],"picked":"Shrug It Off","floor":3.0},{"not_picked":["Seeing Red","Dual Wield","Havoc"],"picked":"SKIP","floor":7.0},{"not_picked":["Bloodletting","Perfected Strike","Immolate"],"picked":"SKIP","floor":8.0},{"not_picked":["Armaments","Clash"],"picked":"Metallicize","floor":10.0},{"not_picked":["Clash","Perfected Strike","Sword Boomerang"],"picked":"SKIP","floor":11},{"not_picked":["Fiend Fire","Sever Soul"],"picked":"Ghostly Armor","floor":12},{"not_picked":["Flame Barrier","Pommel Strike","Cleave"],"picked":"SKIP","floor":14},{"not_picked":["Thunderclap","Headbutt"],"picked":"Battle Trance+1","floor":18},{"not_picked":["Thunderclap","Battle Trance","Clothesline"],"picked":"SKIP","floor":24},{"not_picked":["True Grit","Havoc","Hemokinesis"],"picked":"SKIP","floor":28},{"not_picked":["Metallicize","Burning Pact+1","Twin Strike"],"picked":"SKIP","floor":31},{"not_picked":["Exhume","Dark Embrace"],"picked":"Impervious","floor":33},{"not_picked":["Seeing Red+1","Corruption","Thunderclap"],"picked":"SKIP","floor":35},{"not_picked":["Heavy Blade","Sword Boomerang+1","Pummel"],"picked":"SKIP","floor":36},{"not_picked":["Madness","Panache"],"picked":"Flash of Steel","floor":37},{"not_picked":["Secret Technique","Trip"],"picked":"Madness","floor":37},{"not_picked":["Panache","PanicButton"],"picked":"Flash of Steel","floor":37},{"not_picked":["Clash","Anger+1","Warcry"],"picked":"SKIP","floor":38},{"not_picked":["Heavy Blade","Thunderclap+1","Flex+1"],"picked":"SKIP","floor":41},{"not_picked":["Corruption+1","Metallicize","True Grit"],"picked":"SKIP","floor":44},{"not_picked":["Havoc+1","Armaments","Carnage+1"],"picked":"SKIP","floor":45},{"not_picked":["Sword Boomerang+1","Intimidate","Whirlwind"],"picked":"SKIP","floor":47},{"not_picked":["Headbutt","Combust+1"],"picked":"Body Slam+1","floor":48}],"player_experience":442687,"relics_obtained":[{"floor":8.0,"key":"Meat on the Bone"},{"floor":9.0,"key":"Whetstone"},{"floor":12,"key":"Oddly Smooth Stone"},{"floor":19,"key":"Red Mask"},{"floor":26,"key":"Darkstone Periapt"},{"floor":43,"key":"Orichalcum"},{"floor":46,"key":"Regal Pillow"}],"event_choices":[{"damage_healed":0.0,"max_hp_gain":0.0,"max_hp_loss":0.0,"gold_gain":0.0,"event_name":"Wheel of Change","player_choice":"Damaged","floor":2.0,"gold_loss":0.0,"damage_taken":8.0},{"damage_healed":0.0,"max_hp_gain":5.0,"max_hp_loss":0.0,"gold_gain":0.0,"event_name":"Big Fish","player_choice":"Donut","floor":4.0,"gold_loss":0.0,"damage_taken":0.0},{"damage_healed":0.0,"max_hp_gain":0.0,"max_hp_loss":0.0,"gold_gain":0.0,"event_name":"Liars Game","player_choice":"Ignored","floor":5.0,"gold_loss":0.0,"damage_taken":0.0},{"damage_healed":0,"gold_gain":0,"player_choice":"Fought Bandits","damage_taken":0,"max_hp_gain":0,"max_hp_loss":0,"event_name":"Masked Bandits","floor":19,"gold_loss":0},{"damage_healed":0,"gold_gain":0,"player_choice":"Joined the Cult","damage_taken":6,"max_hp_gain":0,"max_hp_loss":0,"event_name":"Nest","floor":21,"gold_loss":0,"cards_obtained":["RitualDagger"]},{"damage_healed":0,"gold_gain":0,"player_choice":"Forge","damage_taken":0,"max_hp_gain":0,"max_hp_loss":0,"event_name":"Accursed Blacksmith","floor":22,"gold_loss":0,"cards_upgraded":["True Grit"]},{"damage_healed":0,"gold_gain":0,"player_choice":"Got Potions","damage_taken":0,"max_hp_gain":0,"max_hp_loss":0,"event_name":"Lab","floor":29,"gold_loss":0},{"damage_healed":0,"gold_gain":0,"player_choice":"Memory 3","damage_taken":10,"max_hp_gain":0,"max_hp_loss":0,"event_name":"SensoryStone","floor":37,"gold_loss":0},{"damage_healed":0,"gold_gain":0,"player_choice":"Embrace Madness","damage_taken":11,"max_hp_gain":0,"max_hp_loss":0,"event_name":"Winding Halls","floor":39,"gold_loss":0,"cards_obtained":["Madness","Madness"]}],"is_beta":false,"boss_relics":[{"not_picked":["Snecko Eye","Ectoplasm"],"picked":"Black Star"},{"not_picked":["Eternal Feather","Tiny House"],"picked":"Lizard Tail"}],"items_purged_floors":[13,20],"is_endless":false,"potions_floor_spawned":[7,10,11,16,28,35,36,44],"ascension_level":0}