{"gold_per_floor":[213,213,213,226,151,169,200,275,275,294,313,313,313,388,388,487,487,507,527,527,527,544,544,544,444,744,619,619,650,650,565,565,660,660,674,774,624,641,641,641],"floor_reached":40,"playtime":1817,"items_purged":["Dualcast","Strike_B","Strike_B","Strike_B"],"score":430,"play_id":"636f1647-1523-40a5-8a18-181268b2aed7","local_time":"20181113065307","is_ascension_mode":false,"campfire_choices":[{"floor":13,"key":"REST"},{"floor":15,"key":"REST"},{"floor":23,"key":"REST"},{"floor":28,"key":"REST"},{"floor":30,"key":"REST"},{"floor":32,"key":"REST"}],"neow_cost":"NONE","seed_source_timestamp":2963320434097219,"circlet_count":0,"master_deck":["Strike_B","Defend_B","Defend_B+1","Defend_B+1","Zap","Cold Snap","Core Surge","Capacitor+1","Core Surge","Loop+1","Echo Form+1","Capacitor+1"],"relics":["Cracked Core","WingedGreaves","Frozen Egg 2","Vajra","Busted Crown","StoneCalendar","Old Coin","Red Mask","Gambling Chip","Lizard Tail","Torii"],"potions_floor_usage":[16,16,33,33,40],"damage_taken":[{"damage":6,"enemies":"Jaw Worm","floor":1,"turns":5},{"damage":0,"enemies":"Small Slimes","floor":4,"turns":3},{"damage":0,"enemies":"2 Louse","floor":6,"turns":4},{"damage":6,"enemies":"Lagavulin","floor":7,"turns":9},{"damage":11,"enemies":"Gremlin Gang","floor":10,"turns":5},{"damage":4,"enemies":"Blue Slaver","floor":11,"turns":4},{"damage":8,"enemies":"The Guardian","floor":16,"turns":12},{"damage":8,"enemies":"Spheric Guardian","floor":18,"turns":4},{"damage":20,"enemies":"2 Thieves","floor":19,"turns":5},{"damage":11,"enemies":"Chosen and Byrds","floor":22,"turns":6},{"damage":26,"enemies":"Colosseum Slavers","floor":24,"turns":5},{"damage":58,"enemies":"Masked Bandits","floor":29,"turns":7},{"damage":44,"enemies":"Champ","floor":33,"turns":18},{"damage":34,"enemies":"Orb Walker","floor":35,"turns":4},{"damage":17,"enemies":"Mind Bloom Boss Battle","floor":36,"turns":8},{"damage":51,"enemies":"3 Darklings","floor":38,"turns":7},{"damage":30,"enemies":"Nemesis","floor":40,"turns":3}],"seed_played":"6742578079921161309","potions_obtained":[{"floor":1,"key":"Weak Potion"},{"floor":4,"key":"GamblersBrew"},{"floor":10,"key":"FocusPotion"},{"floor":18,"key":"FearPotion"},{"floor":19,"key":"LiquidBronze"},{"floor":33,"key":"EntropicBrew"},{"floor":35,"key":"SpeedPotion"},{"floor":36,"key":"Weak Potion"}],"is_trial":false,"path_per_floor":["M","?","?","M","$","M","E","?","T","M","M","?","R","?","R","B",null,"M","M","?","?","M","R","?","$","T","$","R","?","R","?","R","B",null,"M","?","$","M","?","E"],"character_chosen":"DEFECT","items_purchased":[],"campfire_rested":6,"item_purchase_floors":[],"current_hp_per_floor":[69,74,58,58,58,58,52,41,41,30,26,19,43,35,59,51,80,72,52,52,52,41,65,39,39,39,39,63,5,29,29,53,9,80,46,29,29,23,23,0],"gold":641,"neow_bonus":"HUNDRED_GOLD","is_prod":false,"is_daily":false,"chose_seed":false,"campfire_upgraded":0,"win_rate":0.0,"timestamp":1542113587,"path_taken":["M","?","?","M","$","M","E","?","T","M","?","?","R","?","R","BOSS","M","?","?","?","?","R","?","$","T","?","R","?","R","?","R","BOSS","M","?","$","M","?","E"],"build_version":"2018-11-08","purchased_purges":4,"victory":false,"max_hp_per_floor":[75,80,80,80,80,80,80,80,80,80,80,80,80,80,80,80,80,80,80,80,80,80,80,80,80,80,80,80,80,80,80,80,80,80,80,80,80,80,80,80],"card_choices":[{"not_picked":["Melter","Undo","Skim"],"picked":"SKIP","floor":1},{"not_picked":["Rebound","Redo"],"picked":"Cold Snap","floor":4},{"not_picked":["Leap","Aggregate","Streamline"],"picked":"SKIP","floor":6},{"not_picked":["Capacitor","Barrage"],"picked":"Core Surge","floor":7},{"not_picked":["Stack","Gash","Turbo"],"picked":"SKIP","floor":10},{"not_picked":["Steam Power","Chaos"],"picked":"Capacitor+1","floor":11},{"not_picked":["Thunder Strike","All For One"],"picked":"Core Surge","floor":16},{"not_picked":["Hologram+1"],"picked":"SKIP","floor":18},{"not_picked":["Doom and Gloom"],"picked":"SKIP","floor":19},{"not_picked":[],"picked":"Loop+1","floor":22},{"not_picked":[],"picked":"Echo Form+1","floor":33},{"not_picked":[],"picked":"Capacitor+1","floor":35},{"not_picked":["Streamline+1"],"picked":"SKIP","floor":38}],"player_experience":170288,"relics_obtained":[{"floor":7,"key":"WingedGreaves"},{"floor":9,"key":"Frozen Egg 2"},{"floor":21,"key":"StoneCalendar"},{"floor":26,"key":"Old Coin"},{"floor":29,"key":"Red Mask"},{"floor":36,"key":"Torii"}],"event_choices":[{"damage_healed":0,"gold_gain":0,"player_choice":"Donut","damage_taken":0,"max_hp_gain":5,"max_hp_loss":0,"event_name":"Big Fish","floor":2,"gold_loss":0},{"damage_healed":0,"gold_gain":0,"player_choice":"Entered Light","damage_taken":16,"max_hp_gain":0,"max_hp_loss":0,"event_name":"Shining Light","floor":3,"gold_loss":0,"cards_upgraded":["Defend_B","Defend_B"]},{"damage_healed":0,"gold_gain":75,"player_choice":"Gather Gold","damage_taken":11,"max_hp_gain":0,"max_hp_loss":0,"event_name":"World of Goop","floor":8,"gold_loss":0},{"damage_healed":0,"gold_gain":0,"player_choice":"Success","damage_taken":7,"relics_obtained":["Vajra"],"max_hp_gain":0,"max_hp_loss":0,"event_name":"Scrap Ooze","floor":12,"gold_loss":0},{"damage_healed":0,"gold_gain":75,"player_choice":"Touch","damage_taken":8,"max_hp_gain":0,"max_hp_loss":0,"event_name":"FaceTrader","floor":14,"gold_loss":0},{"damage_healed":0,"gold_gain":0,"player_choice":"Ignored","damage_taken":0,"max_hp_gain":0,"max_hp_loss":0,"event_name":"Vampires","floor":20,"gold_loss":0},{"damage_healed":0,"gold_gain":0,"player_choice":"Relic","damage_taken":0,"max_hp_gain":0,"max_hp_loss":0,"event_name":"Wheel of Change","floor":21,"gold_loss":0},{"damage_healed":0,"gold_gain":0,"player_choice":"Fight","damage_taken":0,"max_hp_gain":0,"max_hp_loss":0,"event_name":"Colosseum","floor":24,"gold_loss":0},{"damage_healed":0,"gold_gain":0,"player_choice":"Fled From Nobs","damage_taken":0,"max_hp_gain":0,"max_hp_loss":0,"event_name":"Colosseum","floor":24,"gold_loss":0},{"damage_healed":0,"gold_gain":0,"player_choice":"Fought Bandits","damage_taken":0,"max_hp_gain":0,"max_hp_loss":0,"event_name":"Masked Bandits","floor":29,"gold_loss":0},{"damage_healed":0,"gold_gain":0,"player_choice":"Obtained Relic","damage_taken":0,"relics_obtained":["Gambling Chip"],"max_hp_gain":0,"max_hp_loss":0,"event_name":"Addict","floor":31,"gold_loss":85},{"damage_healed":0,"gold_gain":0,"player_choice":"Fight","damage_taken":0,"max_hp_gain":0,"max_hp_loss":0,"event_name":"MindBloom","floor":36,"gold_loss":0},{"cards_removed":["Defend_B"],"damage_healed":0,"gold_gain":0,"player_choice":"Removed Skill","damage_taken":0,"max_hp_gain":0,"max_hp_loss":0,"event_name":"Falling","floor":39,"gold_loss":0}],"is_beta":false,"boss_relics":[{"not_picked":["Philosopher\u0027s Stone","Coffee Dripper"],"picked":"Busted Crown"},{"not_picked":["Empty Cage","Snecko Eye"],"picked":"Lizard Tail"}],"items_purged_floors":[5,25,27,37],"is_endless":false,"potions_floor_spawned":[1,4,10,18,19,33,35,36],"killed_by":"Nemesis","ascension_level":0}