{"gold_per_floor":[362,362,67,87,106,140,157,157,231,247,257,257,292,306,306,401,401,419,472,387,387,398,432,43,56,56,56,56,56,67,87,87,186,186,204,130,130,148,162,188,219,231,270,282,394,7,22,37,37,37,37,37,37,37],"floor_reached":54,"playtime":3840,"items_purged":["Strike_R","Strike_R"],"score":1157,"play_id":"de56a71c-1694-48d3-b2ef-a3dad34c0d47","local_time":"20190225063858","is_ascension_mode":true,"campfire_choices":[{"data":"Inflame","floor":8.0,"key":"SMITH"},{"floor":12.0,"key":"REST"},{"data":"Bash","floor":15.0,"key":"SMITH"},{"floor":27.0,"key":"REST"},{"data":"Ghostly","floor":32.0,"key":"SMITH"},{"floor":44,"key":"RECALL"},{"data":"Barricade","floor":49,"key":"SMITH"},{"data":"Writhe","floor":52,"key":"PURGE"}],"neow_cost":"TEN_PERCENT_HP_LOSS","seed_source_timestamp":0,"circlet_count":0,"master_deck":["AscendersBane","Strike_R","Strike_R","Strike_R","Defend_R","Defend_R","Defend_R","Defend_R","Bash+1","Warcry+1","Inflame+1","Thunderclap","Pommel Strike","Iron Wave","Cleave","Headbutt","Shrug It Off","Pummel+1","Iron Wave+1","Juggernaut","Armaments+1","Headbutt+1","Pommel Strike+1","Fiend Fire+1","Ghostly+1","Ghostly","Ghostly","Ghostly","Ghostly","Shrug It Off","Barricade+1","Entrench","Disarm+1","Entrench","Body Slam+1"],"special_seed":0,"relics":["Burning Blood","Tiny Chest","Magic Flower","Molten Egg 2","Lantern","Lizard Tail","Dream Catcher","Champion Belt","Dead Branch","Matryoshka","Darkstone Periapt","Philosopher\u0027s Stone","MawBank","Centennial Puzzle","Bag of Preparation","Peace Pipe","Ancient Tea Set","Pantograph"],"potions_floor_usage":[40,50],"damage_taken":[{"damage":0.0,"enemies":"2 Louse","floor":1.0,"turns":4.0},{"damage":6.0,"enemies":"Cultist","floor":4.0,"turns":3.0},{"damage":0.0,"enemies":"Small Slimes","floor":5.0,"turns":3.0},{"damage":40.0,"enemies":"Lagavulin","floor":6.0,"turns":6.0},{"damage":2.0,"enemies":"Looter","floor":7.0,"turns":3.0},{"damage":9.0,"enemies":"Red Slaver","floor":10.0,"turns":4.0},{"damage":5.0,"enemies":"2 Fungi Beasts","floor":11.0,"turns":3.0},{"damage":7.0,"enemies":"3 Sentries","floor":13.0,"turns":4.0},{"damage":8.0,"enemies":"Large Slime","floor":14.0,"turns":6.0},{"damage":38.0,"enemies":"Hexaghost","floor":16.0,"turns":7.0},{"damage":6.0,"enemies":"Spheric Guardian","floor":18.0,"turns":3.0},{"damage":18.0,"enemies":"Shell Parasite","floor":22.0,"turns":4.0},{"damage":46.0,"enemies":"Slavers","floor":23.0,"turns":6.0},{"damage":17.0,"enemies":"Cultist and Chosen","floor":25.0,"turns":6.0},{"damage":6.0,"enemies":"Snake Plant","floor":30.0,"turns":6.0},{"damage":19.0,"enemies":"Snecko","floor":31.0,"turns":6.0},{"damage":46,"enemies":"Champ","floor":33,"turns":15},{"damage":0,"enemies":"3 Shapes","floor":35,"turns":5},{"damage":0,"enemies":"Orb Walker","floor":38,"turns":3},{"damage":22,"enemies":"Maw","floor":39,"turns":8},{"damage":14,"enemies":"Giant Head","floor":40,"turns":17},{"damage":15,"enemies":"4 Shapes","floor":41,"turns":8},{"damage":2,"enemies":"Mind Bloom Boss Battle","floor":45,"turns":8},{"damage":14,"enemies":"3 Darklings","floor":47,"turns":3},{"damage":2,"enemies":"Maw","floor":48,"turns":6},{"damage":16,"enemies":"Awakened One","floor":50,"turns":16},{"damage":45,"enemies":"Shield and Spear","floor":54,"turns":5}],"seed_played":"-2800133384510711273","potions_obtained":[{"floor":4.0,"key":"Fruit Juice"},{"floor":6.0,"key":"LiquidBronze"},{"floor":7.0,"key":"Block Potion"},{"floor":13.0,"key":"PowerPotion"},{"floor":16.0,"key":"GamblersBrew"},{"floor":18.0,"key":"SteroidPotion"},{"floor":22.0,"key":"SpeedPotion"},{"floor":23.0,"key":"Swift Potion"},{"floor":30.0,"key":"Dexterity Potion"},{"floor":35,"key":"Energy Potion"},{"floor":38,"key":"LiquidBronze"},{"floor":47,"key":"Fire Potion"}],"is_trial":false,"path_per_floor":["M","?","$","M","M","E","M","R","T","M","M","R","E","M","R","B",null,"M","T","?","?","M","E","$","M","T","R","?","?","M","M","R","B",null,"M","$","?","M","M","E","M","?","T","R","?","$","M","M","R","B",null,"R","$","E"],"character_chosen":"IRONCLAD","items_purchased":["Tiny Chest","Inflame","Thunderclap","Dead Branch","Entrench","Ancient Tea Set","Pantograph"],"campfire_rested":2,"item_purchase_floors":[3,3,3,24,36,46,46],"current_hp_per_floor":[72,72,72,77,77,43,50,50,50,50,54,77,77,77,77,48,70,73,73,73,73,64,27,27,19,19,42,42,38,38,28,28,29,36,38,38,38,38,25,20,14,30,30,30,37,37,32,39,39,37,42,42,42,0],"gold":37,"neow_bonus":"TWO_FIFTY_GOLD","is_prod":false,"is_daily":false,"chose_seed":false,"campfire_upgraded":4,"win_rate":0,"timestamp":1551044338,"path_taken":["M","?","$","M","M","E","M","R","T","M","M","R","E","M","R","BOSS","M","?","?","?","?","E","$","M","T","R","?","?","M","M","R","BOSS","M","$","?","M","M","E","M","?","T","R","?","$","M","M","R","BOSS","R","$","E"],"build_version":"2019-01-23","purchased_purges":2,"victory":false,"max_hp_per_floor":[72,72,72,77,77,77,77,77,77,77,77,77,77,77,77,77,77,77,77,77,77,77,77,77,77,77,77,77,38,38,38,38,38,38,38,38,38,38,38,38,38,44,44,44,44,44,44,44,44,44,44,44,44,44],"card_choices":[{"not_picked":["Anger","Blood for Blood"],"picked":"Warcry","floor":1.0},{"not_picked":["Clothesline","Metallicize"],"picked":"Pommel Strike","floor":4.0},{"not_picked":["Warcry","Corruption"],"picked":"Iron Wave","floor":5.0},{"not_picked":["Hemokinesis","Twin Strike"],"picked":"Cleave","floor":6.0},{"not_picked":["Spot Weakness","Warcry"],"picked":"Headbutt","floor":7.0},{"not_picked":["Berserk","Sentinel"],"picked":"Shrug It Off","floor":10.0},{"not_picked":["Rampage+1","Anger+1"],"picked":"Pummel+1","floor":11.0},{"not_picked":["Rupture","Corruption","Anger+1"],"picked":"SKIP","floor":13.0},{"not_picked":["Clothesline+1","Fire Breathing"],"picked":"Iron Wave+1","floor":14.0},{"not_picked":["Demon Form","Brutality"],"picked":"Juggernaut","floor":16.0},{"not_picked":["Heavy Blade+1","Perfected Strike+1"],"picked":"Armaments","floor":18.0},{"not_picked":["Sword Boomerang+1","Heavy Blade+1"],"picked":"Headbutt+1","floor":22.0},{"not_picked":["Anger+1","Clash+1"],"picked":"Pommel Strike+1","floor":23.0},{"not_picked":["Clothesline+1","Infernal Blade"],"picked":"Fiend Fire+1","floor":25.0},{"not_picked":["Anger+1","Metallicize","Fire Breathing"],"picked":"SKIP","floor":30.0},{"not_picked":["Heavy Blade+1","Iron Wave+1"],"picked":"Shrug It Off","floor":31.0},{"not_picked":["Demon Form","Feed+1"],"picked":"Barricade","floor":33},{"not_picked":["Heavy Blade+1","Metallicize","Dual Wield"],"picked":"SKIP","floor":35},{"not_picked":["Armaments","True Grit"],"picked":"Disarm+1","floor":38},{"not_picked":["Clothesline+1","Searing Blow+1","Dark Embrace"],"picked":"SKIP","floor":39},{"not_picked":["Twin Strike+1","Infernal Blade"],"picked":"Entrench","floor":40},{"not_picked":["Armaments","Headbutt+1"],"picked":"Body Slam+1","floor":41},{"not_picked":["Flex","Armaments","Iron Wave+1"],"picked":"SKIP","floor":47},{"not_picked":["Rupture+1","Clothesline+1","Iron Wave+1"],"picked":"SKIP","floor":48}],"player_experience":93795,"relics_obtained":[{"floor":6.0,"key":"Magic Flower"},{"floor":9.0,"key":"Molten Egg 2"},{"floor":13.0,"key":"Lantern"},{"floor":23.0,"key":"Champion Belt"},{"floor":26.0,"key":"Matryoshka"},{"floor":40,"key":"MawBank"},{"floor":43,"key":"Centennial Puzzle"},{"floor":43,"key":"Bag of Preparation"},{"floor":45,"key":"Peace Pipe"}],"event_choices":[{"damage_healed":0.0,"max_hp_gain":0.0,"max_hp_loss":0.0,"gold_gain":0.0,"event_name":"Upgrade Shrine","player_choice":"Upgraded","floor":2.0,"gold_loss":0.0,"damage_taken":0.0,"cards_upgraded":["Warcry"]},{"damage_healed":0.0,"max_hp_gain":0.0,"max_hp_loss":0.0,"gold_gain":0.0,"event_name":"Addict","player_choice":"Obtained Relic","floor":20.0,"gold_loss":85.0,"damage_taken":0.0,"relics_obtained":["Dream Catcher"]},{"damage_healed":0.0,"max_hp_gain":0.0,"max_hp_loss":0.0,"gold_gain":0.0,"event_name":"Accursed Blacksmith","player_choice":"Forge","floor":21.0,"gold_loss":0.0,"damage_taken":0.0,"cards_upgraded":["Armaments"]},{"damage_healed":0.0,"max_hp_gain":0.0,"max_hp_loss":0.0,"gold_gain":0.0,"event_name":"The Mausoleum","player_choice":"Opened","floor":28.0,"gold_loss":0.0,"damage_taken":0.0,"relics_obtained":["Darkstone Periapt"]},{"damage_healed":0.0,"max_hp_gain":0.0,"max_hp_loss":39.0,"gold_gain":0.0,"event_name":"Ghosts","player_choice":"Became a Ghost","floor":29.0,"gold_loss":0.0,"damage_taken":0.0,"cards_obtained":["Ghostly","Ghostly","Ghostly","Ghostly","Ghostly"]},{"damage_healed":0,"gold_gain":0,"player_choice":"Ignored","damage_taken":0,"max_hp_gain":0,"max_hp_loss":0,"event_name":"Mysterious Sphere","floor":37,"gold_loss":0},{"damage_healed":10,"gold_gain":0,"player_choice":"Writhe","damage_taken":0,"max_hp_gain":0,"max_hp_loss":0,"event_name":"Winding Halls","floor":42,"gold_loss":0,"cards_obtained":["Writhe"]},{"damage_healed":0,"gold_gain":0,"player_choice":"Fight","damage_taken":0,"max_hp_gain":0,"max_hp_loss":0,"event_name":"MindBloom","floor":45,"gold_loss":0}],"is_beta":false,"boss_relics":[{"not_picked":["White Beast Statue","Busted Crown"],"picked":"Lizard Tail"},{"not_picked":["Fusion Hammer","Velvet Choker"],"picked":"Philosopher\u0027s Stone"}],"items_purged_floors":[3,24],"is_endless":false,"potions_floor_spawned":[4,6,7,13,14,16,18,22,23,30,35,38,47],"killed_by":"Shield and Spear","ascension_level":12}