{"gold_per_floor":[111,125,125,4,18,18,46,78,113,125,153,165,177,205,217,324,336,358,336,360,372,384,396,420,432],"floor_reached":25,"playtime":3713,"items_purged":["Regret"],"score":228,"play_id":"6ba7d585-7887-4668-a5e2-d58e70b2aaee","local_time":"20180821123418","is_ascension_mode":true,"campfire_choices":[{"data":"Flame Barrier","floor":6,"key":"SMITH"},{"data":"Seeing Red","floor":10,"key":"SMITH"},{"data":"Bash","floor":13,"key":"SMITH"},{"floor":15,"key":"REST"},{"floor":23,"key":"REST"}],"neow_cost":"NONE","seed_source_timestamp":495821928614998,"circlet_count":0,"master_deck":["Strike_R+1","Strike_R","Strike_R","Strike_R","Strike_R","Defend_R","Defend_R","Defend_R+1","Defend_R+1","Bash+1","Flame Barrier+1","True Grit","True Grit","Exhume","Anger+1","Seeing Red+1","Anger","Wild Strike","Sword Boomerang","Fiend Fire","Havoc+1","Iron Wave","Armaments+1","Body Slam"],"relics":["Burning Blood","War Paint","Oddly Smooth Stone","MawBank","Dream Catcher","Velvet Choker"],"potions_floor_usage":[7,16,21],"damage_taken":[{"damage":0,"enemies":"Small Slimes","floor":1,"turns":3},{"damage":1,"enemies":"2 Louse","floor":2,"turns":3},{"damage":3,"enemies":"Jaw Worm","floor":5,"turns":5},{"damage":34,"enemies":"Gremlin Nob","floor":7,"turns":6},{"damage":12,"enemies":"Lots of Slimes","floor":8,"turns":6},{"damage":5,"enemies":"2 Fungi Beasts","floor":11,"turns":4},{"damage":17,"enemies":"Exordium Thugs","floor":14,"turns":5},{"damage":18,"enemies":"Hexaghost","floor":16,"turns":10},{"damage":12,"enemies":"Spheric Guardian","floor":18,"turns":5},{"damage":37,"enemies":"2 Thieves","floor":19,"turns":5},{"damage":34,"enemies":"Sentry and Sphere","floor":20,"turns":8},{"damage":0,"enemies":"Shelled Parasite and Fungi","floor":21,"turns":2},{"damage":14,"enemies":"Snecko","floor":24,"turns":6},{"damage":46,"enemies":"Gremlin Leader","floor":25,"turns":4}],"seed_played":"6333922363829824468","potions_obtained":[{"floor":5,"key":"EssenceOfSteel"},{"floor":14,"key":"Block Potion"},{"floor":20,"key":"SmokeBomb"}],"is_trial":false,"path_per_floor":["M","M","?","$","M","R","E","M","T","R","M","?","R","M","R","B",null,"M","M","M","M","?","R","M"],"character_chosen":"IRONCLAD","items_purchased":["True Grit"],"campfire_rested":2,"item_purchase_floors":[4],"current_hp_per_floor":[80,80,80,80,80,80,52,46,46,46,47,31,31,20,44,32,80,74,43,15,21,21,45,37,0],"gold":432,"neow_bonus":"RANDOM_COMMON_RELIC","is_prod":false,"is_daily":false,"chose_seed":false,"campfire_upgraded":3,"win_rate":0,"timestamp":1534880058,"path_taken":["M","M","?","$","M","R","E","M","T","R","?","?","R","M","R","BOSS","M","M","?","M","?","R","?","E"],"build_version":"2018-08-16","purchased_purges":1,"victory":false,"max_hp_per_floor":[80,80,80,80,80,80,80,80,80,80,80,80,80,80,80,80,80,80,80,80,80,80,80,80,80],"card_choices":[{"not_picked":["Wild Strike","Sword Boomerang"],"picked":"Flame Barrier","floor":1},{"not_picked":["Warcry","Twin Strike"],"picked":"True Grit","floor":2},{"not_picked":["Pommel Strike","Clash"],"picked":"Exhume","floor":5},{"not_picked":["Thunderclap","Pommel Strike"],"picked":"Anger","floor":7},{"not_picked":["Reckless Charge","Inflame"],"picked":"Seeing Red","floor":8},{"not_picked":["Shrug It Off","Cleave"],"picked":"Anger","floor":11},{"not_picked":["True Grit","Cleave"],"picked":"Wild Strike","floor":14},{"not_picked":["True Grit","Exhume"],"picked":"Sword Boomerang","floor":15},{"not_picked":["Bludgeon","Limit Break"],"picked":"Fiend Fire","floor":16},{"not_picked":["Bloodletting+1","Wild Strike"],"picked":"Havoc+1","floor":18},{"not_picked":["Warcry+1","Cleave"],"picked":"Iron Wave","floor":19},{"not_picked":["Second Wind","Perfected Strike"],"picked":"Armaments+1","floor":20},{"not_picked":["Power Through","Blood for Blood"],"picked":"Body Slam","floor":23},{"not_picked":["Dual Wield","Twin Strike+1","Armaments"],"picked":"SKIP","floor":24}],"player_experience":84727,"relics_obtained":[{"floor":7,"key":"MawBank"},{"floor":9,"key":"Dream Catcher"}],"event_choices":[{"event_name":"Big Fish","player_choice":"Box","floor":3,"damage_taken":0},{"event_name":"Shining Light","player_choice":"Entered Light","floor":12,"damage_taken":0},{"event_name":"Ghosts","player_choice":"Ignored","floor":22,"damage_taken":0}],"is_beta":false,"boss_relics":[{"not_picked":["Busted Crown","Black Blood"],"picked":"Velvet Choker"}],"items_purged_floors":[4],"is_endless":false,"potions_floor_spawned":[5,14,20,21],"killed_by":"Gremlin Leader","ascension_level":2}