{"path_per_floor":["M","?","M","?","?","E","R","$","T","E","M","R","M","M","R","B",null,"M","?","$","M","?","$","M","?","T"],"character_chosen":"DEFECT","items_purchased":["Go for the Eyes","Gash","Kunai","Juzu Bracelet"],"gold_per_floor":[118,118,143,443,443,476,476,57,57,88,112,112,135,150,150,278,278,301,301,46,71,115,115,128,328,355,355],"floor_reached":27,"campfire_rested":2,"playtime":931,"current_hp_per_floor":[75,57,51,33,33,7,29,29,29,23,23,45,45,45,45,27,75,64,52,52,44,21,21,10,10,10,0],"items_purged":["Defend_B","Pain"],"gold":355,"score":246,"play_id":"110f9154-fe7c-4bdf-bf15-bc492d98ef00","local_time":"20180506175935","is_prod":false,"is_daily":false,"chose_seed":false,"is_ascension_mode":false,"campfire_upgraded":1,"timestamp":1525600775,"path_taken":["M","?","M","?","?","E","R","$","T","E","M","R","?","M","R","BOSS","M","?","$","M","?","$","M","?","T","E"],"build_version":"2018-05-03","seed_source_timestamp":22165934133187,"purchased_purges":2,"victory":false,"master_deck":["Defend_B","Defend_B","Defend_B","Zap+1","Dualcast","Cold Snap","Beam Cell","Sweeping Beam","Go for the Eyes","Gash","Axe Kick","Leap","Go for the Eyes+1","Multi-Cast","Normality","Normality","Hologram","Bite","Bite","Bite","Bite","Bite","Coolheaded"],"max_hp_per_floor":[75,75,75,75,75,75,75,75,75,75,75,75,75,75,75,75,75,75,52,52,52,52,52,52,52,52,52],"relics":["Cracked Core","Golden Idol","Old Coin","Bag of Marbles","Kunai","Ginger","Anchor","Calling Bell","Bronze Scales","Mummified Hand","Torii","Juzu Bracelet","Red Mask","Bag of Preparation"],"card_choices":[{"not_picked":["Rebound","Sweeping Beam"],"picked":"Cold Snap","floor":1},{"not_picked":["Storm","Impulse"],"picked":"Beam Cell","floor":3},{"not_picked":["Creative AI","Beam Cell"],"picked":"Sweeping Beam","floor":6},{"not_picked":["Conserve Battery","Impulse"],"picked":"Axe Kick","floor":10},{"not_picked":["BootSequence","Coolheaded"],"picked":"Leap","floor":13},{"not_picked":["Aggregate","Tempest"],"picked":"Go for the Eyes","floor":14},{"not_picked":["Nova","Rainbow"],"picked":"Multi-Cast","floor":16},{"not_picked":["Scrape","Ball Lightning"],"picked":"Hologram","floor":18},{"not_picked":["Capacitor","Aggregate"],"picked":"Coolheaded","floor":22}],"player_experience":30676,"potions_floor_usage":[21,22,27],"damage_taken":[{"damage":0,"enemies":"Cultist","floor":1,"turns":3},{"damage":6,"enemies":"Jaw Worm","floor":3,"turns":3},{"damage":26,"enemies":"3 Sentries","floor":6,"turns":9},{"damage":6,"enemies":"Gremlin Nob","floor":10,"turns":3},{"damage":0,"enemies":"Small Slimes","floor":11,"turns":2},{"damage":0,"enemies":"3 Louse","floor":13,"turns":2},{"damage":0,"enemies":"2 Fungi Beasts","floor":14,"turns":3},{"damage":18,"enemies":"Hexaghost","floor":16,"turns":13},{"damage":11,"enemies":"Spheric Guardian","floor":18,"turns":4},{"damage":8,"enemies":"2 Thieves","floor":21,"turns":3},{"damage":31,"enemies":"Masked Bandits","floor":22,"turns":4},{"damage":19,"enemies":"Chosen and Byrds","floor":24,"turns":5},{"damage":16,"enemies":"Slavers","floor":27,"turns":2}],"event_choices":[{"event_name":"Golden Idol","player_choice":"Take Damage","floor":2,"damage_taken":0},{"event_name":"Scrap Ooze","player_choice":"success","floor":4,"damage_taken":18},{"event_name":"Purifier","player_choice":"One Purge","floor":5,"damage_taken":0},{"event_name":"Vampires","player_choice":"Became a vampire","floor":19,"damage_taken":0},{"event_name":"Masked Bandits","player_choice":"Fought over 71 gold","floor":22,"damage_taken":0},{"event_name":"Wheel of Change","player_choice":"Gold","floor":25,"damage_taken":0}],"boss_relics":[{"not_picked":["Lizard Tail","Ectoplasm"],"picked":"Calling Bell"}],"potions_floor_spawned":[10,11,16,21,24],"seed_played":"-1212253439865070615","killed_by":"Slavers","ascension_level":0,"is_trial":false}