{"gold_per_floor":[113,63,73,86,86,86,102,102,125,141,141,141,176,176],"floor_reached":14,"playtime":695,"items_purged":[],"score":108,"play_id":"7a04f830-7c29-49ac-8cca-583cc00f9e51","local_time":"20181225001117","is_ascension_mode":true,"campfire_choices":[{"data":"Feed","floor":6.0,"key":"SMITH"}],"neow_cost":"TEN_PERCENT_HP_LOSS","seed_source_timestamp":0,"circlet_count":0,"master_deck":["Strike_R","Strike_R","Strike_R","Defend_R","Defend_R+1","Defend_R","Defend_R","Bash+1","Feed+1","Inflame","Uppercut"],"special_seed":0,"relics":["Burning Blood","Ancient Tea Set","Omamori"],"potions_floor_usage":[13,13],"damage_taken":[{"damage":13.0,"enemies":"Jaw Worm","floor":1.0,"turns":6.0},{"damage":6.0,"enemies":"2 Louse","floor":3.0,"turns":3.0},{"damage":11.0,"enemies":"Small Slimes","floor":4.0,"turns":4.0},{"damage":32.0,"enemies":"Gremlin Gang","floor":7.0,"turns":6.0},{"damage":20,"enemies":"Large Slime","floor":10,"turns":8},{"damage":23,"enemies":"Lagavulin","floor":13,"turns":5},{"damage":16,"enemies":"2 Fungi Beasts","floor":14,"turns":3}],"seed_played":"-1035292358556495829","potions_obtained":[{"floor":3.0,"key":"EssenceOfSteel"},{"floor":4.0,"key":"Explosive Potion"}],"is_trial":false,"path_per_floor":["M","?","M","M","?","R","M","?","T","M","?","?","E","M"],"character_chosen":"IRONCLAD","items_purchased":[],"campfire_rested":0,"item_purchase_floors":[],"current_hp_per_floor":[68,68,71,69,69,69,47,47,47,37,19,24,7,0],"gold":176,"neow_bonus":"THREE_RARE_CARDS","is_prod":false,"is_daily":false,"chose_seed":false,"campfire_upgraded":1,"win_rate":0,"timestamp":1545718277,"path_taken":["M","?","M","M","?","R","M","?","T","?","?","?","E","M"],"build_version":"2018-12-20","purchased_purges":0,"victory":false,"max_hp_per_floor":[75,75,78,81,81,81,85,85,85,89,89,89,89,89],"card_choices":[{"not_picked":["Immolate","Dark Embrace"],"picked":"Feed","floor":0.0},{"not_picked":["Body Slam","Clash","Seeing Red"],"picked":"SKIP","floor":1.0},{"not_picked":["Body Slam","Clothesline"],"picked":"Inflame","floor":3.0},{"not_picked":["Perfected Strike","Power Through","Cleave"],"picked":"SKIP","floor":4.0},{"not_picked":["True Grit","Wild Strike"],"picked":"Uppercut","floor":7.0},{"not_picked":["Dark Embrace","Headbutt","Sentinel"],"picked":"SKIP","floor":10},{"not_picked":["Anger","Body Slam","Corruption"],"picked":"SKIP","floor":13}],"player_experience":895367,"relics_obtained":[{"floor":9,"key":"Ancient Tea Set"},{"floor":13,"key":"Omamori"}],"event_choices":[{"cards_removed":["Strike_R"],"damage_healed":0.0,"max_hp_gain":0.0,"max_hp_loss":0.0,"gold_gain":0.0,"event_name":"The Cleric","player_choice":"Card Removal","floor":2.0,"gold_loss":50.0,"damage_taken":0.0},{"damage_healed":0.0,"max_hp_gain":0.0,"max_hp_loss":0.0,"gold_gain":0.0,"event_name":"Liars Game","player_choice":"Ignored","floor":5.0,"gold_loss":0.0,"damage_taken":0.0},{"damage_healed":0,"gold_gain":0,"cards_transformed":["Strike_R"],"player_choice":"Transformed","damage_taken":0,"max_hp_gain":0,"max_hp_loss":0,"event_name":"Transmorgrifier","floor":8,"gold_loss":0,"cards_obtained":["Clash"]},{"damage_healed":0,"gold_gain":0,"player_choice":"Entered Light","damage_taken":18,"max_hp_gain":0,"max_hp_loss":0,"event_name":"Shining Light","floor":11,"gold_loss":0,"cards_upgraded":["Defend_R","Bash"]},{"cards_removed":["Clash"],"damage_healed":5,"gold_gain":0,"player_choice":"Offered Common","damage_taken":0,"max_hp_gain":0,"max_hp_loss":0,"event_name":"Bonfire Elementals","floor":12,"gold_loss":0},{"cards_removed":["Clash"],"damage_healed":5,"gold_gain":0,"player_choice":"Offered Special","damage_taken":0,"max_hp_gain":0,"max_hp_loss":0,"event_name":"Bonfire Elementals","floor":12,"gold_loss":0}],"is_beta":false,"boss_relics":[],"items_purged_floors":[],"is_endless":false,"potions_floor_spawned":[3,4],"killed_by":"2 Fungi Beasts","ascension_level":4}