{"gold_per_floor":[109,32,47,47,63,63,20,45,45,55,55,86,86,114,114,186,186,201,251,262,262],"floor_reached":21,"playtime":932,"items_purged":[],"score":482,"play_id":"d1500e63-8116-44e9-85fb-739a693d472f","local_time":"20181230142721","is_ascension_mode":true,"campfire_choices":[{"data":"Buffer","floor":6.0,"key":"SMITH"},{"data":"Defragment","floor":11.0,"key":"SMITH"},{"data":"Creative AI","floor":15.0,"key":"SMITH"}],"neow_cost":"TEN_PERCENT_HP_LOSS","seed_source_timestamp":16898134866844,"circlet_count":0,"master_deck":["AscendersBane","Strike_B","Strike_B","Strike_B","Defend_B","Defend_B","Defend_B","Zap","Dualcast","Seek","Defragment+1","Defragment+1","Buffer+1","Coolheaded","Echo Form","Defragment","Ball Lightning","Creative AI+1","Seek","Core Surge","Conserve Battery+1"],"special_seed":0,"relics":["Cracked Core","Mummified Hand","Omamori","Torii","Ornamental Fan","Black Star"],"potions_floor_usage":[20],"damage_taken":[{"damage":3.0,"enemies":"2 Louse","floor":1.0,"turns":3.0},{"damage":0.0,"enemies":"Cultist","floor":3.0,"turns":3.0},{"damage":12.0,"enemies":"Small Slimes","floor":5.0,"turns":5.0},{"damage":0.0,"enemies":"Gremlin Nob","floor":8.0,"turns":4.0},{"damage":11.0,"enemies":"Looter","floor":10.0,"turns":3.0},{"damage":10.0,"enemies":"3 Sentries","floor":12.0,"turns":5.0},{"damage":0.0,"enemies":"Gremlin Nob","floor":14.0,"turns":4.0},{"damage":6.0,"enemies":"Hexaghost","floor":16.0,"turns":5.0},{"damage":11.0,"enemies":"2 Thieves","floor":18.0,"turns":4.0},{"damage":28,"enemies":"3 Byrds","floor":20,"turns":4},{"damage":1,"enemies":"Masked Bandits","floor":21,"turns":2}],"seed_played":"-7153310623950983152","potions_obtained":[{"floor":5.0,"key":"SteroidPotion"},{"floor":10.0,"key":"EssenceOfSteel"},{"floor":12.0,"key":"Explosive Potion"},{"floor":14.0,"key":"Fire Potion"},{"floor":18.0,"key":"SkillPotion"}],"is_trial":false,"path_per_floor":["M","$","M","?","M","R","$","E","T","M","R","E","$","E","R","B",null,"M","?","?"],"character_chosen":"DEFECT","items_purchased":["Buffer","Defragment"],"campfire_rested":0,"item_purchase_floors":[2,7],"current_hp_per_floor":[61,61,61,61,49,49,49,49,49,38,38,28,28,28,28,22,54,43,43,15,14],"gold":262,"neow_bonus":"TRANSFORM_TWO_CARDS","is_prod":false,"is_daily":false,"chose_seed":false,"campfire_upgraded":3,"win_rate":0,"timestamp":1546176441,"path_taken":["M","$","M","?","M","R","?","E","T","?","R","E","$","E","R","BOSS","M","?","?","?"],"build_version":"2018-12-25","purchased_purges":0,"victory":false,"max_hp_per_floor":[64,64,64,64,64,64,64,64,64,64,64,64,64,64,64,64,64,64,64,64,64],"card_choices":[{"not_picked":["Cold Snap","Steam"],"picked":"Defragment","floor":1.0},{"not_picked":["Leap","Turbo"],"picked":"Coolheaded","floor":3.0},{"not_picked":["Static Discharge","BootSequence"],"picked":"Echo Form","floor":5.0},{"not_picked":["Hologram","Fusion","Reprogram"],"picked":"SKIP","floor":8.0},{"not_picked":["Fusion","Skim"],"picked":"Ball Lightning","floor":10.0},{"not_picked":["Beam Cell","Ball Lightning"],"picked":"Creative AI","floor":12.0},{"not_picked":["Stack","Multi-Cast"],"picked":"Seek","floor":14.0},{"not_picked":["Hyperbeam","Creative AI"],"picked":"Core Surge","floor":16.0},{"not_picked":["Sweeping Beam","Stack","Beam Cell"],"picked":"SKIP","floor":18.0},{"not_picked":["Streamline","Coolheaded"],"picked":"Conserve Battery+1","floor":20}],"player_experience":881520,"relics_obtained":[{"floor":8.0,"key":"Mummified Hand"},{"floor":9.0,"key":"Omamori"},{"floor":12.0,"key":"Torii"},{"floor":14.0,"key":"Ornamental Fan"}],"event_choices":[{"damage_healed":0.0,"max_hp_gain":0.0,"max_hp_loss":0.0,"gold_gain":0.0,"event_name":"Accursed Blacksmith","player_choice":"Forge","floor":4.0,"gold_loss":0.0,"damage_taken":0.0,"cards_upgraded":["Defragment"]},{"damage_healed":0.0,"max_hp_gain":0.0,"max_hp_loss":0.0,"gold_gain":50.0,"event_name":"Golden Shrine","player_choice":"Pray","floor":19.0,"gold_loss":0.0,"damage_taken":0.0},{"damage_healed":0,"gold_gain":0,"player_choice":"Fought Bandits","damage_taken":0,"max_hp_gain":0,"max_hp_loss":0,"event_name":"Masked Bandits","floor":21,"gold_loss":0}],"is_beta":true,"boss_relics":[{"not_picked":["Astrolabe","Philosopher\u0027s Stone"],"picked":"Black Star"}],"items_purged_floors":[],"is_endless":false,"potions_floor_spawned":[5,10,12,14,16,18],"killed_by":"Masked Bandits","ascension_level":19}