{"path_per_floor":["M","M","?","M","M","R","?","R","T","M","R","M","?","?","R","B",null,"M","M","?","?","?","R","$","M","T","$","?","M","R","?","R"],"character_chosen":"DEFECT","items_purchased":["Torii","Cold Snap","Capacitor"],"gold_per_floor":[115,127,202,220,238,238,238,238,265,284,284,294,294,259,259,364,364,374,393,443,443,443,443,32,52,52,52,52,69,69,69,69,69],"floor_reached":33,"campfire_rested":2,"playtime":1127,"current_hp_per_floor":[38,37,26,26,23,45,45,45,45,43,43,40,25,43,43,12,75,43,33,33,33,33,33,33,27,27,27,27,23,23,19,31,0],"items_purged":[],"gold":69,"score":260,"play_id":"0d33eaa2-cee3-470c-8628-bfaac9d595d2","local_time":"20180428163136","is_prod":false,"is_daily":false,"chose_seed":false,"is_ascension_mode":false,"campfire_upgraded":5,"timestamp":1524904296,"path_taken":["M","M","?","?","M","R","?","R","T","M","R","?","?","?","R","BOSS","M","M","?","?","?","R","$","M","T","$","?","M","R","?","R","BOSS"],"build_version":"2018-04-27v3","seed_source_timestamp":281711940337990,"purchased_purges":0,"victory":false,"master_deck":["Strike_B+1","Strike_B","Strike_B","Defend_B","Defend_B","Zap","Dualcast+1","Streamline+1","Rebound+1","Leap+1","Ball Lightning","Redo","Leap+1","Prime","Cold Snap","Cold Snap","Capacitor+1","Reprogram+1","Pain","Ghostly","Ghostly","Ghostly","Ghostly","Ghostly","Glacier+1"],"max_hp_per_floor":[75,75,75,75,75,75,75,75,75,75,75,75,75,75,75,75,75,75,75,75,75,75,75,75,75,75,75,37,37,37,42,42,42],"relics":["Cracked Core","Blood Vial","Cursed Key","Juzu Bracelet","Torii","Mummified Hand"],"card_choices":[{"not_picked":["Steam Power","Rebound"],"picked":"Streamline","floor":1},{"not_picked":["Skim","Creative AI"],"picked":"Rebound","floor":2},{"not_picked":["Go for the Eyes","Coolheaded"],"picked":"Leap","floor":4},{"not_picked":["Hologram","Streamline"],"picked":"Ball Lightning","floor":5},{"not_picked":["Hologram","Steam Power"],"picked":"Redo","floor":10},{"not_picked":["Steam Power","Reprogram"],"picked":"Leap","floor":12},{"not_picked":["Fission","Multi-Cast"],"picked":"Prime","floor":16},{"not_picked":["Stack","Flux Capacitor"],"picked":"Cold Snap","floor":18},{"not_picked":["Sweeping Beam","Barrage"],"picked":"Reprogram","floor":25},{"not_picked":["Sweeping Beam","Beam Cell"],"picked":"Glacier","floor":29}],"player_experience":7745,"potions_floor_usage":[18,25,33],"damage_taken":[{"damage":0,"enemies":"Small Slimes","floor":1,"turns":3},{"damage":1,"enemies":"Jaw Worm","floor":2,"turns":3},{"damage":0,"enemies":"Cultist","floor":4,"turns":3},{"damage":3,"enemies":"2 Fungi Beasts","floor":5,"turns":4},{"damage":4,"enemies":"Red Slaver","floor":10,"turns":2},{"damage":5,"enemies":"3 Louse","floor":12,"turns":2},{"damage":33,"enemies":"Hexaghost","floor":16,"turns":8},{"damage":38,"enemies":"3 Byrds","floor":18,"turns":4},{"damage":12,"enemies":"Spheric Guardian","floor":19,"turns":4},{"damage":8,"enemies":"Snecko","floor":25,"turns":4},{"damage":6,"enemies":"Centurion and Healer","floor":29,"turns":8},{"damage":39,"enemies":"Automaton","floor":33,"turns":6}],"event_choices":[{"event_name":"World of Goop","player_choice":"Gather Gold","floor":3,"damage_taken":0},{"event_name":"Purifier","player_choice":"One Purge","floor":7,"damage_taken":0},{"event_name":"Shining Light","player_choice":"Entered Light","floor":13,"damage_taken":0},{"event_name":"The Cleric","player_choice":"Healed","floor":14,"damage_taken":0},{"event_name":"The Joust","player_choice":"Bet on Murderer","floor":20,"damage_taken":0},{"event_name":"The Mausoleum","player_choice":"Yes","floor":21,"damage_taken":0},{"event_name":"Back to Basics","player_choice":"Elegance","floor":22,"damage_taken":0},{"event_name":"Ghosts","player_choice":"Became a Ghost","floor":28,"damage_taken":0},{"event_name":"Forgotten Altar","player_choice":"Shed Blood","floor":31,"damage_taken":0}],"boss_relics":[{"not_picked":["Ectoplasm","Lizard Tail"],"picked":"Cursed Key"}],"potions_floor_spawned":[1,5,12,18],"seed_played":"-6709612010572403662","killed_by":"Automaton","ascension_level":0,"is_trial":false}