{"gold_per_floor":[115,65,84,184,134,134,134,134,134,151,151,165,178,178,178,275,275,288,288,299,346,357,357,371,385,385,385,300,334,2,34,46,158,170,193,205,234,297,409,421,452,464,476,488,98,98,109,109,109,109,109,109,59,59],"floor_reached":54,"playtime":4137,"items_purged":["Strike_R","Strike_R","Strike_R","Armaments","Defend_R"],"score":826,"play_id":"5f3879ea-f689-4c2d-8815-3313cec31727","local_time":"20190125231714","is_ascension_mode":true,"campfire_choices":[{"data":"Bash","floor":6,"key":"SMITH"},{"data":"Defend_R","floor":8,"key":"SMITH"},{"data":"Defend_R","floor":11,"key":"SMITH"},{"data":"Battle Trance","floor":15,"key":"SMITH"},{"data":"Demon Form","floor":23,"key":"SMITH"},{"floor":27,"key":"REST"},{"floor":32,"key":"REST"},{"floor":40,"key":"RECALL"},{"floor":42,"key":"REST"},{"data":"Barricade","floor":44,"key":"SMITH"},{"data":"Whirlwind","floor":46,"key":"SMITH"},{"data":"Shrug It Off","floor":49,"key":"SMITH"},{"data":"Shrug It Off","floor":52,"key":"SMITH"}],"neow_cost":"NONE","seed_source_timestamp":0,"circlet_count":0,"master_deck":["Defend_R","Defend_R+1","Defend_R+1","Whirlwind+1","Battle Trance+1","Demon Form+1","Barricade+1","Shrug It Off+1","Shrug It Off+1","Armaments+1","Shrug It Off+1"],"special_seed":0,"relics":["Burning Blood","Smiling Mask","The Courier","FossilizedHelix","Busted Crown","Nloth\u0027s Gift","Vajra","Red Skull","Centennial Puzzle","Pen Nib","Letter Opener","MawBank","Empty Cage","Dead Branch","Turnip","Pantograph","ClockworkSouvenir"],"potions_floor_usage":[16,16,31,31,31,33,38,50,50,50],"damage_taken":[{"damage":0.0,"enemies":"Small Slimes","floor":1.0,"turns":3.0},{"damage":17.0,"enemies":"Cultist","floor":3.0,"turns":6.0},{"damage":0,"enemies":"Jaw Worm","floor":10,"turns":5},{"damage":7,"enemies":"Looter","floor":12,"turns":5},{"damage":2,"enemies":"2 Fungi Beasts","floor":13,"turns":5},{"damage":50,"enemies":"The Guardian","floor":16,"turns":21},{"damage":0,"enemies":"Chosen","floor":18,"turns":4},{"damage":1,"enemies":"Shell Parasite","floor":20,"turns":8},{"damage":10,"enemies":"Cultist and Chosen","floor":22,"turns":4},{"damage":23,"enemies":"Snake Plant","floor":24,"turns":4},{"damage":23,"enemies":"Centurion and Healer","floor":25,"turns":5},{"damage":51,"enemies":"Book of Stabbing","floor":29,"turns":7},{"damage":19,"enemies":"Slavers","floor":31,"turns":6},{"damage":0,"enemies":"Collector","floor":33,"turns":11},{"damage":3,"enemies":"Orb Walker","floor":35,"turns":7},{"damage":13,"enemies":"3 Darklings","floor":37,"turns":4},{"damage":51,"enemies":"2 Orb Walkers","floor":38,"turns":5},{"damage":3,"enemies":"Mind Bloom Boss Battle","floor":39,"turns":12},{"damage":0,"enemies":"Maw","floor":41,"turns":10},{"damage":0,"enemies":"Spire Growth","floor":47,"turns":14},{"damage":33,"enemies":"Donu and Deca","floor":50,"turns":11},{"damage":87,"enemies":"Shield and Spear","floor":54,"turns":5}],"seed_played":"-8691748630086288657","potions_obtained":[{"floor":10,"key":"SteroidPotion"},{"floor":13,"key":"SkillPotion"},{"floor":18,"key":"SkillPotion"},{"floor":25,"key":"Ancient Potion"},{"floor":29,"key":"GamblersBrew"},{"floor":31,"key":"Dexterity Potion"},{"floor":35,"key":"GamblersBrew"},{"floor":38,"key":"SkillPotion"},{"floor":41,"key":"EssenceOfSteel"},{"floor":47,"key":"Fire Potion"}],"is_trial":false,"path_per_floor":["M","$","M","?","$","R","T","R","T","M","R","M","M","?","R","B",null,"M","?","M","T","M","R","M","M","T","R","?","E","$","E","R","B",null,"M","?","M","?","?","R","M","R","T","R","$","R","M","?","R","B",null,"R","$","E"],"character_chosen":"IRONCLAD","items_purchased":["Shrug It Off","Armaments","Letter Opener","Pantograph","ClockworkSouvenir"],"campfire_rested":3,"item_purchase_floors":[30,30,30,45,45],"current_hp_per_floor":[80,80,69,69,69,69,69,69,69,75,75,74,78,75,75,31,80,80,80,80,80,76,76,59,42,42,66,66,21,21,8,32,38,80,80,80,73,28,31,31,37,61,61,61,61,61,67,67,67,53,80,80,80,0],"gold":59,"neow_bonus":"RANDOM_COMMON_RELIC","is_prod":false,"is_daily":false,"chose_seed":false,"campfire_upgraded":9,"win_rate":0,"timestamp":1548479834,"path_taken":["M","$","M","?","?","R","?","R","T","M","R","M","M","?","R","BOSS","M","?","?","?","M","R","M","M","T","R","?","E","$","E","R","BOSS","M","?","M","?","?","R","M","R","T","R","$","R","M","?","R","BOSS","R","$","E"],"build_version":"2019-01-23","purchased_purges":5,"victory":false,"max_hp_per_floor":[80,80,80,80,80,80,80,80,80,80,80,80,80,80,80,80,80,80,80,80,80,80,80,80,80,80,80,80,80,80,80,80,80,80,80,80,80,80,80,80,80,80,80,80,80,80,80,80,80,80,80,80,80,80],"card_choices":[{"not_picked":["Twin Strike","Thunderclap","Rupture"],"picked":"SKIP","floor":1.0},{"not_picked":["Anger","Thunderclap","Intimidate"],"picked":"SKIP","floor":3},{"not_picked":["Heavy Blade","Dropkick","Intimidate","Wild Strike"],"picked":"SKIP","floor":10},{"not_picked":["Iron Wave","Wild Strike","Clothesline"],"picked":"Whirlwind","floor":12},{"not_picked":["Carnage","Perfected Strike","Intimidate"],"picked":"Battle Trance","floor":13},{"not_picked":["Double Tap","Barricade","Fiend Fire"],"picked":"Demon Form","floor":16},{"not_picked":["Headbutt","Cleave+1"],"picked":"SKIP","floor":18},{"not_picked":["Double Tap"],"picked":"SKIP","floor":20},{"not_picked":["Spot Weakness"],"picked":"SKIP","floor":22},{"not_picked":["Sentinel"],"picked":"SKIP","floor":24},{"not_picked":["Perfected Strike"],"picked":"SKIP","floor":25},{"not_picked":[],"picked":"Barricade","floor":29},{"not_picked":[],"picked":"Shrug It Off","floor":31},{"not_picked":[],"picked":"Armaments+1","floor":35},{"not_picked":["Twin Strike"],"picked":"SKIP","floor":37},{"not_picked":[],"picked":"Shrug It Off+1","floor":39},{"not_picked":["Sword Boomerang"],"picked":"SKIP","floor":41},{"not_picked":["Feed"],"picked":"SKIP","floor":47}],"player_experience":1144021,"relics_obtained":[{"floor":7,"key":"Question Card"},{"floor":9,"key":"The Courier"},{"floor":21,"key":"Vajra"},{"floor":26,"key":"Red Skull"},{"floor":29,"key":"Pen Nib"},{"floor":31,"key":"MawBank"},{"floor":38,"key":"Dead Branch"},{"floor":39,"key":"Turnip"}],"event_choices":[{"damage_healed":0,"gold_gain":100,"player_choice":"Pray","damage_taken":0,"max_hp_gain":0,"max_hp_loss":0,"event_name":"Golden Shrine","floor":4,"gold_loss":0},{"damage_healed":0,"gold_gain":0,"player_choice":"Success","damage_taken":3,"relics_obtained":["FossilizedHelix"],"max_hp_gain":0,"max_hp_loss":0,"event_name":"Scrap Ooze","floor":14,"gold_loss":0},{"damage_healed":0,"gold_gain":0,"player_choice":"Traded Relic","damage_taken":0,"relics_obtained":["Nloth\u0027s Gift"],"max_hp_gain":0,"max_hp_loss":0,"event_name":"N\u0027loth","floor":19,"relics_lost":["Question Card"],"gold_loss":0},{"damage_healed":0,"gold_gain":0,"player_choice":"Obtained Relic","damage_taken":0,"relics_obtained":["Centennial Puzzle"],"max_hp_gain":0,"max_hp_loss":0,"event_name":"Addict","floor":28,"gold_loss":85},{"cards_removed":["Bash"],"damage_healed":0,"gold_gain":0,"player_choice":"Removed Attack","damage_taken":0,"max_hp_gain":0,"max_hp_loss":0,"event_name":"Falling","floor":36,"gold_loss":0},{"damage_healed":0,"gold_gain":0,"player_choice":"Fight","damage_taken":0,"max_hp_gain":0,"max_hp_loss":0,"event_name":"Mysterious Sphere","floor":38,"gold_loss":0},{"damage_healed":0,"gold_gain":0,"player_choice":"Fight","damage_taken":0,"max_hp_gain":0,"max_hp_loss":0,"event_name":"MindBloom","floor":39,"gold_loss":0},{"damage_healed":0,"gold_gain":0,"player_choice":"0 cards matched","damage_taken":0,"max_hp_gain":0,"max_hp_loss":0,"event_name":"Match and Keep!","floor":48,"gold_loss":0,"cards_obtained":[]}],"is_beta":false,"boss_relics":[{"not_picked":["Runic Dome","Snecko Eye"],"picked":"Busted Crown"},{"not_picked":["Eternal Feather","Philosopher\u0027s Stone"],"picked":"Empty Cage"}],"items_purged_floors":[2,5,30,45,53],"is_endless":false,"potions_floor_spawned":[10,13,18,25,29,31,35,38,41,47],"killed_by":"Shield and Spear","ascension_level":4}