{"gold_per_floor":[118,118,130,53,73,73,108,119,119,119,145,161,161,194,194,271,271,286,231,431,449,449],"floor_reached":22,"playtime":869,"items_purged":[],"score":447,"play_id":"b764394f-8a94-4419-bb98-22831779651f","local_time":"20181229220129","is_ascension_mode":true,"campfire_choices":[{"data":"Defragment","floor":6.0,"key":"SMITH"},{"data":"Self Repair","floor":10.0,"key":"SMITH"},{"floor":15.0,"key":"REST"}],"neow_cost":"TEN_PERCENT_HP_LOSS","seed_source_timestamp":9598047077674,"circlet_count":0,"master_deck":["AscendersBane","Strike_B","Strike_B","Strike_B","Strike_B","Defend_B","Defend_B","Defend_B","Defend_B","Zap+1","Dualcast","Amplify","Go for the Eyes","Self Repair+1","Defragment+1","Leap","Chill","Ball Lightning","Conserve Battery","Fission+1","Fission+1","Stack+1"],"special_seed":0,"relics":["Cracked Core","Centennial Puzzle","Smiling Mask","Letter Opener","Toxic Egg 2","Cursed Key","Tiny Chest"],"potions_floor_usage":[],"damage_taken":[{"damage":7.0,"enemies":"Jaw Worm","floor":1.0,"turns":3.0},{"damage":4.0,"enemies":"Small Slimes","floor":3.0,"turns":3.0},{"damage":10.0,"enemies":"2 Louse","floor":5.0,"turns":3.0},{"damage":31.0,"enemies":"3 Sentries","floor":7.0,"turns":7.0},{"damage":3.0,"enemies":"Large Slime","floor":8.0,"turns":5.0},{"damage":35.0,"enemies":"Gremlin Nob","floor":11.0,"turns":4.0},{"damage":4.0,"enemies":"Red Slaver","floor":12.0,"turns":3.0},{"damage":0.0,"enemies":"3 Sentries","floor":14.0,"turns":6.0},{"damage":35.0,"enemies":"The Guardian","floor":16.0,"turns":10.0},{"damage":19.0,"enemies":"2 Thieves","floor":18.0,"turns":3.0},{"damage":4.0,"enemies":"3 Byrds","floor":21.0,"turns":3.0},{"damage":81,"enemies":"Cultist and Chosen","floor":22,"turns":9}],"seed_played":"-1133594070741059044","potions_obtained":[{"floor":5.0,"key":"EssenceOfSteel"},{"floor":7.0,"key":"EssenceOfSteel"},{"floor":8.0,"key":"AttackPotion"},{"floor":11.0,"key":"Swift Potion"},{"floor":16.0,"key":"Poison Potion"},{"floor":18.0,"key":"Fire Potion"}],"is_trial":false,"path_per_floor":["M","?","M","$","M","R","E","M","T","R","M","?","E","R","B",null,"M","?","?"],"character_chosen":"DEFECT","items_purchased":["Defragment"],"campfire_rested":1,"item_purchase_floors":[4],"current_hp_per_floor":[57,57,53,53,57,57,26,37,37,37,12,18,18,28,47,32,56,47,47,47,53,0],"gold":449,"neow_bonus":"THREE_RARE_CARDS","is_prod":false,"is_daily":false,"chose_seed":false,"campfire_upgraded":2,"win_rate":0,"timestamp":1546117289,"path_taken":["M","?","M","$","M","R","E","M","T","R","E","M","?","E","R","BOSS","M","?","?","?","M"],"build_version":"2018-12-25","purchased_purges":0,"victory":false,"max_hp_per_floor":[64,64,64,64,64,64,64,64,64,64,64,64,64,64,64,64,64,64,64,64,64,64],"card_choices":[{"not_picked":["Machine Learning","Reboot"],"picked":"Amplify","floor":0.0},{"not_picked":["Streamline","Leap"],"picked":"Go for the Eyes","floor":1.0},{"not_picked":["Fusion","Cold Snap"],"picked":"Self Repair","floor":3.0},{"not_picked":["Barrage","Recycle"],"picked":"Leap","floor":5.0},{"not_picked":["Seek","Redo"],"picked":"Chill","floor":7.0},{"not_picked":["Doom and Gloom","Compile Driver"],"picked":"Ball Lightning","floor":8.0},{"not_picked":["Reprogram","Sunder","Beam Cell"],"picked":"SKIP","floor":11.0},{"not_picked":["Steam","Stack"],"picked":"Conserve Battery","floor":12.0},{"not_picked":["Conserve Battery","Darkness"],"picked":"Fission","floor":14.0},{"not_picked":["Biased Cognition","Core Surge"],"picked":"Fission+1","floor":16.0},{"not_picked":["Force Field+1","Barrage"],"picked":"Stack+1","floor":18.0},{"not_picked":["Hello World","Ball Lightning","Doom and Gloom"],"picked":"SKIP","floor":21.0}],"player_experience":879490,"relics_obtained":[{"floor":7.0,"key":"Centennial Puzzle"},{"floor":9.0,"key":"Smiling Mask"},{"floor":11.0,"key":"Letter Opener"},{"floor":14.0,"key":"Toxic Egg 2"}],"event_choices":[{"damage_healed":0.0,"max_hp_gain":0.0,"max_hp_loss":0.0,"gold_gain":0.0,"event_name":"Living Wall","player_choice":"Grow","floor":2.0,"gold_loss":0.0,"damage_taken":0.0,"cards_upgraded":["Zap"]},{"damage_healed":0.0,"max_hp_gain":0.0,"max_hp_loss":0.0,"gold_gain":0.0,"event_name":"Golden Wing","player_choice":"Ignored","floor":13.0,"gold_loss":0.0,"damage_taken":0.0},{"damage_healed":0.0,"max_hp_gain":0.0,"max_hp_loss":0.0,"gold_gain":0.0,"event_name":"Addict","player_choice":"Obtained Relic","floor":19.0,"gold_loss":85.0,"damage_taken":0.0,"relics_obtained":["Tiny Chest"]},{"damage_healed":0.0,"max_hp_gain":0.0,"max_hp_loss":0.0,"gold_gain":250.0,"event_name":"The Joust","player_choice":"Bet on Owner","floor":20.0,"gold_loss":50.0,"damage_taken":0.0}],"is_beta":true,"boss_relics":[{"not_picked":["Pandora\u0027s Box","Runic Pyramid"],"picked":"Cursed Key"}],"items_purged_floors":[],"is_endless":false,"potions_floor_spawned":[5,7,8,11,16,18],"killed_by":"Cultist and Chosen","ascension_level":19}