{"gold_per_floor":[117,117,135,135,135,135,155,170,170,185,219,234,159,171,171,267,317,335,35,47,47,47,47,66,66,66,79,93,113,113,130,130,130],"floor_reached":33,"playtime":1138,"items_purged":["Strike_R","Defend_R"],"score":303,"play_id":"1d90ed96-ea39-46a2-aafa-47e0c24bbc08","local_time":"20190228160355","is_ascension_mode":false,"campfire_choices":[{"data":"Defend_R","floor":6,"key":"SMITH"},{"data":"Rampage","floor":15,"key":"SMITH"},{"data":"Defend_R","floor":23,"key":"SMITH"},{"data":"Defend_R","floor":25,"key":"SMITH"},{"data":"Pommel Strike","floor":30,"key":"SMITH"},{"data":"Clash","floor":32,"key":"SMITH"}],"neow_cost":"NONE","seed_source_timestamp":1110327160988236,"circlet_count":0,"master_deck":["Strike_R","Strike_R","Strike_R+1","Strike_R+1","Defend_R+1","Defend_R+1","Defend_R+1","Bash+1","Clash","Clash+1","Rampage+1","Pommel Strike+1","Warcry+1","Clash+1","Offering+1","Offering+1","True Grit+1","Normality","Flex+1","Double Tap+1","Headbutt","Power Through+1","Warcry+1"],"relics":["Coffee Dripper","Pear","Toxic Egg 2","Tiny House","DollysMirror","Mango"],"potions_floor_usage":[16,18,20,27,28,33],"damage_taken":[{"damage":11,"enemies":"Jaw Worm","floor":1,"turns":2},{"damage":6,"enemies":"2 Louse","floor":3,"turns":2},{"damage":0,"enemies":"Cultist","floor":7,"turns":2},{"damage":5,"enemies":"Looter","floor":8,"turns":2},{"damage":0,"enemies":"2 Fungi Beasts","floor":10,"turns":2},{"damage":13,"enemies":"Lagavulin","floor":11,"turns":3},{"damage":0,"enemies":"Lots of Slimes","floor":12,"turns":3},{"damage":0,"enemies":"Large Slime","floor":14,"turns":3},{"damage":9,"enemies":"Slime Boss","floor":16,"turns":6},{"damage":7,"enemies":"2 Thieves","floor":18,"turns":3},{"damage":2,"enemies":"3 Byrds","floor":20,"turns":4},{"damage":15,"enemies":"Centurion and Healer","floor":24,"turns":7},{"damage":8,"enemies":"Sentry and Sphere","floor":27,"turns":3},{"damage":13,"enemies":"Snake Plant","floor":28,"turns":4},{"damage":20,"enemies":"Shelled Parasite and Fungi","floor":29,"turns":3},{"damage":13,"enemies":"Snecko","floor":31,"turns":3},{"damage":24,"enemies":"Champ","floor":33,"turns":6}],"seed_played":"9214475554890671006","potions_obtained":[{"floor":8,"key":"Fire Potion"},{"floor":10,"key":"FearPotion"},{"floor":14,"key":"SpeedPotion"},{"floor":16,"key":"PowerPotion"},{"floor":17,"key":"Poison Potion"},{"floor":20,"key":"AttackPotion"},{"floor":27,"key":"Regen Potion"}],"is_trial":false,"path_per_floor":["M","?","M","?","?","R","M","M","T","M","E","M","$","M","R","B",null,"M","$","M","?","?","R","M","R","T","M","M","M","R","M","R","B"],"character_chosen":"IRONCLAD","items_purchased":["DollysMirror"],"campfire_rested":0,"item_purchase_floors":[19],"current_hp_per_floor":[69,53,47,73,73,73,73,68,78,78,65,65,65,65,65,56,95,88,88,86,67,67,67,52,52,66,58,57,37,37,24,24,0],"gold":130,"neow_bonus":"BOSS_RELIC","is_prod":false,"is_daily":false,"chose_seed":false,"campfire_upgraded":6,"win_rate":0,"timestamp":1551348235,"path_taken":["M","?","M","?","?","R","M","?","T","M","E","M","$","M","R","BOSS","M","$","M","?","?","R","M","R","T","M","M","M","R","M","R","BOSS"],"build_version":"2019-01-23","purchased_purges":2,"victory":false,"max_hp_per_floor":[80,80,80,80,80,80,80,80,90,90,90,90,90,90,90,90,95,95,95,95,100,100,100,100,100,114,114,114,114,114,114,114,114],"card_choices":[{"not_picked":["Clothesline","Dual Wield"],"picked":"Clash","floor":1},{"not_picked":["Clothesline","Heavy Blade"],"picked":"Clash","floor":3},{"not_picked":["Bloodletting","Double Tap"],"picked":"Rampage","floor":7},{"not_picked":["Armaments","Warcry"],"picked":"Pommel Strike","floor":8},{"not_picked":["Body Slam","Clothesline","Perfected Strike"],"picked":"SKIP","floor":10},{"not_picked":["Searing Blow","Havoc"],"picked":"Warcry","floor":11},{"not_picked":["Exhume+1","Spot Weakness+1","Armaments+1"],"picked":"SKIP","floor":12},{"not_picked":["Thunderclap","Rupture"],"picked":"Clash","floor":14},{"not_picked":["Double Tap+1","Exhume+1"],"picked":"Offering+1","floor":16},{"not_picked":["Sever Soul+1","Sword Boomerang","Clothesline+1"],"picked":"SKIP","floor":18},{"not_picked":["Uppercut","Heavy Blade"],"picked":"True Grit+1","floor":20},{"not_picked":["Sword Boomerang","Headbutt+1"],"picked":"Flex+1","floor":24},{"not_picked":["Warcry+1","Anger"],"picked":"Double Tap+1","floor":27},{"not_picked":["Thunderclap","Anger+1"],"picked":"Headbutt","floor":28},{"not_picked":["Shockwave+1","True Grit+1"],"picked":"Power Through+1","floor":29},{"not_picked":["Anger","Pommel Strike"],"picked":"Warcry+1","floor":31}],"player_experience":916068,"relics_obtained":[{"floor":9,"key":"Pear"},{"floor":11,"key":"Toxic Egg 2"},{"floor":26,"key":"Mango"}],"event_choices":[{"damage_healed":0,"gold_gain":0,"player_choice":"Entered Light","damage_taken":16,"max_hp_gain":0,"max_hp_loss":0,"event_name":"Shining Light","floor":2,"gold_loss":0,"cards_upgraded":["Strike_R","Strike_R"]},{"damage_healed":26,"gold_gain":0,"player_choice":"Banana","damage_taken":0,"max_hp_gain":0,"max_hp_loss":0,"event_name":"Big Fish","floor":4,"gold_loss":0},{"damage_healed":0,"gold_gain":0,"player_choice":"Upgraded","damage_taken":0,"max_hp_gain":0,"max_hp_loss":0,"event_name":"Upgrade Shrine","floor":5,"gold_loss":0,"cards_upgraded":["Bash"]},{"damage_healed":0,"gold_gain":0,"player_choice":"Shed Blood","damage_taken":24,"max_hp_gain":5,"max_hp_loss":0,"event_name":"Forgotten Altar","floor":21,"gold_loss":0},{"damage_healed":0,"gold_gain":0,"player_choice":"1 cards matched","damage_taken":0,"max_hp_gain":0,"max_hp_loss":0,"event_name":"Match and Keep!","floor":22,"gold_loss":0,"cards_obtained":["Normality"]}],"is_beta":false,"boss_relics":[{"not_picked":["Astrolabe","Runic Dome"],"picked":"Tiny House"}],"items_purged_floors":[13,19],"is_endless":false,"potions_floor_spawned":[8,10,14,16,20,27],"killed_by":"Champ","ascension_level":0}