{"gold_per_floor":[118,137,39,39,55,90,90,14,14,14,49,63,99,119,119,119],"floor_reached":16,"playtime":1477,"items_purged":[],"score":168,"play_id":"691f3ec0-8348-4792-b7b1-99a4a8b8000b","local_time":"20181119221511","is_ascension_mode":true,"campfire_choices":[{"floor":7,"key":"REST"},{"floor":10,"key":"REST"},{"floor":15,"key":"REST"}],"neow_cost":"NONE","seed_source_timestamp":209552496404009,"circlet_count":0,"master_deck":["Defend_G","Defend_G","Defend_G","Defend_G","Defend_G","Strike_G","Strike_G","Strike_G","Strike_G","Strike_G","Survivor","Neutralize","Night Terror","Endless Agony","Dagger Throw","Footwork","PiercingWail","Crippling Poison","Corpse Explosion","Footwork","Blur","PiercingWail","Dodge and Roll","Deadly Poison"],"relics":["Ring of the Snake","Golden Idol","Turnip","Mercury Hourglass","Boot","Oddly Smooth Stone"],"potions_floor_usage":[6,16],"damage_taken":[{"damage":0,"enemies":"Cultist","floor":1,"turns":5},{"damage":1,"enemies":"Jaw Worm","floor":2,"turns":4},{"damage":1,"enemies":"Small Slimes","floor":5,"turns":4},{"damage":26,"enemies":"Lagavulin","floor":6,"turns":6},{"damage":13,"enemies":"3 Sentries","floor":11,"turns":7},{"damage":5,"enemies":"Looter","floor":12,"turns":3},{"damage":33,"enemies":"Gremlin Nob","floor":13,"turns":5},{"damage":0,"enemies":"Exordium Wildlife","floor":14,"turns":3},{"damage":30,"enemies":"Hexaghost","floor":16,"turns":9}],"seed_played":"-280290261313253052","potions_obtained":[{"floor":1,"key":"Poison Potion"},{"floor":5,"key":"Explosive Potion"},{"floor":14,"key":"SkillPotion"}],"is_trial":false,"path_per_floor":["M","M","$","?","M","E","R","$","T","R","E","M","E","M","R","B"],"character_chosen":"THE_SILENT","items_purchased":["Footwork","PiercingWail","Footwork"],"campfire_rested":3,"item_purchase_floors":[3,3,8],"current_hp_per_floor":[63,62,62,45,44,18,39,39,39,60,47,42,9,9,30,0],"gold":119,"neow_bonus":"ONE_RANDOM_RARE_CARD","is_prod":false,"is_daily":false,"chose_seed":false,"campfire_upgraded":0,"win_rate":0,"timestamp":1542694511,"path_taken":["M","M","?","?","M","E","R","$","T","R","E","M","E","?","R","BOSS"],"build_version":"2018-11-15","purchased_purges":0,"victory":false,"max_hp_per_floor":[70,70,70,70,70,70,70,70,70,70,70,70,70,70,70,70],"card_choices":[{"not_picked":["Reflex","Finisher"],"picked":"Endless Agony","floor":1},{"not_picked":["Poisoned Stab","Skewer"],"picked":"Dagger Throw","floor":2},{"not_picked":["Backflip","Dodge and Roll"],"picked":"Crippling Poison","floor":5},{"not_picked":["Glass Knife","Flechettes"],"picked":"Corpse Explosion","floor":6},{"not_picked":["Dagger Spray","Caltrops"],"picked":"Blur","floor":11},{"not_picked":["Slice","Concentrate"],"picked":"PiercingWail","floor":12},{"not_picked":["Blade Dance","Outmaneuver"],"picked":"Dodge and Roll","floor":13},{"not_picked":["Dagger Throw","Flying Knee"],"picked":"Deadly Poison","floor":14}],"player_experience":298779,"relics_obtained":[{"floor":6,"key":"Turnip"},{"floor":9,"key":"Mercury Hourglass"},{"floor":11,"key":"Boot"},{"floor":13,"key":"Oddly Smooth Stone"}],"event_choices":[{"damage_healed":0,"gold_gain":0,"player_choice":"Take Damage","damage_taken":17,"relics_obtained":["Golden Idol"],"max_hp_gain":0,"max_hp_loss":0,"event_name":"Golden Idol","floor":4,"gold_loss":0}],"is_beta":false,"boss_relics":[],"items_purged_floors":[],"is_endless":false,"potions_floor_spawned":[1,5,14],"killed_by":"Hexaghost","ascension_level":8}