{"gold_per_floor":[118,193,193,203,214,214,226,226,251,266,266,285,285,183,183,278,278,289,289,289,316,26,57,57,75,75,0,0,10,30,30,30,135,135,152,152,152,163,163,195,195,213,213,32,44,63,63,75,75,75],"floor_reached":51,"playtime":8451,"items_purged":["Strike_G","Strike_G"],"score":733,"play_id":"c95d3b4b-b913-452f-a5cc-4cb49020409b","local_time":"20180916101356","is_ascension_mode":true,"campfire_choices":[{"data":"Blur","floor":6,"key":"SMITH"},{"data":"Backflip","floor":8,"key":"SMITH"},{"floor":11,"key":"REST"},{"data":"Bouncing Flask","floor":15,"key":"SMITH"},{"floor":24,"key":"REST"},{"data":"Decay","floor":28,"key":"PURGE"},{"floor":32,"key":"REST"},{"floor":41,"key":"REST"},{"data":"Doubt","floor":49,"key":"PURGE"}],"neow_cost":"","seed_source_timestamp":507041835440,"circlet_count":0,"master_deck":["Defend_G","Defend_G","Defend_G","Defend_G","Defend_G","Strike_G","Survivor","Neutralize","Dash+1","PiercingWail","Blur+1","Backflip+1","Bouncing Flask+1","Malaise","Noxious Fumes+1","Cloak And Dagger","Glass Knife","Well Laid Plans+1","Acrobatics","Concentrate","Envenom","Enlightenment","Blur+1","Tools of the Trade","Poisoned Stab+1","Footwork","Riddle With Holes+1","Quick Slash+1","Blur+1"],"relics":["Ring of the Serpent","Dream Catcher","Fusion Hammer","Strawberry","Peace Pipe","Bag of Marbles","Bird Faced Urn","Art of War","Kunai"],"potions_floor_usage":[16,16,16,33,40,40,40,42,50],"damage_taken":[{"damage":3,"enemies":"Jaw Worm","floor":1,"turns":5},{"damage":2,"enemies":"Cultist","floor":4,"turns":5},{"damage":0,"enemies":"Small Slimes","floor":5,"turns":4},{"damage":5,"enemies":"2 Fungi Beasts","floor":7,"turns":5},{"damage":7,"enemies":"Red Slaver","floor":10,"turns":5},{"damage":0,"enemies":"Blue Slaver","floor":12,"turns":3},{"damage":6,"enemies":"Slime Boss","floor":16,"turns":12},{"damage":4,"enemies":"3 Byrds","floor":18,"turns":5},{"damage":36,"enemies":"Gremlin Leader","floor":23,"turns":8},{"damage":1,"enemies":"Shell Parasite","floor":25,"turns":5},{"damage":1,"enemies":"Centurion and Healer","floor":29,"turns":6},{"damage":43,"enemies":"3 Cultists","floor":30,"turns":7},{"damage":40,"enemies":"Champ","floor":33,"turns":17},{"damage":23,"enemies":"3 Shapes","floor":35,"turns":5},{"damage":8,"enemies":"Orb Walker","floor":38,"turns":5},{"damage":29,"enemies":"2 Orb Walkers","floor":40,"turns":8},{"damage":32,"enemies":"Reptomancer","floor":42,"turns":9},{"damage":0,"enemies":"3 Darklings","floor":45,"turns":6},{"damage":35,"enemies":"Sphere and 2 Shapes","floor":46,"turns":7},{"damage":0,"enemies":"Maw","floor":48,"turns":8},{"damage":50,"enemies":"Donu and Deca","floor":50,"turns":15}],"seed_played":"-595124999125317099","potions_obtained":[{"floor":1,"key":"Dexterity Potion"},{"floor":5,"key":"Block Potion"},{"floor":12,"key":"Explosive Potion"},{"floor":29,"key":"Weak Potion"},{"floor":36,"key":"Dexterity Potion"},{"floor":36,"key":"SneckoOil"},{"floor":36,"key":"Weak Potion"},{"floor":38,"key":"EssenceOfSteel"},{"floor":40,"key":"SpeedPotion"},{"floor":42,"key":"Swift Potion"}],"is_trial":false,"path_per_floor":["M","?","?","M","M","R","M","R","T","M","R","M","?","$","R","B",null,"M","?","?","T","$","E","R","M","T","?","R","M","M","?","R","B",null,"M","?","?","M","?","E","R","M","T","$","M","M","?","M","R","B"],"character_chosen":"THE_SILENT","items_purchased":["Cloak And Dagger","Peace Pipe","Footwork"],"campfire_rested":4,"item_purchase_floors":[14,22,44],"current_hp_per_floor":[67,60,60,58,58,58,53,53,53,46,67,67,67,67,67,61,70,66,66,66,73,73,37,60,59,59,59,59,62,23,23,46,10,77,58,58,58,54,54,31,54,30,30,30,38,13,77,77,77,35],"gold":75,"neow_bonus":"","is_prod":false,"is_daily":false,"chose_seed":false,"campfire_upgraded":3,"win_rate":0,"timestamp":1537118036,"path_taken":["M","?","?","M","M","R","M","R","T","M","R","M","?","$","R","BOSS","M","?","?","?","$","E","R","M","T","?","R","?","M","?","R","BOSS","M","?","?","M","?","E","R","M","T","$","M","M","?","M","R","BOSS"],"build_version":"2018-09-06","purchased_purges":2,"victory":true,"max_hp_per_floor":[70,70,70,70,70,70,70,70,70,70,70,70,70,70,70,70,70,70,70,70,77,77,77,77,77,77,77,77,77,77,77,77,77,77,77,77,77,77,77,77,77,77,77,77,77,77,77,77,77,77],"card_choices":[{"not_picked":["Deflect","Heel Hook"],"picked":"Dash","floor":1},{"not_picked":["All Out Attack","Infinite Blades"],"picked":"PiercingWail","floor":4},{"not_picked":["Slice","Cloak And Dagger"],"picked":"Blur","floor":5},{"not_picked":["Masterful Stab","All Out Attack"],"picked":"Backflip","floor":7},{"not_picked":["Deflect","Caltrops"],"picked":"Bouncing Flask","floor":10},{"not_picked":["Cloak And Dagger","Flying Knee"],"picked":"Malaise","floor":11},{"not_picked":["Expertise","Calculated Gamble"],"picked":"Noxious Fumes","floor":12},{"not_picked":["Bullet Time","Wraith Form v2"],"picked":"Glass Knife","floor":16},{"not_picked":["Sucker Punch","Backflip","Dagger Spray"],"picked":"SKIP","floor":18},{"not_picked":["Underhanded Strike","Backstab+1"],"picked":"Well Laid Plans+1","floor":23},{"not_picked":["Skewer+1","Dagger Throw","Deadly Poison+1"],"picked":"SKIP","floor":25},{"not_picked":["Predator","Storm of Steel"],"picked":"Acrobatics","floor":29},{"not_picked":["Dagger Spray","All Out Attack","Underhanded Strike"],"picked":"SKIP","floor":30},{"not_picked":["Storm of Steel","Venomology"],"picked":"Envenom","floor":33},{"not_picked":["Outmaneuver+1","Sucker Punch+1","Blade Dance+1"],"picked":"SKIP","floor":35},{"not_picked":["Trip","Finesse"],"picked":"Enlightenment","floor":37},{"not_picked":["Backstab+1","Underhanded Strike+1"],"picked":"Blur+1","floor":38},{"not_picked":["Prepared","Expertise+1"],"picked":"Tools of the Trade","floor":40},{"not_picked":["Sucker Punch+1","Blade Dance"],"picked":"Poisoned Stab+1","floor":42},{"not_picked":["Envenom","Acrobatics"],"picked":"Riddle With Holes+1","floor":45},{"not_picked":["Bane+1","Well Laid Plans+1"],"picked":"Quick Slash+1","floor":46},{"not_picked":["Poisoned Stab","PiercingWail+1"],"picked":"Blur+1","floor":48}],"player_experience":184830,"relics_obtained":[{"floor":9,"key":"Dream Catcher"},{"floor":21,"key":"Strawberry"},{"floor":23,"key":"Bag of Marbles"},{"floor":26,"key":"Bird Faced Urn"},{"floor":40,"key":"Art of War"},{"floor":43,"key":"Kunai"}],"event_choices":[{"event_name":"FaceTrader","player_choice":"Touch","floor":2,"damage_taken":0},{"event_name":"Accursed Blacksmith","player_choice":"Forge","floor":3,"damage_taken":0},{"event_name":"Upgrade Shrine","player_choice":"Upgraded","floor":13,"damage_taken":0},{"event_name":"Wheel of Change","player_choice":"Curse","floor":19,"damage_taken":0},{"event_name":"Forgotten Altar","player_choice":"Smashed Altar","floor":20,"damage_taken":0},{"event_name":"Beggar","player_choice":"Gave Gold","floor":27,"damage_taken":0},{"event_name":"Transmorgrifier","player_choice":"Transform","floor":31,"damage_taken":0},{"event_name":"The Lab","player_choice":"Got Potions","floor":36,"damage_taken":0},{"event_name":"SensoryStone","player_choice":"Memory 1","floor":37,"damage_taken":0},{"event_name":"Falling","player_choice":"Removed Attack","floor":39,"damage_taken":0},{"event_name":"MindBloom","player_choice":"Heal","floor":47,"damage_taken":0}],"is_beta":false,"boss_relics":[{"not_picked":["Lizard Tail","Runic Pyramid"],"picked":"Fusion Hammer"},{"not_picked":["Coffee Dripper","White Beast Statue"],"picked":"Ring of the Serpent"}],"items_purged_floors":[14,44],"is_endless":false,"potions_floor_spawned":[1,5,12,29,38,40,42],"ascension_level":3}