{"path_per_floor":["M","M","?","M","M","E","?","R","T","R","?","M","M","E","R","B",null,"M","M","?","?","?","R"],"character_chosen":"DEFECT","items_purchased":[],"gold_per_floor":[113,129,129,140,159,185,185,185,185,185,185,199,215,247,247,349,349,359,377,377,377,377,377,377],"floor_reached":24,"campfire_rested":1,"playtime":840,"item_purchase_floors":[],"current_hp_per_floor":[68,68,68,66,52,34,34,34,34,34,34,34,34,32,52,32,68,58,54,38,38,38,38,0],"items_purged":[],"gold":377,"score":227,"play_id":"d9d0e3e4-12a9-4449-8c62-8dded2f392a8","local_time":"20180603020344","is_prod":false,"is_daily":false,"chose_seed":false,"is_ascension_mode":true,"campfire_upgraded":3,"win_rate":0,"timestamp":1527962624,"campfire_choices":[{"data":"Zap","floor":8,"key":"SMITH"},{"data":"Gash","floor":10,"key":"SMITH"},{"floor":15,"key":"REST"},{"data":"Rainbow","floor":23,"key":"SMITH"}],"path_taken":["M","?","?","M","?","E","?","R","T","R","?","M","M","E","R","BOSS","M","M","?","?","?","R","E"],"build_version":"2018-05-30v2","seed_source_timestamp":43654277149125,"purchased_purges":0,"victory":false,"master_deck":["Strike_B","Strike_B","Strike_B","Defend_B","Defend_B","Defend_B","Zap+1","Dualcast","Skim","Double Energy","Redo+1","Hologram+1","Gash+1","Conserve Battery","Rainbow+1","Static Discharge","Ball Lightning","Glacier","Streamline","Beam Cell","Capacitor","Necronomicurse"],"max_hp_per_floor":[68,68,68,68,68,68,68,68,68,68,68,68,68,68,68,68,68,68,68,68,68,68,68,68],"relics":["Cracked Core","Emotion Chip","Gremlin Horn","Toolbox","Orrery","Necronomicon"],"card_choices":[{"not_picked":["Scrape","Stack"],"picked":"Redo","floor":1},{"not_picked":["Turbo","Steam Power"],"picked":"Hologram","floor":2},{"not_picked":["Compile Driver","Melter"],"picked":"Gash","floor":4},{"not_picked":["Go for the Eyes","Machine Learning"],"picked":"Conserve Battery","floor":5},{"not_picked":["Recycle","Compile Driver","Stack"],"picked":"SKIP","floor":6},{"not_picked":["Leap","Stack"],"picked":"Static Discharge","floor":12},{"not_picked":["Turbo","Melter","FTL"],"picked":"SKIP","floor":13},{"not_picked":["Hello World","Reinforced Body"],"picked":"Ball Lightning","floor":14},{"not_picked":["Redo","Ball Lightning"],"picked":"Glacier","floor":17},{"not_picked":["Double Energy","Steam"],"picked":"Streamline","floor":17},{"not_picked":["Reprogram","Barrage+1"],"picked":"Beam Cell","floor":18},{"not_picked":["Steam","Compile Driver"],"picked":"Capacitor","floor":19}],"player_experience":58217,"potions_floor_usage":[6,14,18,24,24,24],"damage_taken":[{"damage":0,"enemies":"Cultist","floor":1,"turns":3},{"damage":0,"enemies":"Small Slimes","floor":2,"turns":3},{"damage":2,"enemies":"2 Louse","floor":4,"turns":2},{"damage":14,"enemies":"Red Slaver","floor":5,"turns":2},{"damage":30,"enemies":"Gremlin Nob","floor":6,"turns":4},{"damage":0,"enemies":"Exordium Wildlife","floor":12,"turns":2},{"damage":0,"enemies":"Looter","floor":13,"turns":3},{"damage":2,"enemies":"3 Sentries","floor":14,"turns":4},{"damage":20,"enemies":"Slime Boss","floor":16,"turns":6},{"damage":10,"enemies":"Shell Parasite","floor":18,"turns":5},{"damage":4,"enemies":"Spheric Guardian","floor":19,"turns":3},{"damage":39,"enemies":"Book of Stabbing","floor":24,"turns":5}],"relics_obtained":[{"floor":6,"key":"Emotion Chip"},{"floor":9,"key":"Gremlin Horn"},{"floor":14,"key":"Toolbox"},{"floor":20,"key":"Necronomicon"}],"event_choices":[{"event_name":"Upgrade Shrine","player_choice":"Upgraded","floor":3,"damage_taken":0},{"event_name":"Accursed Blacksmith","player_choice":"Forge","floor":7,"damage_taken":0},{"event_name":"Match and Keep!","player_choice":"1 cards matched","floor":11,"damage_taken":0},{"event_name":"Cursed Tome","player_choice":"Obtained Book","floor":20,"damage_taken":0},{"event_name":"Vampires","player_choice":"Ignored","floor":21,"damage_taken":0},{"event_name":"The Lab","player_choice":"Got Potions","floor":22,"damage_taken":0}],"boss_relics":[{"not_picked":["Calling Bell","Eternal Feather"],"picked":"Orrery"}],"items_purged_floors":[],"potions_floor_spawned":[1,6,13,14],"seed_played":"-6198909256860446512","killed_by":"Book of Stabbing","ascension_level":2,"potions_obtained":[{"floor":1,"key":"Regen Potion"},{"floor":6,"key":"SmokeBomb"},{"floor":13,"key":"AttackPotion"},{"floor":14,"key":"Energy Potion"},{"floor":22,"key":"AttackPotion"},{"floor":22,"key":"EntropicBrew"}],"is_trial":false}