{"gold_per_floor":[112,112,128,53,128,128,158,158,182,215,230,242,242,272,272,371,371,385,397,415,172,172,172,172,172,218,248,248,248,259,259,259,259],"floor_reached":33,"playtime":3604,"items_purged":["Strike_R","Strike_R"],"score":312,"play_id":"dafa2fa7-9cb0-4930-8b24-43c37e29c4a7","local_time":"20180913224609","is_ascension_mode":true,"campfire_choices":[{"floor":6.0,"key":"REST"},{"floor":8.0,"key":"REST"},{"data":"True Grit","floor":13.0,"key":"SMITH"},{"data":"True Grit","floor":15.0,"key":"SMITH"},{"data":"Juggernaut","floor":23,"key":"SMITH"},{"floor":25,"key":"REST"},{"floor":32,"key":"REST"}],"neow_cost":"PERCENT_DAMAGE","seed_source_timestamp":2519936324673698,"circlet_count":0,"master_deck":["Defend_R","Defend_R","Defend_R","Defend_R","Bash","Juggernaut+1","Body Slam","Whirlwind","True Grit+1","True Grit+1","Uppercut","Body Slam","Impervious","Warcry","Regret","Entrench"],"special_seed":0,"relics":["Burning Blood","Self Forming Clay","Happy Flower","Lantern","Cursed Key","Oddly Smooth Stone","MutagenicStrength","Art of War","Letter Opener"],"potions_floor_usage":[33,33],"damage_taken":[{"damage":4.0,"enemies":"2 Louse","floor":1.0,"turns":3.0},{"damage":1.0,"enemies":"Cultist","floor":3.0,"turns":4.0},{"damage":20.0,"enemies":"3 Sentries","floor":7.0,"turns":5.0},{"damage":36.0,"enemies":"Gremlin Nob","floor":10.0,"turns":5.0},{"damage":1.0,"enemies":"Small Slimes","floor":11.0,"turns":4.0},{"damage":7.0,"enemies":"3 Louse","floor":12.0,"turns":6.0},{"damage":47.0,"enemies":"Hexaghost","floor":16.0,"turns":13.0},{"damage":7.0,"enemies":"2 Thieves","floor":18.0,"turns":4.0},{"damage":0.0,"enemies":"Shell Parasite","floor":19.0,"turns":4.0},{"damage":22.0,"enemies":"Chosen and Byrds","floor":20.0,"turns":6.0},{"damage":37,"enemies":"Slavers","floor":27,"turns":6},{"damage":13,"enemies":"Snake Plant","floor":30,"turns":3},{"damage":76,"enemies":"Automaton","floor":33,"turns":10}],"seed_played":"-2002049090397159919","potions_obtained":[{"floor":1.0,"key":"SteroidPotion"},{"floor":10.0,"key":"Ancient Potion"},{"floor":16.0,"key":"Regen Potion"},{"floor":19.0,"key":"Poison Potion"}],"is_trial":false,"path_per_floor":["M","?","M","$","?","R","E","R","T","E","M","M","R","?","R","B",null,"M","M","M","$","?","R","?","R","T","E","?","?","M","?","R"],"character_chosen":"IRONCLAD","items_purchased":["Oddly Smooth Stone"],"campfire_rested":4,"item_purchase_floors":[21],"current_hp_per_floor":[58,58,63,63,52,76,62,80,80,50,55,54,54,54,54,13,80,79,80,64,64,64,64,64,80,80,49,49,49,42,42,66,0],"gold":259,"neow_bonus":"TRANSFORM_TWO_CARDS","is_prod":false,"is_daily":false,"chose_seed":false,"campfire_upgraded":3,"win_rate":0,"timestamp":1536903969,"path_taken":["M","?","M","$","?","R","E","R","T","E","?","M","R","?","R","BOSS","M","M","M","$","?","R","?","R","T","E","?","?","?","?","R","BOSS"],"build_version":"2018-09-06","purchased_purges":2,"victory":false,"max_hp_per_floor":[80,80,80,80,80,80,80,80,80,80,80,80,80,80,80,80,80,80,80,80,80,80,80,80,80,80,80,80,80,80,80,80,80],"card_choices":[{"not_picked":["Corruption","Clash","Dropkick"],"picked":"SKIP","floor":1.0},{"not_picked":["Flex","Cleave"],"picked":"Whirlwind","floor":3.0},{"not_picked":["Sword Boomerang","Perfected Strike"],"picked":"True Grit","floor":7.0},{"not_picked":["Hemokinesis","Reckless Charge"],"picked":"True Grit","floor":10.0},{"not_picked":["Cleave","Spot Weakness"],"picked":"Uppercut","floor":11.0},{"not_picked":["Havoc","Pommel Strike"],"picked":"Body Slam","floor":12.0},{"not_picked":["Fiend Fire","Juggernaut"],"picked":"Impervious","floor":16.0},{"not_picked":["Fire Breathing","Thunderclap","Seeing Red+1"],"picked":"SKIP","floor":18.0},{"not_picked":["Havoc","Twin Strike","Wild Strike"],"picked":"SKIP","floor":19.0},{"not_picked":["Uppercut","Wild Strike"],"picked":"Warcry","floor":20.0},{"not_picked":["Pummel","True Grit","Anger"],"picked":"SKIP","floor":27},{"not_picked":["Rampage+1","Perfected Strike","Demon Form"],"picked":"SKIP","floor":30}],"player_experience":181065,"relics_obtained":[{"floor":7.0,"key":"Self Forming Clay"},{"floor":9.0,"key":"Happy Flower"},{"floor":10.0,"key":"Lantern"},{"floor":26,"key":"Art of War"},{"floor":27,"key":"Letter Opener"}],"event_choices":[{"event_name":"Purifier","player_choice":"One Purge","floor":2.0,"damage_taken":0.0},{"event_name":"World of Goop","player_choice":"Gather Gold","floor":5.0,"damage_taken":0.0},{"event_name":"Dead Adventurer","player_choice":"Searched \u00271\u0027 times","floor":14.0,"damage_taken":0.0},{"event_name":"Cursed Tome","player_choice":"Ignored","floor":22,"damage_taken":0},{"event_name":"Drug Dealer","player_choice":"Inject Mutagens","floor":24,"damage_taken":0},{"event_name":"Ghosts","player_choice":"Ignored","floor":28,"damage_taken":0},{"event_name":"Vampires","player_choice":"Ignored","floor":29,"damage_taken":0},{"event_name":"The Library","player_choice":"Read","floor":31,"damage_taken":0}],"is_beta":false,"boss_relics":[{"not_picked":["Eternal Feather","Orrery"],"picked":"Cursed Key"}],"items_purged_floors":[4,21],"is_endless":false,"potions_floor_spawned":[1,10,16,19],"killed_by":"Automaton","ascension_level":3}