{"gold_per_floor":[367,16,16,29,29,57,357,357,357,357,371,404,422,452,452,529,529,546,546,596,621,634,653,653,682,682,708,65,80,80,90,90,162,212,227,227,44,44,44,44,63,63,63,75,92,126,126,144,144,144,144],"floor_reached":52,"playtime":2724,"items_purged":["Strike_B","Streamline+1"],"score":2030,"play_id":"95a83b64-9c69-4af0-8bb1-e6f9774c6d10","local_time":"20190103174221","is_ascension_mode":true,"campfire_choices":[{"data":"Zap","floor":8.0,"key":"SMITH"},{"data":"Gash","floor":10.0,"key":"SMITH"},{"data":"Buffer","floor":15.0,"key":"SMITH"},{"floor":24.0,"key":"REST"},{"data":"Biased Cognition","floor":32.0,"key":"SMITH"},{"data":"Electrodynamics","floor":40.0,"key":"SMITH"},{"data":"Chill","floor":42.0,"key":"SMITH"},{"floor":47.0,"key":"REST"},{"floor":49.0,"key":"REST"}],"neow_cost":"TEN_PERCENT_HP_LOSS","seed_source_timestamp":0,"circlet_count":0,"master_deck":["AscendersBane","Defend_B+1","Defend_B","Defend_B+1","Defend_B","Zap+1","Dualcast+1","Cold Snap","Glacier","Gash+1","Auto Shields","Gash","Buffer+1","Ball Lightning","Biased Cognition+1","Doom and Gloom+1","Rainbow+1","Cold Snap","Chill+1","Hologram+1","Scrape+1","Gash+1","Electrodynamics+1","Blizzard+1","Madness","Madness","Leap+1","Blizzard+1","Cold Snap+1"],"special_seed":0,"relics":["Cracked Core","Runic Capacitor","War Paint","Old Coin","Bag of Preparation","The Courier","Mercury Hourglass","Astrolabe","MutagenicStrength","Boot","Bird Faced Urn","Molten Egg 2","Meat on the Bone","Potion Belt","Art of War","Tiny Chest","Mango","Smiling Mask","Tiny House","Oddly Smooth Stone","Happy Flower","Pen Nib","Ancient Tea Set"],"potions_floor_usage":[51,51],"damage_taken":[{"damage":9.0,"enemies":"Jaw Worm","floor":1.0,"turns":3.0},{"damage":4.0,"enemies":"2 Louse","floor":4.0,"turns":3.0},{"damage":4.0,"enemies":"Lagavulin","floor":6.0,"turns":13.0},{"damage":0.0,"enemies":"Small Slimes","floor":11.0,"turns":4.0},{"damage":11.0,"enemies":"3 Sentries","floor":12.0,"turns":12.0},{"damage":6.0,"enemies":"Blue Slaver","floor":13.0,"turns":3.0},{"damage":1.0,"enemies":"Lagavulin","floor":14.0,"turns":9.0},{"damage":0.0,"enemies":"Slime Boss","floor":16.0,"turns":8.0},{"damage":0.0,"enemies":"Chosen","floor":18.0,"turns":5.0},{"damage":2.0,"enemies":"Shell Parasite","floor":22.0,"turns":6.0},{"damage":10.0,"enemies":"Centurion and Healer","floor":23.0,"turns":8.0},{"damage":48.0,"enemies":"Book of Stabbing","floor":25.0,"turns":6.0},{"damage":0.0,"enemies":"Slavers","floor":27.0,"turns":4.0},{"damage":5.0,"enemies":"3 Cultists","floor":29.0,"turns":5.0},{"damage":0.0,"enemies":"Snake Plant","floor":31.0,"turns":4.0},{"damage":28.0,"enemies":"Champ","floor":33.0,"turns":11.0},{"damage":4.0,"enemies":"3 Shapes","floor":35.0,"turns":3.0},{"damage":0.0,"enemies":"3 Darklings","floor":36.0,"turns":2.0},{"damage":27.0,"enemies":"Spire Growth","floor":41.0,"turns":4.0},{"damage":11.0,"enemies":"4 Shapes","floor":44.0,"turns":4.0},{"damage":0.0,"enemies":"Writhing Mass","floor":45.0,"turns":7.0},{"damage":47.0,"enemies":"Giant Head","floor":46.0,"turns":10.0},{"damage":0.0,"enemies":"Sphere and 2 Shapes","floor":48.0,"turns":4.0},{"damage":23.0,"enemies":"Donu and Deca","floor":50.0,"turns":9.0},{"damage":39,"enemies":"Awakened One","floor":51,"turns":16}],"seed_played":"6700896240405728219","potions_obtained":[{"floor":6.0,"key":"Explosive Potion"},{"floor":11.0,"key":"AttackPotion"},{"floor":25.0,"key":"Weak Potion"},{"floor":27.0,"key":"SteroidPotion"},{"floor":34.0,"key":"SmokeBomb"},{"floor":35.0,"key":"PowerPotion"},{"floor":41.0,"key":"Weak Potion"},{"floor":44.0,"key":"SpeedPotion"},{"floor":46.0,"key":"Weak Potion"}],"is_trial":false,"path_per_floor":["M","$","?","M","?","E","T","R","T","R","M","E","M","E","R","B",null,"M","?","?","T","M","M","R","E","T","E","$","M","T","M","R","B",null,"M","M","$","T","?","R","M","R","T","M","M","E","R","M","R","B","B",null],"character_chosen":"DEFECT","items_purchased":["Runic Capacitor","Glacier","Gash","Potion Belt","Art of War","Tiny Chest","Mango","Oddly Smooth Stone"],"campfire_rested":3,"item_purchase_floors":[2,2,2,28,28,28,28,37],"current_hp_per_floor":[55,55,60,56,56,52,52,52,52,52,52,41,35,34,34,34,60,60,60,60,60,58,48,68,20,20,24,38,49,49,53,53,41,78,78,78,78,78,62,62,53,53,53,56,60,31,57,63,88,69,48],"gold":144,"neow_bonus":"TWO_FIFTY_GOLD","is_prod":false,"is_daily":false,"chose_seed":false,"campfire_upgraded":6,"win_rate":0,"timestamp":1546533741,"path_taken":["M","$","?","M","?","E","?","R","T","R","M","E","M","E","R","BOSS","M","?","?","?","M","M","R","E","T","E","$","M","?","M","R","BOSS","M","M","$","?","?","R","M","R","T","M","M","E","R","M","R","BOSS","BOSS"],"build_version":"2019-01-02","purchased_purges":2,"victory":true,"max_hp_per_floor":[64,64,69,69,69,69,69,69,69,69,69,69,69,69,69,69,69,69,69,69,69,69,69,69,69,69,69,83,83,83,83,83,83,88,88,88,88,88,88,88,88,88,88,88,88,88,88,88,88,88,88],"card_choices":[{"not_picked":["Sunder","Rebound"],"picked":"Cold Snap","floor":1.0},{"not_picked":["Hologram","Steam","Compile Driver"],"picked":"SKIP","floor":4.0},{"not_picked":["Skim","Darkness"],"picked":"Auto Shields","floor":6.0},{"not_picked":["Go for the Eyes","Redo"],"picked":"Gash","floor":11.0},{"not_picked":["Genetic Algorithm","Rebound","Turbo"],"picked":"SKIP","floor":12.0},{"not_picked":["Capacitor","Reinforced Body"],"picked":"Buffer","floor":13.0},{"not_picked":["Streamline","Steam Power"],"picked":"Ball Lightning","floor":14.0},{"not_picked":["Core Surge","Rainbow"],"picked":"Biased Cognition","floor":16.0},{"not_picked":["Steam","Turbo"],"picked":"Cold Snap","floor":18.0},{"not_picked":["Heatsinks","Reinforced Body","Leap"],"picked":"SKIP","floor":22.0},{"not_picked":["Turbo","Gash"],"picked":"Chill","floor":23.0},{"not_picked":["Fusion","Streamline","Force Field"],"picked":"SKIP","floor":25.0},{"not_picked":["Amplify","Coolheaded"],"picked":"Hologram+1","floor":27.0},{"not_picked":["Cold Snap+1","Conserve Battery"],"picked":"Scrape+1","floor":29.0},{"not_picked":["Steam","Ball Lightning+1"],"picked":"Gash+1","floor":31.0},{"not_picked":["Amplify","Core Surge+1"],"picked":"Electrodynamics","floor":33.0},{"not_picked":["Chill","Cold Snap+1"],"picked":"Blizzard+1","floor":35.0},{"not_picked":["Rebound+1","Go for the Eyes+1"],"picked":"Leap+1","floor":41.0},{"not_picked":["Static Discharge","Aggregate"],"picked":"Blizzard+1","floor":44.0},{"not_picked":["Recycle","Turbo","Stack"],"picked":"SKIP","floor":45.0},{"not_picked":["Heatsinks","Doom and Gloom+1","Redo"],"picked":"SKIP","floor":46.0},{"not_picked":["Sweeping Beam+1","Auto Shields+1"],"picked":"Cold Snap+1","floor":48.0}],"player_experience":915172,"relics_obtained":[{"floor":6.0,"key":"War Paint"},{"floor":7.0,"key":"Old Coin"},{"floor":9.0,"key":"Bag of Preparation"},{"floor":12.0,"key":"The Courier"},{"floor":14.0,"key":"Mercury Hourglass"},{"floor":21.0,"key":"Boot"},{"floor":25.0,"key":"Bird Faced Urn"},{"floor":26.0,"key":"Molten Egg 2"},{"floor":27.0,"key":"Meat on the Bone"},{"floor":30.0,"key":"Smiling Mask"},{"floor":38.0,"key":"Happy Flower"},{"floor":43.0,"key":"Pen Nib"},{"floor":46.0,"key":"Ancient Tea Set"}],"event_choices":[{"damage_healed":0.0,"max_hp_gain":5.0,"max_hp_loss":0.0,"gold_gain":0.0,"event_name":"Big Fish","player_choice":"Donut","floor":3.0,"gold_loss":0.0,"damage_taken":0.0},{"damage_healed":0.0,"max_hp_gain":0.0,"max_hp_loss":0.0,"gold_gain":0.0,"event_name":"The Cleric","player_choice":"Leave","floor":5.0,"gold_loss":0.0,"damage_taken":0.0},{"damage_healed":0.0,"max_hp_gain":0.0,"max_hp_loss":0.0,"gold_gain":0.0,"event_name":"Drug Dealer","player_choice":"Inject Mutagens","floor":19.0,"gold_loss":0.0,"damage_taken":0.0,"relics_obtained":["MutagenicStrength"]},{"damage_healed":0.0,"max_hp_gain":0.0,"max_hp_loss":0.0,"gold_gain":50.0,"event_name":"Nest","player_choice":"Stole From Cult","floor":20.0,"gold_loss":0.0,"damage_taken":0.0},{"damage_healed":0.0,"max_hp_gain":0.0,"max_hp_loss":0.0,"gold_gain":0.0,"event_name":"Winding Halls","player_choice":"Embrace Madness","floor":39.0,"gold_loss":0.0,"damage_taken":16.0,"cards_obtained":["Madness","Madness"]}],"is_beta":true,"boss_relics":[{"not_picked":["Calling Bell","White Beast Statue"],"picked":"Astrolabe"},{"not_picked":["Runic Dome","Empty Cage"],"picked":"Tiny House"}],"items_purged_floors":[28,37],"is_endless":false,"potions_floor_spawned":[6,11,14,18,22,25,27,35,41,44,46],"ascension_level":20}