{"gold_per_floor":[115,135,135,150,150,150,174,17,40,65,98,112,12,12,12,136,136,161,182,207,220,95,95,129,129,155,5,23,59,59,59,59,59],"floor_reached":33,"playtime":2852,"items_purged":["Strike_G","Strike_G","Defend_G","Strike_G"],"score":368,"play_id":"95f23bc7-0225-47d6-a93f-b3bc115b9405","local_time":"20181020143952","is_ascension_mode":true,"campfire_choices":[{"floor":6,"key":"REST"},{"floor":15,"key":"REST"},{"floor":23,"key":"REST"},{"floor":30,"key":"REST"},{"data":"Accuracy","floor":32,"key":"SMITH"}],"neow_cost":"NONE","seed_source_timestamp":901300057497933,"circlet_count":0,"master_deck":["Defend_G+1","Defend_G","Defend_G+1","Strike_G+1","Strike_G","Survivor","Neutralize","Dagger Spray+1","Dagger Spray","Blade Dance","Terror","Accuracy+1","Dagger Throw","Choke","Quick Slash","Unload","Endless Agony","Backflip","Endless Agony","Infinite Blades","Terror","Slice+1","Infinite Blades","Distraction+1","Cloak And Dagger+1","Ghostly","Ghostly","Ghostly","Ghostly","Ghostly","Backstab+1"],"relics":["Ring of the Snake","Golden Idol","Happy Flower","Regal Pillow","Orrery","Whetstone","PreservedInsect","Orichalcum"],"potions_floor_usage":[11,16,21,24,33,33,33],"damage_taken":[{"damage":0,"enemies":"2 Louse","floor":1,"turns":3},{"damage":0,"enemies":"Small Slimes","floor":2,"turns":3},{"damage":3,"enemies":"Jaw Worm","floor":4,"turns":4},{"damage":2,"enemies":"2 Fungi Beasts","floor":7,"turns":3},{"damage":21,"enemies":"Gremlin Gang","floor":10,"turns":4},{"damage":24,"enemies":"Gremlin Nob","floor":11,"turns":5},{"damage":13,"enemies":"Lots of Slimes","floor":12,"turns":3},{"damage":31,"enemies":"Hexaghost","floor":16,"turns":11},{"damage":27,"enemies":"Spheric Guardian","floor":18,"turns":5},{"damage":0,"enemies":"3 Byrds","floor":19,"turns":3},{"damage":21,"enemies":"Shelled Parasite and Fungi","floor":20,"turns":5},{"damage":14,"enemies":"3 Cultists","floor":21,"turns":6},{"damage":46,"enemies":"Book of Stabbing","floor":24,"turns":5},{"damage":3,"enemies":"Snake Plant","floor":28,"turns":4},{"damage":0,"enemies":"Gremlin Leader","floor":29,"turns":5},{"damage":57,"enemies":"Automaton","floor":33,"turns":6}],"seed_played":"-8697246737639069446","potions_obtained":[{"floor":10,"key":"Swift Potion"},{"floor":11,"key":"Swift Potion"},{"floor":12,"key":"GamblersBrew"},{"floor":18,"key":"Dexterity Potion"},{"floor":21,"key":"FearPotion"},{"floor":28,"key":"Explosive Potion"},{"floor":29,"key":"Dexterity Potion"}],"is_trial":false,"path_per_floor":["M","M","?","M","?","R","M","$","T","M","E","M","$","?","R","B",null,"M","M","M","M","$","R","E","?","T","$","M","E","R","?","R"],"character_chosen":"THE_SILENT","items_purchased":["Accuracy"],"campfire_rested":4,"item_purchase_floors":[8],"current_hp_per_floor":[77,77,58,55,40,63,61,61,61,40,16,3,3,3,41,10,77,50,50,29,15,15,53,7,7,7,7,4,4,30,30,30,0],"gold":59,"neow_bonus":"TEN_PERCENT_HP_BONUS","is_prod":false,"is_daily":false,"chose_seed":false,"campfire_upgraded":1,"win_rate":0,"timestamp":1540071592,"path_taken":["M","M","?","M","?","R","M","$","T","M","E","?","?","?","R","BOSS","M","M","M","?","$","R","E","?","T","$","M","E","R","?","R","BOSS"],"build_version":"2018-10-18","purchased_purges":4,"victory":false,"max_hp_per_floor":[77,77,77,77,77,77,77,77,77,77,77,77,77,77,77,77,77,77,77,77,77,77,77,77,38,38,38,38,38,38,38,38,38],"card_choices":[{"not_picked":["Sucker Punch","Choke"],"picked":"Dagger Spray","floor":1},{"not_picked":["Outmaneuver","Eviscerate"],"picked":"Dagger Spray","floor":2},{"not_picked":["Acrobatics","Slice"],"picked":"Blade Dance","floor":4},{"not_picked":["Riddle With Holes","Blade Dance"],"picked":"Terror","floor":7},{"not_picked":["Prepared","Slice"],"picked":"Dagger Throw","floor":10},{"not_picked":["Quick Slash","Envenom"],"picked":"Choke","floor":11},{"not_picked":["Bouncing Flask","Flechettes"],"picked":"Quick Slash","floor":12},{"not_picked":["Wraith Form v2","Night Terror"],"picked":"Unload","floor":16},{"not_picked":["Deflect","Underhanded Strike"],"picked":"Endless Agony","floor":17},{"not_picked":["Expertise","Predator"],"picked":"Backflip","floor":17},{"not_picked":["Acrobatics","Deadly Poison"],"picked":"Endless Agony","floor":17},{"not_picked":["Underhanded Strike","Sucker Punch"],"picked":"Infinite Blades","floor":17},{"not_picked":["Dash","Flying Knee"],"picked":"Terror","floor":17},{"not_picked":["Acrobatics","Dagger Throw","Distraction"],"picked":"SKIP","floor":18},{"not_picked":["Crippling Poison","Predator"],"picked":"Slice+1","floor":19},{"not_picked":["Masterful Stab","Sucker Punch"],"picked":"Infinite Blades","floor":20},{"not_picked":["Calculated Gamble","Leg Sweep"],"picked":"Distraction+1","floor":21},{"not_picked":["Burst","Sucker Punch+1"],"picked":"Cloak And Dagger+1","floor":24},{"not_picked":["Poisoned Stab","Outmaneuver","Bane+1"],"picked":"SKIP","floor":28},{"not_picked":["Bane","Dagger Throw"],"picked":"Backstab+1","floor":29}],"player_experience":64168,"relics_obtained":[{"floor":9,"key":"Happy Flower"},{"floor":11,"key":"Regal Pillow"},{"floor":24,"key":"Whetstone"},{"floor":26,"key":"PreservedInsect"},{"floor":29,"key":"Orichalcum"}],"event_choices":[{"damage_healed":0,"gold_gain":0,"player_choice":"Take Damage","damage_taken":19,"relics_obtained":["Golden Idol"],"max_hp_gain":0,"max_hp_loss":0,"event_name":"Golden Idol","floor":3,"gold_loss":0},{"damage_healed":0,"gold_gain":0,"player_choice":"Entered Light","damage_taken":15,"max_hp_gain":0,"max_hp_loss":0,"event_name":"Shining Light","floor":5,"gold_loss":0,"cards_upgraded":["Defend_G","Defend_G"]},{"damage_healed":0,"gold_gain":0,"player_choice":"Ignored","damage_taken":0,"max_hp_gain":0,"max_hp_loss":0,"event_name":"Liars Game","floor":14,"gold_loss":0},{"damage_healed":0,"gold_gain":0,"player_choice":"Became a Ghost","damage_taken":0,"max_hp_gain":0,"max_hp_loss":39,"event_name":"Ghosts","floor":25,"gold_loss":0,"cards_obtained":["Ghostly","Ghostly","Ghostly","Ghostly","Ghostly"]},{"cards_removed":["Defend_G"],"damage_healed":0,"gold_gain":0,"player_choice":"Elegance","damage_taken":0,"max_hp_gain":0,"max_hp_loss":0,"event_name":"Back to Basics","floor":31,"gold_loss":0}],"is_beta":false,"boss_relics":[{"not_picked":["Lizard Tail","Fusion Hammer"],"picked":"Orrery"}],"items_purged_floors":[8,13,22,27],"is_endless":false,"potions_floor_spawned":[10,11,12,18,21,28,29],"killed_by":"Automaton","ascension_level":2}