{"gold_per_floor":[212,223,203,220,236,270,270,270,270,56,56,68,68,96,96,96],"floor_reached":16,"playtime":571,"items_purged":[],"score":193,"play_id":"f55cba6b-3250-4234-a75f-0e8f5bcbefd2","local_time":"20190210200824","is_ascension_mode":true,"campfire_choices":[{"data":"Neutralize","floor":7,"key":"SMITH"},{"floor":11,"key":"REST"},{"data":"Deadly Poison","floor":13,"key":"SMITH"},{"floor":15,"key":"REST"}],"neow_cost":"NONE","seed_source_timestamp":441291000756500,"circlet_count":0,"master_deck":["AscendersBane","Defend_G","Defend_G","Defend_G","Defend_G","Defend_G+1","Strike_G","Strike_G","Strike_G","Strike_G","Strike_G","Survivor+1","Neutralize+1","Cloak And Dagger","Dagger Spray","Dagger Throw","Calculated Gamble","Skewer","Deadly Poison+1","Bane"],"relics":["Ring of the Snake","Pantograph","War Paint","Snake Skull","Art of War"],"potions_floor_usage":[6,12,12,16],"damage_taken":[{"damage":0,"enemies":"Jaw Worm","floor":1,"turns":6},{"damage":0,"enemies":"Cultist","floor":2,"turns":4},{"damage":0,"enemies":"2 Louse","floor":4,"turns":3},{"damage":0,"enemies":"2 Fungi Beasts","floor":5,"turns":3},{"damage":17,"enemies":"3 Sentries","floor":6,"turns":9},{"damage":3,"enemies":"Large Slime","floor":12,"turns":4},{"damage":13,"enemies":"Gremlin Nob","floor":14,"turns":4},{"damage":75,"enemies":"Slime Boss","floor":16,"turns":9}],"seed_played":"604243092064936531","potions_obtained":[{"floor":2,"key":"SkillPotion"},{"floor":3,"key":"Energy Potion"},{"floor":6,"key":"Ancient Potion"},{"floor":14,"key":"Strength Potion"}],"is_trial":false,"path_per_floor":["M","M","?","M","M","E","R","?","T","$","R","M","R","E","R","B"],"character_chosen":"THE_SILENT","items_purchased":["Skewer","Snake Skull"],"campfire_rested":2,"item_purchase_floors":[10,10],"current_hp_per_floor":[59,59,59,59,59,42,42,16,16,16,35,32,32,19,38,0],"gold":96,"neow_bonus":"HUNDRED_GOLD","is_prod":false,"is_daily":false,"chose_seed":false,"campfire_upgraded":2,"win_rate":0,"timestamp":1549800504,"path_taken":["M","M","?","?","M","E","R","?","T","$","R","M","R","E","R","BOSS"],"build_version":"2019-01-23","purchased_purges":0,"victory":false,"max_hp_per_floor":[66,66,66,66,66,66,66,66,66,66,66,66,66,66,66,66],"card_choices":[{"not_picked":["Poisoned Stab","Acrobatics"],"picked":"Cloak And Dagger","floor":1},{"not_picked":["Quick Slash","Flying Knee"],"picked":"Dagger Spray","floor":2},{"not_picked":["Acrobatics","Endless Agony"],"picked":"Dagger Throw","floor":4},{"not_picked":["Expertise","Reflex","Choke"],"picked":"SKIP","floor":5},{"not_picked":["Flechettes","Backflip"],"picked":"Calculated Gamble","floor":6},{"not_picked":["Caltrops","Cloak And Dagger"],"picked":"Deadly Poison","floor":12},{"not_picked":["Prepared","PiercingWail"],"picked":"Bane","floor":14}],"player_experience":699661,"relics_obtained":[{"floor":6,"key":"Pantograph"},{"floor":14,"key":"Art of War"}],"event_choices":[{"damage_healed":0,"gold_gain":0,"player_choice":"Bought 1 Potion","damage_taken":0,"max_hp_gain":0,"max_hp_loss":0,"event_name":"The Woman in Blue","floor":3,"gold_loss":0},{"damage_healed":0,"gold_gain":0,"player_choice":"Success","damage_taken":26,"relics_obtained":["War Paint"],"max_hp_gain":0,"max_hp_loss":0,"event_name":"Scrap Ooze","floor":8,"gold_loss":0}],"is_beta":false,"boss_relics":[],"items_purged_floors":[],"is_endless":false,"potions_floor_spawned":[2,4,6,14],"killed_by":"Slime Boss","ascension_level":15}