{"gold_per_floor":[115,132,132,152,80,95,109,0,0,0,16,16,16,32,32,133,133,143,193,243,293,303,303,335,156,156,9,9,27,77,92,92,193,193,207,312,324,336,1385,1360,1371,1371,1396,1396,1416,1416,1443,596,596,596],"floor_reached":51,"playtime":9452,"items_purged":["Normality","Normality"],"score":687,"play_id":"9d8d4c5c-6747-40d1-a07c-b4d18ce4cf8e","local_time":"20190205014907","is_ascension_mode":false,"campfire_choices":[{"data":"Loop","floor":10.0,"key":"SMITH"},{"data":"Sunder","floor":13.0,"key":"SMITH"},{"data":"Hologram","floor":15.0,"key":"SMITH"},{"data":"Turbo","floor":23.0,"key":"SMITH"},{"data":"Machine Learning","floor":28.0,"key":"SMITH"},{"data":"Mayhem","floor":32.0,"key":"SMITH"},{"floor":42.0,"key":"REST"},{"data":"Hyperbeam","floor":44.0,"key":"SMITH"},{"data":"Reinforced Body","floor":46.0,"key":"SMITH"},{"floor":49.0,"key":"REST"}],"neow_cost":"NONE","seed_source_timestamp":0,"circlet_count":0,"master_deck":["Zap","Dualcast","Turbo+1","Gash","Leap","Self Repair","Meteor Strike","Reinforced Body+1","Sunder+1","Loop+1","Hologram+1","Reboot","Recycle","Lockon","Undo","Gash","Hyperbeam+1","Hello World","Ball Lightning","Fusion","Reinforced Body+1","Melter+1","Glacier+1","Mayhem+1","Machine Learning+1","Turbo+1","Meteor Strike","Rebound+1","Reboot","Streamline+1","Apotheosis","Stack+1"],"special_seed":0,"relics":["Cracked Core","Dodecahedron","SsserpentHead","Pandora\u0027s Box","Anchor","Torii","Bottled Lightning","Lizard Tail","Mango","Centennial Puzzle","Dream Catcher","Medical Kit","FossilizedHelix"],"potions_floor_usage":[50,50,50],"damage_taken":[{"damage":0.0,"enemies":"Cultist","floor":1.0,"turns":3.0},{"damage":2.0,"enemies":"Small Slimes","floor":2.0,"turns":4.0},{"damage":11.0,"enemies":"Jaw Worm","floor":4.0,"turns":2.0},{"damage":2.0,"enemies":"Blue Slaver","floor":6.0,"turns":3.0},{"damage":9.0,"enemies":"Exordium Wildlife","floor":7.0,"turns":4.0},{"damage":9.0,"enemies":"2 Fungi Beasts","floor":11.0,"turns":4.0},{"damage":0.0,"enemies":"3 Louse","floor":14.0,"turns":3.0},{"damage":41.0,"enemies":"The Guardian","floor":16.0,"turns":11.0},{"damage":1.0,"enemies":"Shell Parasite","floor":18.0,"turns":5.0},{"damage":0.0,"enemies":"3 Byrds","floor":22.0,"turns":2.0},{"damage":14.0,"enemies":"Slavers","floor":24.0,"turns":4.0},{"damage":9.0,"enemies":"Centurion and Healer","floor":29.0,"turns":4.0},{"damage":0.0,"enemies":"Cultist and Chosen","floor":31.0,"turns":5.0},{"damage":39.0,"enemies":"Collector","floor":33.0,"turns":11.0},{"damage":6.0,"enemies":"3 Shapes","floor":35.0,"turns":3.0},{"damage":15.0,"enemies":"2 Orb Walkers","floor":36.0,"turns":5.0},{"damage":2.0,"enemies":"Orb Walker","floor":37.0,"turns":3.0},{"damage":15.0,"enemies":"Jaw Worm Horde","floor":38.0,"turns":4.0},{"damage":24.0,"enemies":"4 Shapes","floor":41.0,"turns":5.0},{"damage":9.0,"enemies":"3 Darklings","floor":45.0,"turns":4.0},{"damage":1.0,"enemies":"Reptomancer","floor":47.0,"turns":7.0},{"damage":16,"enemies":"Awakened One","floor":50,"turns":13}],"seed_played":"7045782360617908491","potions_obtained":[{"floor":2.0,"key":"SkillPotion"},{"floor":11.0,"key":"SpeedPotion"},{"floor":14.0,"key":"Strength Potion"},{"floor":18.0,"key":"LiquidBronze"},{"floor":22.0,"key":"Strength Potion"},{"floor":29.0,"key":"AttackPotion"},{"floor":33.0,"key":"Ancient Potion"},{"floor":35.0,"key":"Explosive Potion"},{"floor":36.0,"key":"Swift Potion"},{"floor":45.0,"key":"SkillPotion"},{"floor":47.0,"key":"Explosive Potion"}],"is_trial":false,"path_per_floor":["M","M","$","M","$","M","M","$","T","R","M","?","R","M","R","B",null,"M","?","?","?","M","R","E","$","T","$","R","M","$","M","R","B",null,"M","?","M","M","?","$","M","R","T","R","M","R","E","$","R","B",null],"character_chosen":"DEFECT","items_purchased":["Meteor Strike","Sunder","Loop","Mayhem","Machine Learning","Apotheosis","Medical Kit","FossilizedHelix","GamblersBrew"],"campfire_rested":2,"item_purchase_floors":[5,8,8,25,27,48,48,48,48],"current_hp_per_floor":[75,73,73,62,62,67,65,65,65,65,63,63,63,70,70,29,75,75,75,75,61,61,61,47,47,47,47,47,45,45,52,52,20,80,74,73,71,63,63,63,46,74,74,74,72,72,78,78,94,78],"gold":596,"neow_bonus":"THREE_CARDS","is_prod":false,"is_daily":false,"chose_seed":false,"campfire_upgraded":8,"win_rate":0.0,"timestamp":1549327747,"path_taken":["M","M","$","M","$","M","?","$","T","R","M","?","R","M","R","BOSS","M","?","?","?","M","R","E","$","T","$","R","M","?","M","R","BOSS","M","?","M","M","?","?","M","R","T","R","M","R","E","$","R","BOSS"],"build_version":"2019-01-23","purchased_purges":2,"victory":true,"max_hp_per_floor":[75,75,75,75,75,75,75,75,75,75,75,75,75,75,75,75,75,75,75,75,80,80,80,80,80,80,80,80,80,80,80,80,80,80,80,94,94,94,94,94,94,94,94,94,94,94,94,94,94,94],"card_choices":[{"not_picked":["Gash","Barrage"],"picked":"Turbo","floor":0.0},{"not_picked":["Go for the Eyes","Rebound"],"picked":"Gash","floor":1.0},{"not_picked":["Barrage","Heatsinks"],"picked":"Leap","floor":2.0},{"not_picked":["Hologram","Steam"],"picked":"Self Repair","floor":4.0},{"not_picked":["Force Field","Barrage","Lockon"],"picked":"SKIP","floor":6.0},{"not_picked":["Glacier","Lockon"],"picked":"Reinforced Body","floor":7.0},{"not_picked":["Barrage","Storm","Stack"],"picked":"SKIP","floor":11.0},{"not_picked":["Undo","Steam Power"],"picked":"Hologram","floor":14.0},{"not_picked":["Thunder Strike","Meteor Strike"],"picked":"Reboot","floor":16.0},{"not_picked":["Cold Snap","Sweeping Beam+1"],"picked":"Reinforced Body+1","floor":18.0},{"not_picked":["Hello World+1","Go for the Eyes"],"picked":"Melter+1","floor":22.0},{"not_picked":["BootSequence","Go for the Eyes"],"picked":"Glacier+1","floor":24.0},{"not_picked":["Go for the Eyes+1","Streamline+1"],"picked":"Turbo+1","floor":29.0},{"not_picked":["Beam Cell","Redo+1","Capacitor"],"picked":"SKIP","floor":31.0},{"not_picked":["Multi-Cast","Echo Form"],"picked":"Meteor Strike","floor":33.0},{"not_picked":["Sweeping Beam","Stack","Compile Driver"],"picked":"SKIP","floor":35.0},{"not_picked":["Compile Driver","Undo"],"picked":"Rebound+1","floor":36.0},{"not_picked":["Barrage","Blizzard+1","Stack"],"picked":"SKIP","floor":37.0},{"not_picked":["Turbo","Compile Driver"],"picked":"Reboot","floor":38.0},{"not_picked":["Genetic Algorithm","Static Discharge+1"],"picked":"Streamline+1","floor":41.0},{"not_picked":["Turbo","Leap","Defragment"],"picked":"SKIP","floor":45.0},{"not_picked":["Doom and Gloom+1","Rebound","Beam Cell+1"],"picked":"SKIP","floor":47.0},{"not_picked":["Rip and Tear","Scrape+1"],"picked":"Stack+1","floor":49.0}],"player_experience":125432,"relics_obtained":[{"floor":9.0,"key":"Dodecahedron"},{"floor":24.0,"key":"Torii"},{"floor":26.0,"key":"Bottled Lightning"},{"floor":36.0,"key":"Mango"},{"floor":43.0,"key":"Centennial Puzzle"},{"floor":47.0,"key":"Dream Catcher"}],"event_choices":[{"damage_healed":0.0,"max_hp_gain":0.0,"max_hp_loss":0.0,"gold_gain":0.0,"event_name":"FaceTrader","player_choice":"Trade","floor":12.0,"gold_loss":0.0,"damage_taken":0.0,"relics_obtained":["SsserpentHead"]},{"damage_healed":0.0,"max_hp_gain":0.0,"max_hp_loss":0.0,"gold_gain":0.0,"event_name":"The Mausoleum","player_choice":"Opened","floor":19.0,"gold_loss":0.0,"damage_taken":0.0,"relics_obtained":["Anchor"]},{"damage_healed":0.0,"max_hp_gain":0.0,"max_hp_loss":0.0,"gold_gain":0.0,"event_name":"Ghosts","player_choice":"Ignored","floor":20.0,"gold_loss":0.0,"damage_taken":0.0},{"damage_healed":0.0,"max_hp_gain":5.0,"max_hp_loss":0.0,"gold_gain":0.0,"event_name":"Forgotten Altar","player_choice":"Shed Blood","floor":21.0,"gold_loss":0.0,"damage_taken":19.0},{"damage_healed":0.0,"max_hp_gain":0.0,"max_hp_loss":0.0,"gold_gain":0.0,"event_name":"Mysterious Sphere","player_choice":"Fight","floor":36.0,"gold_loss":0.0,"damage_taken":0.0},{"damage_healed":0.0,"max_hp_gain":0.0,"max_hp_loss":0.0,"gold_gain":999.0,"event_name":"MindBloom","player_choice":"Gold","floor":39.0,"gold_loss":0.0,"damage_taken":0.0,"cards_obtained":["Normality","Normality"]}],"is_beta":false,"boss_relics":[{"not_picked":["Velvet Choker","Cursed Key"],"picked":"Pandora\u0027s Box"},{"not_picked":["FrozenCore","Black Star"],"picked":"Lizard Tail"}],"items_purged_floors":[40,48],"is_endless":false,"potions_floor_spawned":[2,11,14,18,22,29,33,35,36,45,47],"ascension_level":0}