{"gold_per_floor":[115,115,115,134,134,172,172,172,223,223,239,277,298,5,5,124,124,139,139,139,163,34,34,77,77,77,97,97,115,146,146,146,266,266,282,282,15,15,15,15,58,76,76,101,141,16,52,78,78,78],"floor_reached":51,"playtime":3560,"items_purged":["Pain","Strike_R","Clash"],"score":997,"play_id":"c0be6949-7a2f-476c-9547-05774b393ada","local_time":"20180928030921","is_ascension_mode":true,"campfire_choices":[{"data":"Offering","floor":15,"key":"SMITH"},{"data":"Whirlwind","floor":23,"key":"SMITH"},{"data":"Dark Embrace","floor":25,"key":"SMITH"},{"data":"1","floor":28,"key":"LIFT"},{"data":"RitualDagger","floor":32,"key":"SMITH"},{"data":"2","floor":40,"key":"LIFT"},{"data":"3","floor":49,"key":"LIFT"}],"neow_cost":"TEN_PERCENT_HP_LOSS","seed_source_timestamp":845084860362877,"circlet_count":0,"master_deck":["Strike_R","Defend_R","Defend_R","Defend_R","Bash","Clash","Brutality","Pommel Strike","Limit Break","Seeing Red","Sever Soul","Offering+1","Dark Embrace+1","Seeing Red","J.A.X.","RitualDagger+1","Burning Pact+1","Whirlwind+1","Flex","Clothesline+1","Feel No Pain","Headbutt+1","Disarm","Necronomicurse","Impervious","Rupture","Trip","Chrysalis","Madness","Exhume","Enlightenment","Warcry","Reckless Charge+1","Perfected Strike","True Grit+1","Infernal Blade"],"relics":["Burning Blood","Golden Idol","Meat on the Bone","Strawberry","Dead Branch","Orichalcum","WarpedTongs","Gremlin Horn","Chemical X","Runic Pyramid","Calipers","Girya","Unceasing Top","Necronomicon","Busted Crown","Matryoshka","Bag of Preparation","Ancient Tea Set","Ginger","Potion Belt","Shuriken","Pen Nib"],"potions_floor_usage":[6,13,16,27,30,30,33,42,44,47,50],"damage_taken":[{"damage":3,"enemies":"Small Slimes","floor":1,"turns":7},{"damage":1,"enemies":"2 Louse","floor":4,"turns":2},{"damage":37,"enemies":"Lagavulin","floor":6,"turns":6},{"damage":3,"enemies":"Jaw Worm","floor":11,"turns":4},{"damage":20,"enemies":"3 Sentries","floor":12,"turns":6},{"damage":10,"enemies":"Large Slime","floor":13,"turns":4},{"damage":34,"enemies":"The Guardian","floor":16,"turns":6},{"damage":30,"enemies":"Spheric Guardian","floor":18,"turns":4},{"damage":9,"enemies":"Chosen","floor":21,"turns":2},{"damage":24,"enemies":"Slavers","floor":24,"turns":2},{"damage":14,"enemies":"Shelled Parasite and Fungi","floor":27,"turns":2},{"damage":12,"enemies":"Chosen and Byrds","floor":29,"turns":4},{"damage":25,"enemies":"Book of Stabbing","floor":30,"turns":4},{"damage":23,"enemies":"Champ","floor":33,"turns":7},{"damage":3,"enemies":"Orb Walker","floor":35,"turns":2},{"damage":27,"enemies":"2 Orb Walkers","floor":41,"turns":3},{"damage":34,"enemies":"3 Shapes","floor":42,"turns":5},{"damage":0,"enemies":"Reptomancer","floor":44,"turns":2},{"damage":9,"enemies":"Nemesis","floor":45,"turns":1},{"damage":23,"enemies":"2 Orb Walkers","floor":47,"turns":3},{"damage":18,"enemies":"Awakened One","floor":50,"turns":11}],"seed_played":"8988828364798741762","potions_obtained":[{"floor":4,"key":"Strength Potion"},{"floor":8,"key":"Poison Potion"},{"floor":12,"key":"Fire Potion"},{"floor":13,"key":"Regen Potion"},{"floor":18,"key":"Strength Potion"},{"floor":24,"key":"Explosive Potion"},{"floor":30,"key":"GamblersBrew"},{"floor":33,"key":"BloodPotion"},{"floor":41,"key":"SpeedPotion"},{"floor":44,"key":"Regen Potion"},{"floor":45,"key":"EssenceOfSteel"}],"is_trial":false,"path_per_floor":["M","?","?","M","?","E","T","?","T","?","M","E","M","$","R","B",null,"M","?","?","M","$","R","E","R","T","M","R","M","E","?","R","B",null,"M","?","$","?","$","R","E","M","T","M","E","$","E","T","R","B"],"character_chosen":"IRONCLAD","items_purchased":["Clash","Chemical X","Whirlwind","Flex","Exhume","Enlightenment"],"campfire_rested":0,"item_purchase_floors":[14,14,22,22,37,37],"current_hp_per_floor":[72,72,54,59,41,29,29,29,29,29,44,42,50,50,50,43,79,55,55,49,46,46,46,43,43,43,59,59,53,46,30,30,25,82,82,72,72,72,72,72,51,43,43,49,58,58,58,58,58,66],"gold":78,"neow_bonus":"REMOVE_TWO","is_prod":false,"is_daily":false,"chose_seed":false,"campfire_upgraded":4,"win_rate":0,"timestamp":1538078961,"path_taken":["M","?","?","?","?","E","?","?","T","?","M","E","M","$","R","BOSS","M","?","?","M","$","R","E","R","T","?","R","M","E","?","R","BOSS","M","?","?","?","?","R","E","?","T","?","E","$","E","?","R","BOSS"],"build_version":"2018-09-20","purchased_purges":3,"victory":true,"max_hp_per_floor":[72,72,72,72,72,79,79,79,79,79,79,79,79,79,79,79,79,79,79,79,79,79,79,82,82,82,82,82,82,82,82,82,82,82,82,82,82,82,82,82,82,82,82,82,82,82,82,82,82,82],"card_choices":[{"not_picked":["Perfected Strike","Rampage"],"picked":"Clash","floor":1},{"not_picked":["Flex","Body Slam"],"picked":"Pommel Strike","floor":4},{"not_picked":["Hemokinesis","Clothesline"],"picked":"Limit Break","floor":6},{"not_picked":["True Grit","Thunderclap"],"picked":"Seeing Red","floor":11},{"not_picked":["Seeing Red","Thunderclap"],"picked":"Sever Soul","floor":12},{"not_picked":["Heavy Blade","Armaments"],"picked":"Offering","floor":13},{"not_picked":["Berserk","Bludgeon"],"picked":"Dark Embrace","floor":16},{"not_picked":["Twin Strike","Perfected Strike"],"picked":"Seeing Red","floor":18},{"not_picked":["Wild Strike","Flex"],"picked":"Burning Pact+1","floor":21},{"not_picked":["Twin Strike","Evolve"],"picked":"Clothesline+1","floor":24},{"not_picked":["Power Through+1","Cleave+1"],"picked":"Feel No Pain","floor":27},{"not_picked":["Immolate","Inflame"],"picked":"Headbutt+1","floor":29},{"not_picked":["Brutality","Bludgeon"],"picked":"Disarm","floor":30},{"not_picked":["Barricade","Bludgeon"],"picked":"Impervious","floor":33},{"not_picked":[],"picked":"Rupture","floor":35},{"not_picked":[],"picked":"Trip","floor":36},{"not_picked":[],"picked":"Chrysalis","floor":36},{"not_picked":[],"picked":"Madness","floor":36},{"not_picked":[],"picked":"Reckless Charge+1","floor":41},{"not_picked":[],"picked":"Perfected Strike","floor":42},{"not_picked":["Searing Blow"],"picked":"SKIP","floor":44},{"not_picked":[],"picked":"True Grit+1","floor":45},{"not_picked":[],"picked":"Infernal Blade","floor":47}],"player_experience":219682,"relics_obtained":[{"floor":6,"key":"Strawberry"},{"floor":7,"key":"Dead Branch"},{"floor":9,"key":"Orichalcum"},{"floor":12,"key":"Gremlin Horn"},{"floor":24,"key":"Calipers"},{"floor":26,"key":"Girya"},{"floor":30,"key":"Unceasing Top"},{"floor":31,"key":"Necronomicon"},{"floor":41,"key":"Matryoshka"},{"floor":43,"key":"Bag of Preparation"},{"floor":43,"key":"Ancient Tea Set"},{"floor":45,"key":"Ginger"},{"floor":47,"key":"Potion Belt"},{"floor":48,"key":"Shuriken"},{"floor":48,"key":"Pen Nib"}],"event_choices":[{"event_name":"Living Wall","player_choice":"Change","floor":2,"damage_taken":0},{"event_name":"Golden Idol","player_choice":"Take Damage","floor":3,"damage_taken":0},{"event_name":"Scrap Ooze","player_choice":"success","floor":5,"damage_taken":18},{"event_name":"The Lab","player_choice":"Got Potions","floor":8,"damage_taken":0},{"event_name":"Accursed Blacksmith","player_choice":"Rummage","floor":10,"damage_taken":0},{"event_name":"Drug Dealer","player_choice":"Got JAX","floor":19,"damage_taken":0},{"event_name":"Nest","player_choice":"Joined the Cult","floor":20,"damage_taken":0},{"event_name":"Cursed Tome","player_choice":"Obtained Book","floor":31,"damage_taken":0},{"event_name":"SensoryStone","player_choice":"Memory 3","floor":36,"damage_taken":0},{"event_name":"Transmorgrifier","player_choice":"Transform","floor":38,"damage_taken":0}],"is_beta":false,"boss_relics":[{"not_picked":["Calling Bell","Sozu"],"picked":"Runic Pyramid"},{"not_picked":["White Beast Statue","Orrery"],"picked":"Busted Crown"}],"items_purged_floors":[14,37,46],"is_endless":false,"potions_floor_spawned":[4,12,13,18,24,30,33,41,44,45],"ascension_level":3}