{"gold_per_floor":[114,126,139,159,172,172,198,178,178,192,192,212,84,94,94,94],"floor_reached":16,"playtime":716,"items_purged":["Strike_G"],"score":186,"play_id":"90d3b2ec-42c8-4b2b-89c7-cd1aba18a73d","local_time":"20190119173542","is_ascension_mode":true,"campfire_choices":[{"data":"Poisoned Stab","floor":6,"key":"SMITH"},{"data":"Dodge and Roll","floor":11,"key":"SMITH"},{"data":"Cloak And Dagger","floor":15,"key":"SMITH"}],"neow_cost":"NONE","seed_source_timestamp":777520275302800,"circlet_count":0,"master_deck":["AscendersBane","Defend_G","Defend_G","Defend_G","Defend_G","Defend_G","Strike_G","Strike_G","Strike_G","Strike_G","Survivor","Neutralize+1","Poisoned Stab+1","PiercingWail","Dodge and Roll+1","Dagger Spray","Deflect","Acrobatics","Bane","Cloak And Dagger+1"],"relics":["Ring of the Snake","Omamori","Ninja Scroll"],"potions_floor_usage":[7,16],"damage_taken":[{"damage":0,"enemies":"Cultist","floor":1,"turns":4},{"damage":0,"enemies":"Jaw Worm","floor":2,"turns":6},{"damage":12,"enemies":"Small Slimes","floor":3,"turns":3},{"damage":0,"enemies":"Blue Slaver","floor":4,"turns":7},{"damage":1,"enemies":"Looter","floor":5,"turns":5},{"damage":28,"enemies":"Lagavulin","floor":7,"turns":8},{"damage":0,"enemies":"2 Fungi Beasts","floor":10,"turns":2},{"damage":2,"enemies":"Red Slaver","floor":12,"turns":5},{"damage":2,"enemies":"Large Slime","floor":14,"turns":8},{"damage":14,"enemies":"Hexaghost","floor":16,"turns":11}],"seed_played":"-3876802898629700483","potions_obtained":[{"floor":1,"key":"Swift Potion"},{"floor":3,"key":"GhostInAJar"},{"floor":7,"key":"SteroidPotion"},{"floor":8,"key":"Energy Potion"}],"is_trial":false,"path_per_floor":["M","M","M","M","M","R","E","?","T","M","R","M","$","M","R","B"],"character_chosen":"THE_SILENT","items_purchased":["Cloak And Dagger"],"campfire_rested":0,"item_purchase_floors":[13],"current_hp_per_floor":[59,59,47,47,46,46,18,18,18,18,18,16,16,14,14,0],"gold":94,"neow_bonus":"UPGRADE_CARD","is_prod":false,"is_daily":false,"chose_seed":false,"campfire_upgraded":3,"win_rate":0,"timestamp":1547890542,"path_taken":["M","M","M","?","M","R","E","?","T","M","R","?","$","M","R","BOSS"],"build_version":"2019-01-17v2","purchased_purges":1,"victory":false,"max_hp_per_floor":[66,66,66,66,66,66,66,66,66,66,66,66,66,66,66,66],"card_choices":[{"not_picked":["Outmaneuver","Backflip"],"picked":"Poisoned Stab","floor":1},{"not_picked":["Poisoned Stab","Outmaneuver"],"picked":"PiercingWail","floor":2},{"not_picked":["Outmaneuver","Reflex"],"picked":"Dodge and Roll","floor":3},{"not_picked":["Acrobatics","Outmaneuver"],"picked":"Dagger Spray","floor":4},{"not_picked":["Outmaneuver","Blade Dance"],"picked":"Deflect","floor":5},{"not_picked":["Prepared","Catalyst"],"picked":"Acrobatics","floor":7},{"not_picked":["PiercingWail","Eviscerate","Riddle With Holes"],"picked":"SKIP","floor":10},{"not_picked":["Venomology","Terror"],"picked":"Bane","floor":12},{"not_picked":["Heel Hook","Quick Slash","Deflect"],"picked":"SKIP","floor":14}],"player_experience":660211,"relics_obtained":[{"floor":7,"key":"Omamori"},{"floor":9,"key":"Ninja Scroll"}],"event_choices":[{"damage_healed":0,"gold_gain":0,"player_choice":"Bought 1 Potion","damage_taken":0,"max_hp_gain":0,"max_hp_loss":0,"event_name":"The Woman in Blue","floor":8,"gold_loss":0}],"is_beta":false,"boss_relics":[],"items_purged_floors":[13],"is_endless":false,"potions_floor_spawned":[1,3,7,10],"killed_by":"Hexaghost","ascension_level":15}