{"gold_per_floor":[16,16,16,16,30,30,30,30,30,30,42,42,60,78,78,78],"floor_reached":16,"playtime":1242,"items_purged":[],"score":117,"play_id":"2ecd5a6a-fe23-436b-abad-7519cadd7f48","local_time":"20190215164025","is_ascension_mode":true,"campfire_choices":[{"data":"Entrench","floor":6,"key":"SMITH"},{"data":"Shrug It Off","floor":8,"key":"SMITH"},{"data":"Bash","floor":10,"key":"SMITH"},{"data":"Havoc","floor":12,"key":"SMITH"},{"floor":15,"key":"REST"}],"neow_cost":"NO_GOLD","seed_source_timestamp":238187568462966,"circlet_count":0,"master_deck":["Strike_R","Strike_R","Strike_R","Defend_R","Defend_R","Defend_R","Defend_R","Bash+1","Shrug It Off+1","Pain","Entrench+1","Havoc+1","Havoc"],"relics":["Burning Blood","WarpedTongs","Question Card"],"potions_floor_usage":[16],"damage_taken":[{"damage":10,"enemies":"Cultist","floor":1,"turns":5},{"damage":7,"enemies":"Jaw Worm","floor":5,"turns":3},{"damage":13,"enemies":"Small Slimes","floor":11,"turns":7},{"damage":14,"enemies":"Red Slaver","floor":13,"turns":7},{"damage":7,"enemies":"3 Louse","floor":14,"turns":5},{"damage":5,"enemies":"Hexaghost","floor":16,"turns":60}],"seed_played":"8274808266831465141","potions_obtained":[{"floor":1,"key":"SpeedPotion"},{"floor":11,"key":"PowerPotion"}],"is_trial":false,"path_per_floor":["M","$","?","$","M","R","$","R","T","R","M","R","M","M","R","B"],"character_chosen":"IRONCLAD","items_purchased":[],"campfire_rested":1,"item_purchase_floors":[],"current_hp_per_floor":[68,68,68,68,67,67,67,67,67,67,60,60,52,51,75,70],"gold":78,"neow_bonus":"REMOVE_TWO","is_prod":false,"is_daily":false,"chose_seed":false,"campfire_upgraded":4,"win_rate":0,"timestamp":1550270425,"path_taken":["M","?","?","$","M","R","$","R","T","R","M","R","M","M","R","BOSS"],"build_version":"2019-01-23","purchased_purges":0,"victory":false,"max_hp_per_floor":[80,80,80,80,80,80,80,80,80,80,80,80,80,80,80,80],"card_choices":[{"not_picked":["Evolve","Spot Weakness"],"picked":"Shrug It Off","floor":1},{"not_picked":["Heavy Blade","Clash"],"picked":"Entrench","floor":5},{"not_picked":["Clothesline","Seeing Red","Perfected Strike"],"picked":"Havoc","floor":11},{"not_picked":["Power Through","Wild Strike","Searing Blow","Evolve"],"picked":"SKIP","floor":13},{"not_picked":["Pommel Strike","Headbutt","Wild Strike"],"picked":"Havoc","floor":14}],"player_experience":1365912,"relics_obtained":[{"floor":9,"key":"Question Card"}],"event_choices":[{"damage_healed":0,"gold_gain":0,"player_choice":"Rummage","damage_taken":0,"relics_obtained":["WarpedTongs"],"max_hp_gain":0,"max_hp_loss":0,"event_name":"Accursed Blacksmith","floor":3,"gold_loss":0,"cards_obtained":["Pain"]}],"is_beta":false,"boss_relics":[],"items_purged_floors":[],"is_endless":false,"potions_floor_spawned":[1,11],"killed_by":"Hexaghost","ascension_level":6}