{"path_per_floor":["M","M","M","M","?","E","?","R","T","M","R","M","?","M","R","B",null,"M","?","$","?","M","R","M","R","T","?","M","$","?","M","R","B",null,"M","?","M","?","M","R","?","R","T","?","M","R","T","M","R","B"],"character_chosen":"IRONCLAD","items_purchased":["Vajra","Bludgeon","Happy Flower","Limit Break"],"gold_per_floor":[114,128,141,157,218,243,243,243,319,333,333,351,451,467,467,569,569,580,580,193,283,298,298,316,316,316,316,331,36,36,46,46,148,148,164,164,174,174,186,186,146,146,146,146,165,165,165,182,182,182],"floor_reached":51,"campfire_rested":6,"playtime":10519,"current_hp_per_floor":[88,83,76,70,70,51,51,51,51,54,54,49,49,53,53,35,88,88,73,73,57,25,52,39,66,66,66,64,64,64,56,83,20,93,81,71,46,46,50,77,77,77,77,77,54,81,88,45,75,46],"items_purged":["Strike_R"],"gold":182,"play_id":"7b8f43e6-e320-4182-a9cd-c0553bc7a1f3","is_prod":false,"is_daily":false,"is_ascension_mode":false,"campfire_upgraded":4,"path_taken":["M","M","M","M","?","E","?","R","T","?","R","M","?","M","R","BOSS","M","?","$","?","M","R","?","R","T","?","M","$","?","M","R","BOSS","M","?","M","?","M","R","?","R","T","?","M","R","?","?","R","BOSS"],"build_version":"2018-02-01-PROD3","purchased_purges":3,"victory":true,"master_deck":["Strike_R","Strike_R","Strike_R","Defend_R","Defend_R","Defend_R","Defend_R","Bash","Flex+1","Thunderclap","Heavy Blade+1","Blood for Blood","Flex+1","Spot Weakness","Armaments+1","Offering","Shrug It Off","Seeing Red","Cleave","Whirlwind","Power Through","Rupture","Bludgeon","Reaper","Offering","Limit Break+1","Writhe","Spot Weakness+1","Madness","Madness","Iron Wave+1","Heavy Blade+1","Whirlwind+1","Seeing Red+1","Battle Trance"],"max_hp_per_floor":[88,88,88,88,88,88,88,88,88,88,88,88,88,88,88,88,88,88,93,93,93,93,93,93,93,93,93,93,93,93,93,93,93,93,93,93,93,93,93,93,93,93,93,93,93,93,100,100,100,100],"relics":["Burning Blood","Torii","Ornamental Fan","Orrery","Vajra","Charon\u0027s Ashes","Happy Flower","Dream Catcher","Lizard Tail","Red Skull","Strawberry"],"card_choices":[{"not_picked":["Warcry","Thunderclap"],"picked":"Flex"},{"not_picked":["Metallicize","Sever Soul"],"picked":"Thunderclap"},{"not_picked":["Clothesline","Metallicize"],"picked":"Heavy Blade"},{"not_picked":["Iron Wave","Cleave"],"picked":"Blood for Blood"},{"not_picked":["Shockwave","Clash"],"picked":"Flex"},{"not_picked":["Berserk","Rampage"],"picked":"Spot Weakness"},{"not_picked":["Warcry","Clothesline"],"picked":"Armaments"},{"not_picked":["Berserk","Barricade"],"picked":"Offering"},{"not_picked":["Flex","True Grit"],"picked":"Shrug It Off"},{"not_picked":["Clash","Dropkick"],"picked":"Seeing Red"},{"not_picked":["Anger","Spot Weakness"],"picked":"Cleave"},{"not_picked":["Body Slam","Pommel Strike"],"picked":"Whirlwind"},{"not_picked":["Body Slam","Flame Barrier"],"picked":"Power Through"},{"not_picked":["Clash","Second Wind"],"picked":"Rupture"},{"not_picked":["Clash","Thunderclap"],"picked":"Reaper"},{"not_picked":["Pummel","Headbutt"],"picked":"Spot Weakness"},{"not_picked":["Armaments","Twin Strike"],"picked":"Iron Wave"},{"not_picked":["Reckless Charge","Clash"],"picked":"Heavy Blade"},{"not_picked":["Thunderclap","Perfected Strike"],"picked":"Whirlwind"},{"not_picked":["Rage","Corruption"],"picked":"Seeing Red"},{"not_picked":["Reckless Charge","Flex"],"picked":"Battle Trance"}],"player_experience":9907,"potions_floor_usage":[33,39,48,50,50,50],"damage_taken":[{"damage":0,"enemies":"Small Slimes","floor":1,"turns":3},{"damage":11,"enemies":"2 Louse","floor":2,"turns":3},{"damage":13,"enemies":"Blue Slaver","floor":3,"turns":5},{"damage":12,"enemies":"2 Fungi Beasts","floor":4,"turns":4},{"damage":25,"enemies":"3 Sentries","floor":6,"turns":7},{"damage":3,"enemies":"Lots of Slimes","floor":10,"turns":3},{"damage":11,"enemies":"Exordium Wildlife","floor":12,"turns":3},{"damage":2,"enemies":"3 Louse","floor":14,"turns":3},{"damage":24,"enemies":"The Guardian","floor":16,"turns":6},{"damage":4,"enemies":"Chosen","floor":18,"turns":5},{"damage":38,"enemies":"3 Byrds","floor":22,"turns":4},{"damage":19,"enemies":"Snake Plant","floor":24,"turns":2},{"damage":8,"enemies":"3 Cultists","floor":28,"turns":2},{"damage":19,"enemies":"Snecko","floor":31,"turns":5},{"damage":88,"enemies":"Champ","floor":33,"turns":10},{"damage":18,"enemies":"Orb Walker","floor":35,"turns":2},{"damage":31,"enemies":"3 Darklings","floor":37,"turns":4},{"damage":17,"enemies":"Sphere and 2 Shapes","floor":39,"turns":3},{"damage":29,"enemies":"4 Shapes","floor":45,"turns":2},{"damage":55,"enemies":"Maw","floor":48,"turns":7},{"damage":65,"enemies":"Awakened One","floor":50,"turns":9}],"event_choices":[{"event_name":"Golden Wing","player_choice":"Gained Gold","floor":5,"damage_taken":0},{"event_name":"Accursed Blacksmith","player_choice":"Forge","floor":7,"damage_taken":0},{"event_name":"Golden Shrine","player_choice":"Pray","floor":13,"damage_taken":0},{"event_name":"Forgotten Altar","player_choice":"Shed Blood","floor":19,"damage_taken":0},{"event_name":"Knowing Skull","player_choice":"GOLD ","floor":21,"damage_taken":0},{"event_name":"Duplicator","player_choice":"One dupe","floor":27,"damage_taken":0},{"event_name":"The Mausoleum","player_choice":"Yes","floor":30,"damage_taken":0},{"event_name":"Winding Halls","player_choice":"Embrace Madness","floor":36,"damage_taken":0},{"event_name":"Mysterious Sphere","player_choice":"Ignore","floor":38,"damage_taken":0},{"event_name":"The Woman in Blue","player_choice":"Bought 3 Potions","floor":41,"damage_taken":0}],"boss_relics":[{"not_picked":["Cursed Key","White Beast Statue"],"picked":"Orrery"},{"not_picked":["Eternal Feather","Philosopher\u0027s Stone"],"picked":"Lizard Tail"}],"potions_floor_spawned":[2,10,12,14,18,31,33,39,48],"seed_played":"1844000615855106695","ascension_level":0,"is_trial":false}