{"gold_per_floor":[115,35,35,35,45,45,45,58,58,69,69,85,5,5,5,101,101,112,128,144,69,88,88,101,101,181,0,11,11,11,11,11,108,108,124,142,142,153,173,173,185,185],"floor_reached":42,"playtime":4588,"items_purged":[],"score":442,"play_id":"83e25f57-55c1-46d9-a5d5-01c335a6167e","local_time":"20190130003805","is_ascension_mode":false,"campfire_choices":[{"data":"Infinite Blades","floor":6,"key":"SMITH"},{"data":"Crippling Poison","floor":11,"key":"SMITH"},{"data":"Infinite Blades","floor":15,"key":"SMITH"},{"floor":23,"key":"REST"},{"floor":25,"key":"REST"},{"floor":32,"key":"REST"},{"floor":40,"key":"REST"}],"neow_cost":"NONE","seed_source_timestamp":987094775505187,"circlet_count":0,"master_deck":["Defend_G","Defend_G","Defend_G","Defend_G","Defend_G","Strike_G","Strike_G","Strike_G","Strike_G","Neutralize","Infinite Blades+1","Infinite Blades+1","Crippling Poison+1","Backstab+1","Heel Hook","Backstab","Die Die Die","Blade Dance+1","Deadly Poison+1","Predator+1","Calculated Gamble","Heel Hook","Poisoned Stab+1","Noxious Fumes","Outmaneuver","Bullet Time","Ghostly","Ghostly","Ghostly","Ghostly","Ghostly","Iron Wave","Tools of the Trade","Terror+1","Leg Sweep+1","Deadly Poison"],"relics":["Ring of the Snake","NeowsBlessing","CultistMask","Sundial","Astrolabe","Ornamental Fan","WristBlade"],"potions_floor_usage":[16,22,33,41,41,41,42],"damage_taken":[{"damage":0,"enemies":"2 Louse","floor":1,"turns":2},{"damage":0,"enemies":"Jaw Worm","floor":5,"turns":1},{"damage":0,"enemies":"Cultist","floor":8,"turns":1},{"damage":9,"enemies":"2 Fungi Beasts","floor":10,"turns":4},{"damage":1,"enemies":"Gremlin Gang","floor":12,"turns":3},{"damage":31,"enemies":"Slime Boss","floor":16,"turns":11},{"damage":5,"enemies":"Chosen","floor":18,"turns":3},{"damage":5,"enemies":"3 Byrds","floor":19,"turns":3},{"damage":26,"enemies":"Centurion and Healer","floor":20,"turns":7},{"damage":17,"enemies":"3 Cultists","floor":22,"turns":4},{"damage":31,"enemies":"Snake Plant","floor":24,"turns":4},{"damage":26,"enemies":"Shelled Parasite and Fungi","floor":28,"turns":5},{"damage":4,"enemies":"Automaton","floor":33,"turns":10},{"damage":14,"enemies":"Orb Walker","floor":35,"turns":3},{"damage":2,"enemies":"3 Shapes","floor":36,"turns":6},{"damage":1,"enemies":"Spire Growth","floor":38,"turns":5},{"damage":14,"enemies":"3 Darklings","floor":39,"turns":6},{"damage":13,"enemies":"Sphere and 2 Shapes","floor":41,"turns":4},{"damage":11,"enemies":"Jaw Worm Horde","floor":42,"turns":1}],"seed_played":"-9201214382895385267","potions_obtained":[{"floor":1,"key":"Fire Potion"},{"floor":8,"key":"GamblersBrew"},{"floor":19,"key":"Strength Potion"},{"floor":20,"key":"Fruit Juice"},{"floor":33,"key":"Poison Potion"},{"floor":38,"key":"Poison Potion"},{"floor":41,"key":"Swift Potion"}],"is_trial":false,"path_per_floor":["?","?","?","M","?","M","?","?","?","M","M","M"],"character_chosen":"THE_SILENT","items_purchased":["Infinite Blades","Backstab","Noxious Fumes"],"campfire_rested":4,"item_purchase_floors":[2,13,21],"current_hp_per_floor":[70,70,70,70,70,70,70,70,70,61,61,60,60,60,60,29,70,65,60,34,34,22,44,13,35,35,35,9,9,9,9,20,16,37,23,21,21,20,6,17,4,0],"gold":185,"neow_bonus":"THREE_ENEMY_KILL","is_prod":false,"is_daily":false,"chose_seed":false,"campfire_upgraded":3,"win_rate":0.0,"timestamp":1548805085,"path_taken":["M","$","?","?","M","R","?","M","T","?","R","M","$","?","R","BOSS","M","M","?","$","M","R","M","R","T","?","M","?","?","$","R","BOSS","M","?","$","?","M","R","?","M"],"build_version":"2019-01-23","purchased_purges":0,"victory":false,"max_hp_per_floor":[70,70,70,70,70,70,70,70,70,70,70,70,70,70,70,70,70,70,70,70,70,75,75,75,75,75,75,75,37,37,37,37,37,37,37,37,37,37,37,37,37,37],"card_choices":[{"not_picked":["Caltrops","All Out Attack"],"picked":"Infinite Blades","floor":1},{"not_picked":["Leg Sweep","Calculated Gamble"],"picked":"Crippling Poison","floor":5},{"not_picked":["Finisher","Bouncing Flask"],"picked":"Underhanded Strike","floor":8},{"not_picked":["PiercingWail","Prepared"],"picked":"Backstab","floor":10},{"not_picked":["Sucker Punch","Outmaneuver"],"picked":"Heel Hook","floor":12},{"not_picked":["Phantasmal Killer","After Image"],"picked":"Die Die Die","floor":16},{"not_picked":["Acrobatics","Flechettes+1"],"picked":"Calculated Gamble","floor":18},{"not_picked":["Acrobatics","Reflex"],"picked":"Heel Hook","floor":19},{"not_picked":["Finisher+1","Backflip"],"picked":"Poisoned Stab+1","floor":20},{"not_picked":["Footwork","Prepared+1"],"picked":"Outmaneuver","floor":22},{"not_picked":["Eviscerate","Bouncing Flask"],"picked":"Bullet Time","floor":24},{"not_picked":["Sucker Punch+1","Underhanded Strike"],"picked":"Terror","floor":28},{"not_picked":["Venomology","Night Terror"],"picked":"Tools of the Trade","floor":33},{"not_picked":["Prepared+1","Predator+1","Riddle With Holes+1"],"picked":"SKIP","floor":35},{"not_picked":["Acrobatics","Prepared"],"picked":"Terror+1","floor":36},{"not_picked":["Dagger Throw+1","Acrobatics+1","Backflip"],"picked":"SKIP","floor":38},{"not_picked":["Terror","Underhanded Strike+1"],"picked":"Leg Sweep+1","floor":39},{"not_picked":["Underhanded Strike+1","Flying Knee"],"picked":"Deadly Poison","floor":41}],"player_experience":11244,"relics_obtained":[{"floor":9,"key":"Sundial"},{"floor":26,"key":"Ornamental Fan"}],"event_choices":[{"damage_healed":0,"gold_gain":0,"player_choice":"Ignored","damage_taken":0,"max_hp_gain":0,"max_hp_loss":0,"event_name":"Liars Game","floor":3,"gold_loss":0},{"damage_healed":0,"gold_gain":0,"player_choice":"Ignored","damage_taken":0,"max_hp_gain":0,"max_hp_loss":0,"event_name":"Shining Light","floor":4,"gold_loss":0},{"damage_healed":0,"gold_gain":0,"player_choice":"Trade","damage_taken":0,"relics_obtained":["CultistMask"],"max_hp_gain":0,"max_hp_loss":0,"event_name":"FaceTrader","floor":7,"gold_loss":0},{"damage_healed":0,"gold_gain":0,"player_choice":"Forge","damage_taken":0,"max_hp_gain":0,"max_hp_loss":0,"event_name":"Accursed Blacksmith","floor":14,"gold_loss":0,"cards_upgraded":["Backstab"]},{"damage_healed":0,"gold_gain":0,"player_choice":"Paid Fearfully","damage_taken":0,"max_hp_gain":0,"max_hp_loss":0,"event_name":"Masked Bandits","floor":27,"gold_loss":181},{"damage_healed":0,"gold_gain":0,"player_choice":"Became a Ghost","damage_taken":0,"max_hp_gain":0,"max_hp_loss":38,"event_name":"Ghosts","floor":29,"gold_loss":0,"cards_obtained":["Ghostly","Ghostly","Ghostly","Ghostly","Ghostly"]},{"cards_removed":["Terror"],"damage_healed":0,"gold_gain":0,"player_choice":"Took Card","damage_taken":0,"max_hp_gain":0,"max_hp_loss":0,"event_name":"NoteForYourself","floor":30,"gold_loss":0,"cards_obtained":["Iron Wave"]}],"is_beta":false,"boss_relics":[{"not_picked":["Runic Dome","Orrery"],"picked":"Astrolabe"},{"not_picked":["Coffee Dripper","Philosopher\u0027s Stone"],"picked":"WristBlade"}],"items_purged_floors":[],"is_endless":false,"potions_floor_spawned":[1,8,19,20,33,38,41],"killed_by":"Jaw Worm Horde","ascension_level":0}