{"gold_per_floor":[119,139,314,264,264,291,135,135,135,162,25,41,61,78,78,182,182,193,193,22,22,39,39,54,54,101,113,128,68,84,99,99,99],"floor_reached":33,"playtime":3317,"items_purged":["Strike_B"],"score":309,"play_id":"d37f0076-df77-4798-850c-f47646123506","local_time":"20181231180636","is_ascension_mode":false,"campfire_choices":[{"floor":8,"key":"REST"},{"floor":15,"key":"REST"},{"floor":23,"key":"REST"},{"floor":25,"key":"REST"},{"floor":32,"key":"REST"}],"neow_cost":"NONE","seed_source_timestamp":79181549301999,"circlet_count":0,"master_deck":["Strike_B","Strike_B","Strike_B","Defend_B","Defend_B","Defend_B","Zap","Dualcast","Fission","Leap","Glacier","Rebound","Fusion","Sweeping Beam","Ball Lightning","Swift Strike","Sunder","Loop","Conserve Battery","Creative AI","Sunder","The Bomb","The Bomb","Self Repair","Steam+1","Skim","Gash","Go for the Eyes","Conserve Battery+1"],"relics":["Cracked Core","FossilizedHelix","Darkstone Periapt","Ornamental Fan","Incense Burner","Nuclear Battery","Regal Pillow"],"potions_floor_usage":[16,33,33,33],"damage_taken":[{"damage":5,"enemies":"Cultist","floor":1,"turns":4},{"damage":0,"enemies":"Small Slimes","floor":2,"turns":3},{"damage":47,"enemies":"Gremlin Nob","floor":6,"turns":6},{"damage":26,"enemies":"3 Sentries","floor":10,"turns":11},{"damage":0,"enemies":"Jaw Worm","floor":12,"turns":2},{"damage":16,"enemies":"Lots of Slimes","floor":13,"turns":4},{"damage":0,"enemies":"3 Louse","floor":14,"turns":4},{"damage":0,"enemies":"Slime Boss","floor":16,"turns":9},{"damage":23,"enemies":"Chosen","floor":18,"turns":5},{"damage":28,"enemies":"Shell Parasite","floor":22,"turns":6},{"damage":35,"enemies":"Centurion and Healer","floor":24,"turns":6},{"damage":8,"enemies":"Sentry and Sphere","floor":27,"turns":7},{"damage":1,"enemies":"Snecko","floor":28,"turns":6},{"damage":24,"enemies":"Cultist and Chosen","floor":30,"turns":7},{"damage":25,"enemies":"Shelled Parasite and Fungi","floor":31,"turns":6},{"damage":66,"enemies":"Automaton","floor":33,"turns":14}],"seed_played":"6066653961346366061","potions_obtained":[{"floor":1,"key":"Weak Potion"},{"floor":10,"key":"SkillPotion"},{"floor":13,"key":"Dexterity Potion"},{"floor":27,"key":"Block Potion"},{"floor":30,"key":"Regen Potion"}],"is_trial":false,"path_per_floor":["M","M","?","?","?","E","$","R","T","E","$","M","M","M","R","B",null,"M","?","$","?","M","R","M","R","T","M","M","?","M","M","R","B"],"character_chosen":"DEFECT","items_purchased":["Fusion","Ball Lightning","Swift Strike","The Bomb"],"campfire_rested":5,"item_purchase_floors":[7,11,11,20],"current_hp_per_floor":[70,70,70,70,70,23,23,45,45,19,19,19,3,3,25,25,75,52,52,52,52,24,46,18,40,40,39,45,45,28,3,40,0],"gold":99,"neow_bonus":"ONE_RANDOM_RARE_CARD","is_prod":false,"is_daily":false,"chose_seed":false,"campfire_upgraded":0,"win_rate":0.0,"timestamp":1546275996,"path_taken":["M","?","?","?","?","E","$","R","T","E","$","M","?","M","R","BOSS","M","?","$","?","?","R","M","R","T","M","M","?","M","M","R","BOSS"],"build_version":"2018-12-20","purchased_purges":1,"victory":false,"max_hp_per_floor":[75,75,75,75,75,75,75,75,75,75,75,75,75,75,75,75,75,75,75,75,75,75,75,75,75,75,75,75,75,75,75,75,75],"card_choices":[{"not_picked":["Melter","Barrage"],"picked":"Leap","floor":1},{"not_picked":["Gash","Hello World"],"picked":"Glacier","floor":2},{"not_picked":["Biased Cognition","Conserve Battery"],"picked":"Rebound","floor":6},{"not_picked":["Ball Lightning","Hologram"],"picked":"Sweeping Beam","floor":10},{"not_picked":["Conserve Battery","Ball Lightning"],"picked":"Sunder","floor":12},{"not_picked":["Gash","Barrage"],"picked":"Loop","floor":13},{"not_picked":["Steam Power","Hello World"],"picked":"Conserve Battery","floor":14},{"not_picked":["Fission","Seek"],"picked":"Creative AI","floor":16},{"not_picked":["Hologram","Tempest"],"picked":"Sunder","floor":18},{"not_picked":["Chill","Barrage"],"picked":"Self Repair","floor":22},{"not_picked":["Consume","Compile Driver"],"picked":"Steam+1","floor":24},{"not_picked":["Ball Lightning","Steam"],"picked":"Skim","floor":27},{"not_picked":["Compile Driver","Consume"],"picked":"Gash","floor":28},{"not_picked":["Reprogram","Cold Snap"],"picked":"Go for the Eyes","floor":30},{"not_picked":["Cold Snap","Go for the Eyes+1"],"picked":"Conserve Battery+1","floor":31}],"player_experience":99842,"relics_obtained":[{"floor":6,"key":"Darkstone Periapt"},{"floor":9,"key":"Ornamental Fan"},{"floor":10,"key":"Incense Burner"},{"floor":26,"key":"Regal Pillow"}],"event_choices":[{"damage_healed":0,"gold_gain":175,"player_choice":"AGREE","damage_taken":0,"max_hp_gain":0,"max_hp_loss":0,"event_name":"Liars Game","floor":3,"gold_loss":0,"cards_obtained":["Doubt"]},{"cards_removed":["Defend_B"],"damage_healed":0,"gold_gain":0,"player_choice":"Card Removal","damage_taken":0,"max_hp_gain":0,"max_hp_loss":0,"event_name":"The Cleric","floor":4,"gold_loss":50},{"damage_healed":0,"gold_gain":0,"player_choice":"Gave Potion","damage_taken":0,"relics_obtained":["FossilizedHelix"],"max_hp_gain":0,"max_hp_loss":0,"event_name":"WeMeetAgain","floor":5,"gold_loss":0},{"damage_healed":0,"gold_gain":0,"player_choice":"Ignored","damage_taken":0,"max_hp_gain":0,"max_hp_loss":0,"event_name":"Ghosts","floor":19,"gold_loss":0},{"damage_healed":0,"gold_gain":0,"player_choice":"Copied","damage_taken":0,"max_hp_gain":0,"max_hp_loss":0,"event_name":"Duplicator","floor":21,"gold_loss":0,"cards_obtained":["The Bomb"]},{"cards_removed":["Doubt"],"damage_healed":0,"gold_gain":0,"player_choice":"Single Remove","damage_taken":0,"max_hp_gain":0,"max_hp_loss":0,"event_name":"Designer","floor":29,"gold_loss":60}],"is_beta":false,"boss_relics":[{"not_picked":["Tiny House","Ectoplasm"],"picked":"Nuclear Battery"}],"items_purged_floors":[7],"is_endless":false,"potions_floor_spawned":[1,10,13,27,30,31],"killed_by":"Automaton","ascension_level":0}