{"gold_per_floor":[119,134,104,35,47,47,81,12,12,12,12,45,60,124,124,243,243,268,283,558,582,582,582,595,595],"floor_reached":25,"playtime":1696,"items_purged":[],"score":287,"play_id":"fd4854f2-7846-41ae-ae82-4d0d5509b79d","local_time":"20190220150119","is_ascension_mode":true,"campfire_choices":[{"data":"Zap","floor":6.0,"key":"SMITH"},{"floor":15.0,"key":"REST"},{"data":"Self Repair","floor":23.0,"key":"SMITH"}],"neow_cost":"NONE","seed_source_timestamp":480433877589188,"circlet_count":0,"master_deck":["Strike_B","Strike_B","Strike_B","Strike_B","Defend_B","Defend_B","Defend_B","Defend_B","Zap+1","Dualcast","Ball Lightning","Defragment","Self Repair+1","Cold Snap","Compile Driver+1","Defragment","Injury","Cold Snap+1","Leap","Leap","Core Surge+1","Consume+1","Cold Snap+1","Regret","FTL+1","Darkness+1"],"special_seed":0,"relics":["Cracked Core","Molten Egg 2","Blue Candle","Golden Idol","StoneCalendar","Tiny Chest","Inserter"],"potions_floor_usage":[24],"damage_taken":[{"damage":6.0,"enemies":"2 Louse","floor":1.0,"turns":2.0},{"damage":0.0,"enemies":"Cultist","floor":2.0,"turns":3.0},{"damage":4.0,"enemies":"Jaw Worm","floor":5.0,"turns":3.0},{"damage":17.0,"enemies":"3 Sentries","floor":7.0,"turns":6.0},{"damage":32.0,"enemies":"Gremlin Nob","floor":12.0,"turns":5.0},{"damage":10.0,"enemies":"Exordium Wildlife","floor":13.0,"turns":3.0},{"damage":21.0,"enemies":"Lagavulin","floor":14.0,"turns":7.0},{"damage":32.0,"enemies":"Slime Boss","floor":16.0,"turns":7.0},{"damage":39.0,"enemies":"3 Byrds","floor":18.0,"turns":6.0},{"damage":1.0,"enemies":"Spheric Guardian","floor":19.0,"turns":3.0},{"damage":28.0,"enemies":"Snake Plant","floor":21.0,"turns":5.0},{"damage":12,"enemies":"Cultist and Chosen","floor":24,"turns":6},{"damage":52,"enemies":"Slavers","floor":25,"turns":3}],"seed_played":"-2619715850334716917","potions_obtained":[{"floor":3.0,"key":"Ancient Potion"},{"floor":3.0,"key":"EntropicBrew"},{"floor":5.0,"key":"Block Potion"},{"floor":7.0,"key":"LiquidBronze"},{"floor":14.0,"key":"SteroidPotion"},{"floor":16.0,"key":"AttackPotion"},{"floor":18.0,"key":"Ancient Potion"}],"is_trial":false,"path_per_floor":["M","M","?","$","M","R","E","$","T","$","?","E","M","E","R","B",null,"M","M","?","M","?","R","M","E"],"character_chosen":"DEFECT","items_purchased":["Self Repair","Defragment"],"campfire_rested":1,"item_purchase_floors":[4,8],"current_hp_per_floor":[69,69,69,69,72,72,62,62,62,62,62,37,34,20,44,19,66,34,40,40,19,46,46,44,0],"gold":595,"neow_bonus":"TEN_PERCENT_HP_BONUS","is_prod":false,"is_daily":false,"chose_seed":false,"campfire_upgraded":2,"win_rate":0,"timestamp":1550703679,"path_taken":["M","M","?","?","M","R","E","$","T","$","?","E","M","E","R","BOSS","M","M","?","?","?","R","M","E"],"build_version":"2019-01-23","purchased_purges":0,"victory":false,"max_hp_per_floor":[82,82,82,82,82,82,82,82,82,82,82,82,82,82,82,82,82,82,82,82,82,82,82,82,82],"card_choices":[{"not_picked":["Undo","Rip and Tear"],"picked":"Ball Lightning","floor":1.0},{"not_picked":["Scrape","Compile Driver"],"picked":"Defragment","floor":2.0},{"not_picked":["Gash","Melter"],"picked":"Cold Snap","floor":5.0},{"not_picked":["Recycle","Echo Form"],"picked":"Compile Driver","floor":7.0},{"not_picked":["Blizzard+1","Hyperbeam+1"],"picked":"Cold Snap+1","floor":12.0},{"not_picked":["Skim","Barrage+1"],"picked":"Leap","floor":13.0},{"not_picked":["Beam Cell+1","Barrage+1"],"picked":"Leap","floor":14.0},{"not_picked":["Creative AI","Reboot"],"picked":"Core Surge+1","floor":16.0},{"not_picked":["Recycle","Turbo"],"picked":"Consume+1","floor":18.0},{"not_picked":["Sunder+1","Conserve Battery"],"picked":"Cold Snap+1","floor":19.0},{"not_picked":["Gash+1","Lockon+1"],"picked":"FTL+1","floor":21.0},{"not_picked":["Storm","Sweeping Beam+1"],"picked":"Darkness+1","floor":24}],"player_experience":446998,"relics_obtained":[{"floor":7.0,"key":"Molten Egg 2"},{"floor":9.0,"key":"Blue Candle"},{"floor":12.0,"key":"StoneCalendar"},{"floor":14.0,"key":"Tiny Chest"}],"event_choices":[{"damage_healed":0.0,"max_hp_gain":0.0,"max_hp_loss":0.0,"gold_gain":0.0,"event_name":"The Woman in Blue","player_choice":"Bought 2 Potions","floor":3.0,"gold_loss":0.0,"damage_taken":0.0},{"damage_healed":0.0,"max_hp_gain":0.0,"max_hp_loss":0.0,"gold_gain":0.0,"event_name":"Golden Idol","player_choice":"Take Wound","floor":11.0,"gold_loss":0.0,"damage_taken":0.0,"relics_obtained":["Golden Idol"],"cards_obtained":["Injury"]},{"damage_healed":0.0,"max_hp_gain":0.0,"max_hp_loss":0.0,"gold_gain":275.0,"event_name":"Golden Shrine","player_choice":"Desecrate","floor":20.0,"gold_loss":0.0,"damage_taken":0.0,"cards_obtained":["Regret"]},{"damage_healed":27.0,"max_hp_gain":0.0,"max_hp_loss":0.0,"gold_gain":0.0,"event_name":"The Library","player_choice":"Heal","floor":22.0,"gold_loss":0.0,"damage_taken":0.0}],"is_beta":false,"boss_relics":[{"not_picked":["Eternal Feather","Busted Crown"],"picked":"Inserter"}],"items_purged_floors":[],"is_endless":false,"potions_floor_spawned":[5,7,14,16,18],"killed_by":"Slavers","ascension_level":6}