{"gold_per_floor":[114,114,36,56,56,56,70,70,70,70,80,114,114,64,64,165,165,165,165,165,165,165,165,165,165,165,165,165,90,90,90,90,90,90,90,90,0,0,0,0,0,0,0,0,0,0,0,0,0,0],"floor_reached":51,"playtime":4173,"items_purged":["Strike_B"],"score":984,"play_id":"cb362d62-c24f-40f6-82fc-82d63a67ad70","local_time":"20181112155440","is_ascension_mode":true,"campfire_choices":[{"data":"Conserve Battery","floor":6,"key":"SMITH"},{"data":"Self Repair","floor":8,"key":"SMITH"},{"data":"Dualcast","floor":10,"key":"SMITH"},{"floor":15,"key":"REST"},{"data":"Buffer","floor":24,"key":"SMITH"},{"data":"Electrodynamics","floor":28,"key":"SMITH"},{"data":"Defragment","floor":30,"key":"SMITH"},{"floor":32,"key":"REST"},{"data":"Coolheaded","floor":42,"key":"SMITH"},{"data":"Undo","floor":44,"key":"SMITH"},{"data":"Capacitor","floor":49,"key":"SMITH"}],"neow_cost":"NONE","seed_source_timestamp":247963112413607,"circlet_count":0,"master_deck":["Strike_B","Strike_B","Defend_B","Defend_B","Defend_B","Zap+1","Dualcast+1","Conserve Battery+1","Defragment+1","Self Repair+1","Undo+1","Coolheaded+1","Electrodynamics+1","Buffer+1","Ball Lightning+1","Defragment+1","Machine Learning+1","Capacitor+1","Cold Snap"],"relics":["Cracked Core","Letter Opener","Singing Bowl","PreservedInsect","Ectoplasm","Bag of Preparation","Potion Belt","Tiny Chest","Oddly Smooth Stone","Coffee Dripper","Red Mask","Boot","Happy Flower","Unceasing Top"],"potions_floor_usage":[12,16,16,33,33,33,40,41,50,50],"damage_taken":[{"damage":2,"enemies":"Jaw Worm","floor":1,"turns":2},{"damage":1,"enemies":"Cultist","floor":4,"turns":3},{"damage":11,"enemies":"Small Slimes","floor":7,"turns":3},{"damage":7,"enemies":"Looter","floor":11,"turns":3},{"damage":17,"enemies":"Lagavulin","floor":12,"turns":6},{"damage":8,"enemies":"Slime Boss","floor":16,"turns":12},{"damage":0,"enemies":"Chosen","floor":18,"turns":5},{"damage":1,"enemies":"3 Byrds","floor":19,"turns":3},{"damage":0,"enemies":"Cultist and Chosen","floor":20,"turns":5},{"damage":21,"enemies":"Snake Plant","floor":21,"turns":4},{"damage":3,"enemies":"Centurion and Healer","floor":22,"turns":5},{"damage":15,"enemies":"Book of Stabbing","floor":23,"turns":4},{"damage":0,"enemies":"Gremlin Leader","floor":25,"turns":4},{"damage":26,"enemies":"Slavers","floor":27,"turns":3},{"damage":15,"enemies":"Colosseum Slavers","floor":31,"turns":2},{"damage":12,"enemies":"Champ","floor":33,"turns":10},{"damage":0,"enemies":"3 Darklings","floor":35,"turns":1},{"damage":2,"enemies":"Orb Walker","floor":36,"turns":4},{"damage":8,"enemies":"Jaw Worm Horde","floor":39,"turns":2},{"damage":20,"enemies":"Nemesis","floor":40,"turns":5},{"damage":0,"enemies":"Maw","floor":41,"turns":7},{"damage":8,"enemies":"Spire Growth","floor":45,"turns":5},{"damage":0,"enemies":"Sphere and 2 Shapes","floor":46,"turns":3},{"damage":0,"enemies":"Giant Head","floor":47,"turns":7},{"damage":0,"enemies":"4 Shapes","floor":48,"turns":1},{"damage":75,"enemies":"Time Eater","floor":50,"turns":12}],"seed_played":"4167871468297620298","potions_obtained":[{"floor":4,"key":"SkillPotion"},{"floor":7,"key":"Block Potion"},{"floor":11,"key":"Regen Potion"},{"floor":18,"key":"GamblersBrew"},{"floor":19,"key":"Swift Potion"},{"floor":20,"key":"Block Potion"},{"floor":35,"key":"SkillPotion"},{"floor":39,"key":"AttackPotion"},{"floor":45,"key":"SteroidPotion"},{"floor":48,"key":"Fire Potion"}],"is_trial":false,"path_per_floor":["M","?","$","M","?","R","M","R","T","R","M","E","?","?","R","B",null,"M","M","M","M","M","E","R","E","T","E","R","$","R","?","R","B",null,"M","M","?","?","M","E","M","R","T","R","M","M","E","M","R","B",null],"character_chosen":"DEFECT","items_purchased":["Defragment"],"campfire_rested":2,"item_purchase_floors":[3],"current_hp_per_floor":[73,73,73,72,72,72,68,68,68,68,61,69,57,57,75,75,75,77,78,79,68,77,74,74,85,85,59,59,59,59,54,79,77,83,85,87,87,87,79,71,83,83,83,83,87,95,97,99,99,34],"gold":0,"neow_bonus":"UPGRADE_CARD","is_prod":false,"is_daily":false,"chose_seed":false,"campfire_upgraded":9,"win_rate":0,"timestamp":1542066880,"path_taken":["M","?","$","?","?","R","M","R","T","R","M","E","?","?","R","BOSS","M","M","M","M","M","E","R","E","T","E","R","$","R","?","R","BOSS","M","M","?","?","?","E","M","R","T","R","M","M","E","M","R","BOSS"],"build_version":"2018-11-08","purchased_purges":1,"victory":true,"max_hp_per_floor":[75,75,75,75,75,75,75,75,75,75,75,75,75,75,75,75,75,77,79,79,79,81,83,83,85,85,85,85,85,85,85,85,85,85,87,87,87,87,87,89,91,91,91,91,93,95,97,99,99,99],"card_choices":[{"not_picked":["Stack","Cold Snap"],"picked":"Conserve Battery","floor":1},{"not_picked":["Steam","Storm"],"picked":"Self Repair","floor":4},{"not_picked":["Barrage","Sweeping Beam","Beam Cell"],"picked":"SKIP","floor":7},{"not_picked":["Leap","Capacitor"],"picked":"Undo","floor":11},{"not_picked":["Self Repair","Reinforced Body"],"picked":"Coolheaded","floor":12},{"not_picked":["Amplify","Fission"],"picked":"Electrodynamics","floor":16},{"not_picked":["Turbo","Compile Driver","Chaos"],"picked":"Singing Bowl","floor":18},{"not_picked":["Streamline+1","Redo","Storm"],"picked":"Singing Bowl","floor":19},{"not_picked":["Redo","Heatsinks"],"picked":"Buffer","floor":20},{"not_picked":["Cold Snap","Streamline"],"picked":"Ball Lightning+1","floor":21},{"not_picked":["Stack","Steam","Doom and Gloom"],"picked":"Singing Bowl","floor":22},{"not_picked":["Hello World","Gash","Rebound"],"picked":"Singing Bowl","floor":23},{"not_picked":["Melter","Rebound","Auto Shields"],"picked":"Singing Bowl","floor":25},{"not_picked":["Steam Power","Heatsinks"],"picked":"Defragment","floor":27},{"not_picked":["Rainbow","Multi-Cast"],"picked":"Machine Learning","floor":33},{"not_picked":["Darkness+1","Stack","Reprogram+1"],"picked":"Singing Bowl","floor":35},{"not_picked":["FTL","Coolheaded+1"],"picked":"Capacitor","floor":36},{"not_picked":["Capacitor","Defragment+1"],"picked":"Cold Snap","floor":39},{"not_picked":["Steam+1","Stack","Beam Cell+1"],"picked":"Singing Bowl","floor":40},{"not_picked":["Heatsinks+1","Go for the Eyes","Sweeping Beam"],"picked":"Singing Bowl","floor":41},{"not_picked":["Gash+1","Stack+1","Steam+1"],"picked":"Singing Bowl","floor":45},{"not_picked":["Streamline","Coolheaded","Stack+1"],"picked":"Singing Bowl","floor":46},{"not_picked":["Steam+1","Scrape","FTL+1"],"picked":"Singing Bowl","floor":47},{"not_picked":["BootSequence+1","Blizzard+1","Leap"],"picked":"Singing Bowl","floor":48}],"player_experience":217789,"relics_obtained":[{"floor":9,"key":"Letter Opener"},{"floor":12,"key":"Singing Bowl"},{"floor":23,"key":"Bag of Preparation"},{"floor":25,"key":"Potion Belt"},{"floor":26,"key":"Tiny Chest"},{"floor":27,"key":"Oddly Smooth Stone"},{"floor":40,"key":"Boot"},{"floor":43,"key":"Happy Flower"},{"floor":47,"key":"Unceasing Top"}],"event_choices":[{"cards_removed":["Defend_B"],"damage_healed":0,"gold_gain":0,"player_choice":"Purged","damage_taken":0,"max_hp_gain":0,"max_hp_loss":0,"event_name":"Purifier","floor":2,"gold_loss":0},{"damage_healed":0,"gold_gain":0,"player_choice":"Grow","damage_taken":0,"max_hp_gain":0,"max_hp_loss":0,"event_name":"Living Wall","floor":5,"gold_loss":0,"cards_upgraded":["Defragment"]},{"damage_healed":0,"gold_gain":0,"player_choice":"Success","damage_taken":12,"relics_obtained":["PreservedInsect"],"max_hp_gain":0,"max_hp_loss":0,"event_name":"Scrap Ooze","floor":13,"gold_loss":0},{"cards_removed":["Strike_B"],"damage_healed":0,"gold_gain":0,"player_choice":"Card Removal","damage_taken":0,"max_hp_gain":0,"max_hp_loss":0,"event_name":"The Cleric","floor":14,"gold_loss":50},{"damage_healed":0,"gold_gain":0,"player_choice":"Fight","damage_taken":0,"max_hp_gain":0,"max_hp_loss":0,"event_name":"Colosseum","floor":31,"gold_loss":0},{"damage_healed":0,"gold_gain":0,"player_choice":"Fled From Nobs","damage_taken":0,"max_hp_gain":0,"max_hp_loss":0,"event_name":"Colosseum","floor":31,"gold_loss":0},{"damage_healed":0,"gold_gain":0,"player_choice":"Paid","damage_taken":0,"relics_obtained":["Red Mask"],"max_hp_gain":0,"max_hp_loss":0,"event_name":"Tomb of Lord Red Mask","floor":37,"gold_loss":90},{"damage_healed":0,"gold_gain":0,"player_choice":"Upgraded","damage_taken":0,"max_hp_gain":0,"max_hp_loss":0,"event_name":"Upgrade Shrine","floor":38,"gold_loss":0,"cards_upgraded":["Machine Learning"]}],"is_beta":false,"boss_relics":[{"not_picked":["Nuclear Battery","Busted Crown"],"picked":"Ectoplasm"},{"not_picked":["Sozu","Velvet Choker"],"picked":"Coffee Dripper"}],"items_purged_floors":[29],"is_endless":false,"potions_floor_spawned":[4,7,11,18,19,20,22,35,39,45,48],"ascension_level":5}