{"gold_per_floor":[111,111,61,6,6,6,23,23,23,23,38,38,38,91,103,215,227,259,271,283,220,208,208,26,38,38,52,52,52,52,65,65,163,163,174,174,187,197,197],"floor_reached":39,"playtime":1902,"items_purged":["Strike_R"],"score":404,"play_id":"91de2c50-320c-4575-aff4-ec12e2383b73","local_time":"20181116064254","is_ascension_mode":true,"campfire_choices":[{"floor":6.0,"key":"REST"},{"data":"Whirlwind","floor":10.0,"key":"SMITH"},{"data":"Defend_R","floor":12.0,"key":"SMITH"},{"data":"Defend_R","floor":15.0,"key":"SMITH"},{"floor":23,"key":"REST"},{"floor":28,"key":"REST"},{"data":"Apotheosis","floor":30,"key":"SMITH"},{"floor":32,"key":"REST"}],"neow_cost":"NONE","seed_source_timestamp":0,"circlet_count":0,"master_deck":["Strike_R+1","Strike_R","Strike_R+1","Strike_R","Defend_R","Defend_R","Defend_R+1","Defend_R+1","Whirlwind+1","Impervious","Apotheosis+1","Impervious","Immolate","Shrug It Off"],"special_seed":0,"relics":["Runic Cube","Mercury Hourglass","Champion Belt","MawBank","Runic Pyramid","Ancient Tea Set","Lizard Tail"],"potions_floor_usage":[33,33,33,39],"damage_taken":[{"damage":8.0,"enemies":"Jaw Worm","floor":1.0,"turns":5.0},{"damage":0.0,"enemies":"Small Slimes","floor":7.0,"turns":2.0},{"damage":6.0,"enemies":"Cultist","floor":11.0,"turns":3.0},{"damage":64.0,"enemies":"Hexaghost","floor":16.0,"turns":12.0},{"damage":14.0,"enemies":"Chosen","floor":18.0,"turns":6.0},{"damage":37,"enemies":"Colosseum Slavers","floor":19,"turns":9},{"damage":4,"enemies":"2 Thieves","floor":22,"turns":4},{"damage":10,"enemies":"3 Cultists","floor":25,"turns":3},{"damage":22,"enemies":"Cultist and Chosen","floor":27,"turns":6},{"damage":12,"enemies":"Snake Plant","floor":31,"turns":8},{"damage":66,"enemies":"Automaton","floor":33,"turns":21},{"damage":0,"enemies":"3 Darklings","floor":35,"turns":5},{"damage":54,"enemies":"Orb Walker","floor":37,"turns":8},{"damage":24,"enemies":"Sphere and 2 Shapes","floor":38,"turns":5},{"damage":38,"enemies":"Maw","floor":39,"turns":9}],"seed_played":"-8904335728126191167","potions_obtained":[{"floor":7.0,"key":"EssenceOfSteel"},{"floor":11.0,"key":"LiquidBronze"},{"floor":16.0,"key":"Dexterity Potion"},{"floor":18.0,"key":"FearPotion"},{"floor":25,"key":"Dexterity Potion"},{"floor":38,"key":"PowerPotion"}],"is_trial":false,"path_per_floor":["M","?","?","?","$","R","M","?","T","R","M","R","$","T","R","B",null,"M","?","?","$","M","R","$","M","T","M","R","?","R","M","R","B",null,"M","?","M","M","M"],"character_chosen":"IRONCLAD","items_purchased":["Apotheosis"],"campfire_rested":4,"item_purchase_floors":[24],"current_hp_per_floor":[72,56,56,56,56,80,80,80,80,80,74,74,74,74,74,10,80,66,29,29,29,25,49,49,39,39,17,41,67,67,55,79,13,80,80,76,22,38,0],"gold":197,"neow_bonus":"BOSS_RELIC","is_prod":false,"is_daily":false,"chose_seed":false,"campfire_upgraded":4,"win_rate":0,"timestamp":1542372174,"path_taken":["M","?","?","?","$","R","?","?","T","R","M","R","$","?","R","BOSS","M","?","?","$","?","R","$","M","T","M","R","?","R","M","R","BOSS","M","?","M","M","M"],"build_version":"2018-11-15","purchased_purges":1,"victory":false,"max_hp_per_floor":[80,80,80,80,80,80,80,80,80,80,80,80,80,80,80,80,80,80,80,80,80,80,80,80,80,80,80,80,80,80,80,80,80,80,80,76,76,76,76],"card_choices":[{"not_picked":["Heavy Blade","Thunderclap"],"picked":"Whirlwind","floor":1.0},{"not_picked":["Corruption","Anger","Spot Weakness"],"picked":"SKIP","floor":7.0},{"not_picked":["Burning Pact","Sword Boomerang","Cleave"],"picked":"SKIP","floor":11.0},{"not_picked":["Juggernaut","Berserk"],"picked":"Impervious","floor":16.0},{"not_picked":["Combust","Pummel","Havoc"],"picked":"SKIP","floor":18.0},{"not_picked":["Armaments","Hemokinesis","Iron Wave"],"picked":"SKIP","floor":22},{"not_picked":["Clash","Combust+1"],"picked":"Impervious","floor":25},{"not_picked":["True Grit","Anger","Heavy Blade"],"picked":"SKIP","floor":27},{"not_picked":["Anger","Pommel Strike","Rage+1"],"picked":"SKIP","floor":31},{"not_picked":["Fiend Fire","Offering"],"picked":"Immolate","floor":33},{"not_picked":["Iron Wave","Armaments","Second Wind"],"picked":"SKIP","floor":35},{"not_picked":["Carnage+1","Flex+1","Perfected Strike+1"],"picked":"SKIP","floor":37},{"not_picked":["Entrench","Wild Strike+1"],"picked":"Shrug It Off","floor":38}],"player_experience":245819,"relics_obtained":[{"floor":9.0,"key":"Champion Belt"},{"floor":14.0,"key":"MawBank"},{"floor":26,"key":"Ancient Tea Set"}],"event_choices":[{"damage_healed":0.0,"max_hp_gain":0.0,"max_hp_loss":0.0,"gold_gain":0.0,"event_name":"Shining Light","player_choice":"Entered Light","floor":2.0,"gold_loss":0.0,"damage_taken":16.0,"cards_upgraded":["Strike_R","Strike_R"]},{"cards_removed":["Bash"],"damage_healed":0.0,"max_hp_gain":0.0,"max_hp_loss":0.0,"gold_gain":0.0,"event_name":"The Cleric","player_choice":"Card Removal","floor":3.0,"gold_loss":50.0,"damage_taken":0.0},{"damage_healed":0.0,"max_hp_gain":0.0,"max_hp_loss":0.0,"gold_gain":0.0,"event_name":"WeMeetAgain","player_choice":"Paid Gold","floor":4.0,"gold_loss":55.0,"damage_taken":0.0,"relics_obtained":["Mercury Hourglass"]},{"damage_healed":0.0,"max_hp_gain":0.0,"max_hp_loss":0.0,"gold_gain":0.0,"event_name":"Transmorgrifier","player_choice":"Ignored","floor":8.0,"gold_loss":0.0,"damage_taken":0.0},{"damage_healed":0,"gold_gain":0,"player_choice":"Fight","damage_taken":0,"max_hp_gain":0,"max_hp_loss":0,"event_name":"Colosseum","floor":19,"gold_loss":0},{"damage_healed":0,"gold_gain":0,"player_choice":"Fled From Nobs","damage_taken":0,"max_hp_gain":0,"max_hp_loss":0,"event_name":"Colosseum","floor":19,"gold_loss":0},{"damage_healed":0,"gold_gain":0,"player_choice":"Ignored","damage_taken":0,"max_hp_gain":0,"max_hp_loss":0,"event_name":"The Mausoleum","floor":20,"gold_loss":0},{"damage_healed":26,"gold_gain":0,"player_choice":"Heal","damage_taken":0,"max_hp_gain":0,"max_hp_loss":0,"event_name":"The Library","floor":29,"gold_loss":0},{"damage_healed":0,"gold_gain":0,"player_choice":"Max HP","damage_taken":0,"max_hp_gain":0,"max_hp_loss":4,"event_name":"Winding Halls","floor":36,"gold_loss":0}],"is_beta":false,"boss_relics":[{"not_picked":["Black Star","Cursed Key"],"picked":"Runic Pyramid"},{"not_picked":["Runic Dome","Snecko Eye"],"picked":"Lizard Tail"}],"items_purged_floors":[21],"is_endless":false,"potions_floor_spawned":[7,11,16,18,19,25,31,38],"killed_by":"Maw","ascension_level":2}