{"path_per_floor":["M","$","?","?","?","E","$","?","T","M","R","E","R","?","R","B",null,"M","?","?","M","T","R","E","?","T","$","?","M","M","M","R","B",null,"M","?","M","?","M","R","M","$","T"],"character_chosen":"DEFECT","items_purchased":["Sunder","Lantern","Magnetism","Torii","Go for the Eyes"],"gold_per_floor":[115,41,41,216,216,248,22,322,347,365,365,393,393,393,393,498,498,498,498,498,498,498,498,498,498,498,7,7,7,7,7,7,7,7,7,7,7,7,7,7,7,7,7,7],"floor_reached":44,"campfire_rested":3,"playtime":3118,"current_hp_per_floor":[75,75,80,80,64,64,64,57,57,57,57,42,42,42,66,20,80,75,59,59,59,59,80,66,66,66,66,94,94,93,84,84,17,94,94,82,88,88,57,85,70,70,70,0],"items_purged":["Doubt"],"gold":7,"score":481,"play_id":"a9968dd8-9d54-4c01-9980-20528d24a6ce","local_time":"20180429133349","is_prod":false,"is_daily":false,"chose_seed":false,"is_ascension_mode":false,"campfire_upgraded":3,"timestamp":1524980029,"path_taken":["M","$","?","?","?","E","$","?","T","M","R","E","R","?","R","BOSS","M","?","?","M","?","R","E","?","T","$","?","M","M","M","R","BOSS","M","?","M","?","M","R","M","?","T","E"],"build_version":"2018-04-27v3","seed_source_timestamp":9075953488324,"purchased_purges":1,"victory":false,"master_deck":["Strike_B","Defend_B+1","Defend_B","Defend_B","Zap+1","Dualcast+1","Chaos+1","Sunder+1","Sweeping Beam","Coolheaded","Seek+1","Prime","Tempest+1","Rebound+1","White Noise","Magnetism+1","Go for the Eyes","Aggregate","Flux Capacitor+1","Rainbow","Scrape+1","All For One+1","Stack+1","Hologram+1","Madness","Madness","Blaster+1"],"max_hp_per_floor":[75,75,80,80,80,80,80,80,80,80,80,80,80,80,80,80,80,80,80,80,80,80,80,94,94,94,94,94,94,94,94,94,94,94,94,94,94,94,94,94,94,94,94,94],"relics":["Cracked Core","NeowsBlessing","Juzu Bracelet","Lantern","Old Coin","Vajra","War Paint","Ectoplasm","Nilry\u0027s Codex","Spirit Poop","Dodecahedron","Mango","Bronze Scales","Torii","Astrolabe","Ice Cream","Toxic Egg 2"],"card_choices":[{"not_picked":["Beam Cell","Conserve Battery"],"picked":"Chaos","floor":1},{"not_picked":["Impulse","Barrage"],"picked":"Sweeping Beam","floor":6},{"not_picked":["Capacitor","Ball Lightning"],"picked":"Coolheaded","floor":10},{"not_picked":["White Noise","Capacitor"],"picked":"Seek","floor":12},{"not_picked":["Multi-Cast","Redo"],"picked":"Prime","floor":16},{"not_picked":["Barrage","Rebound"],"picked":"Tempest","floor":18},{"not_picked":["Heatsinks","Skim"],"picked":"Rebound","floor":21},{"not_picked":["Scrape","Skim"],"picked":"White Noise","floor":24},{"not_picked":["Beam Cell","Ball Lightning"],"picked":"Aggregate","floor":30},{"not_picked":["Turbo","Rebound"],"picked":"Flux Capacitor","floor":31},{"not_picked":["Creative AI","Reboot"],"picked":"Rainbow","floor":33},{"not_picked":["Barrage","Go for the Eyes"],"picked":"Hologram","floor":35},{"not_picked":["Auto Shields","Sweeping Beam"],"picked":"Blaster","floor":41}],"player_experience":11037,"potions_floor_usage":[33,39,41],"damage_taken":[{"damage":0,"enemies":"Jaw Worm","floor":1,"turns":1},{"damage":0,"enemies":"Lagavulin","floor":6,"turns":1},{"damage":0,"enemies":"Small Slimes","floor":10,"turns":1},{"damage":15,"enemies":"3 Sentries","floor":12,"turns":5},{"damage":46,"enemies":"Slime Boss","floor":16,"turns":11},{"damage":5,"enemies":"Shell Parasite","floor":18,"turns":4},{"damage":0,"enemies":"Spheric Guardian","floor":21,"turns":2},{"damage":41,"enemies":"Book of Stabbing","floor":24,"turns":5},{"damage":18,"enemies":"Snake Plant","floor":29,"turns":3},{"damage":1,"enemies":"Sentry and Sphere","floor":30,"turns":3},{"damage":9,"enemies":"Snecko","floor":31,"turns":4},{"damage":67,"enemies":"Automaton","floor":33,"turns":8},{"damage":0,"enemies":"Orb Walker","floor":35,"turns":3},{"damage":1,"enemies":"3 Shapes","floor":37,"turns":5},{"damage":0,"enemies":"Mysterious Sphere","floor":38,"turns":3},{"damage":31,"enemies":"Flame Bruiser 2 Orb","floor":39,"turns":6},{"damage":24,"enemies":"Sphere and 2 Shapes","floor":41,"turns":4},{"damage":72,"enemies":"2 Orb Walkers","floor":44,"turns":3}],"event_choices":[{"event_name":"Big Fish","player_choice":"Donut","floor":3,"damage_taken":0},{"event_name":"Liars Game","player_choice":"agreed","floor":4,"damage_taken":0},{"event_name":"Shining Light","player_choice":"Entered Light","floor":5,"damage_taken":0},{"event_name":"Scrap Ooze","player_choice":"success","floor":8,"damage_taken":7},{"event_name":"Wheel of Change","player_choice":"Curse","floor":14,"damage_taken":0},{"event_name":"Cursed Tome","player_choice":"Obtained Book","floor":19,"damage_taken":0},{"event_name":"Bonfire Elementals","player_choice":"CURSE","floor":20,"damage_taken":0},{"event_name":"Back to Basics","player_choice":"Elegance","floor":25,"damage_taken":0},{"event_name":"The Library","player_choice":"Heal","floor":28,"damage_taken":0},{"event_name":"Winding Halls","player_choice":"Embrace Madness","floor":36,"damage_taken":0},{"event_name":"Mysterious Sphere","player_choice":"Fight","floor":38,"damage_taken":0}],"boss_relics":[{"not_picked":["White Beast Statue","Eternal Feather"],"picked":"Ectoplasm"},{"not_picked":["Lizard Tail","Black Star"],"picked":"Astrolabe"}],"potions_floor_spawned":[6,12,16,21,30,31,35],"seed_played":"-8039345691457347776","killed_by":"2 Orb Walkers","ascension_level":0,"is_trial":false}