{"gold_per_floor":[118,118,134,149,149,149,173,187,210,33,33,33,33,54,54,173,173,187,187,187,127],"floor_reached":21,"playtime":1214,"items_purged":[],"score":211,"play_id":"1786e4e5-83b2-4181-af38-0e24bd180637","local_time":"20190203002137","is_ascension_mode":true,"campfire_choices":[{"floor":6,"key":"REST"},{"floor":11,"key":"REST"},{"data":"Apotheosis","floor":15,"key":"SMITH"}],"neow_cost":"TEN_PERCENT_HP_LOSS","seed_source_timestamp":2058361558409511,"circlet_count":0,"master_deck":["Strike_R","Strike_R","Defend_R","Defend_R","Defend_R+1","Defend_R","Bash","Armaments+1","Shrug It Off","Apotheosis+1","Berserk"],"relics":["Burning Blood","Golden Idol","War Paint","Omamori","Self Forming Clay","Fusion Hammer"],"potions_floor_usage":[16,16,16],"damage_taken":[{"damage":4,"enemies":"Jaw Worm","floor":1,"turns":6},{"damage":0,"enemies":"Cultist","floor":3,"turns":5},{"damage":3,"enemies":"2 Louse","floor":4,"turns":4},{"damage":0,"enemies":"Blue Slaver","floor":7,"turns":5},{"damage":28,"enemies":"Lots of Slimes","floor":8,"turns":11},{"damage":16,"enemies":"2 Fungi Beasts","floor":14,"turns":6},{"damage":49,"enemies":"Slime Boss","floor":16,"turns":22},{"damage":25,"enemies":"3 Byrds","floor":18,"turns":9},{"damage":30,"enemies":"Colosseum Slavers","floor":19,"turns":8},{"damage":17,"enemies":"2 Thieves","floor":21,"turns":2}],"seed_played":"6740727350869939962","potions_obtained":[{"floor":1,"key":"EssenceOfSteel"},{"floor":7,"key":"Energy Potion"},{"floor":14,"key":"AttackPotion"},{"floor":16,"key":"SkillPotion"}],"is_trial":false,"path_per_floor":["M","?","M","M","?","R","M","M","T","$","R","$","T","M","R","B",null,"M","?","?","M"],"character_chosen":"IRONCLAD","items_purchased":["Apotheosis"],"campfire_rested":2,"item_purchase_floors":[10],"current_hp_per_floor":[72,54,60,63,51,72,72,50,50,50,71,71,71,61,61,18,59,40,16,16,0],"gold":127,"neow_bonus":"REMOVE_TWO","is_prod":false,"is_daily":false,"chose_seed":false,"campfire_upgraded":1,"win_rate":0,"timestamp":1549174897,"path_taken":["M","?","M","M","?","R","M","M","T","$","R","?","?","?","R","BOSS","M","?","?","?"],"build_version":"2019-01-23","purchased_purges":0,"victory":false,"max_hp_per_floor":[72,72,72,72,72,72,72,72,72,72,72,72,72,72,72,72,72,72,72,72,72],"card_choices":[{"not_picked":["True Grit","Wild Strike"],"picked":"Armaments","floor":1},{"not_picked":["Perfected Strike","Bloodletting","Flex"],"picked":"SKIP","floor":3},{"not_picked":["Havoc","Intimidate","Anger"],"picked":"SKIP","floor":4},{"not_picked":["Feel No Pain","Wild Strike","Cleave"],"picked":"SKIP","floor":7},{"not_picked":["Bludgeon","Iron Wave"],"picked":"Shrug It Off","floor":8},{"not_picked":["Pommel Strike","Sword Boomerang","Headbutt"],"picked":"SKIP","floor":14},{"not_picked":["Impervious","Double Tap"],"picked":"Berserk","floor":16},{"not_picked":["Sword Boomerang+1","Pommel Strike","Searing Blow"],"picked":"SKIP","floor":18}],"player_experience":1244773,"relics_obtained":[{"floor":9,"key":"Omamori"},{"floor":13,"key":"Self Forming Clay"}],"event_choices":[{"damage_healed":0,"gold_gain":0,"player_choice":"Take Damage","damage_taken":18,"relics_obtained":["Golden Idol"],"max_hp_gain":0,"max_hp_loss":0,"event_name":"Golden Idol","floor":2,"gold_loss":0},{"damage_healed":0,"gold_gain":0,"player_choice":"Success","damage_taken":12,"relics_obtained":["War Paint"],"max_hp_gain":0,"max_hp_loss":0,"event_name":"Scrap Ooze","floor":5,"gold_loss":0},{"damage_healed":0,"gold_gain":0,"player_choice":"Fight","damage_taken":0,"max_hp_gain":0,"max_hp_loss":0,"event_name":"Colosseum","floor":19,"gold_loss":0},{"damage_healed":0,"gold_gain":0,"player_choice":"Fled From Nobs","damage_taken":0,"max_hp_gain":0,"max_hp_loss":0,"event_name":"Colosseum","floor":19,"gold_loss":0},{"cards_removed":["Strike_R"],"damage_healed":0,"gold_gain":0,"player_choice":"Offered Basic","damage_taken":0,"max_hp_gain":0,"max_hp_loss":0,"event_name":"Bonfire Elementals","floor":20,"gold_loss":0}],"is_beta":false,"boss_relics":[{"not_picked":["Busted Crown","Mark of Pain"],"picked":"Fusion Hammer"}],"items_purged_floors":[],"is_endless":false,"potions_floor_spawned":[1,7,14,16],"killed_by":"2 Thieves","ascension_level":5}