{"gold_per_floor":[110,58,58,58,72,72,89,89,89,415,375,375,389,399,399,495,495,512,512,512,526,448,448,400,400,424,424,424,424,349,282,282,382,382,393,393,404,453,453,467,477,487,514,529,529,411,411,429,429,429],"floor_reached":51,"playtime":6658,"items_purged":[],"score":643,"play_id":"09b8289c-d13b-497a-af40-9a31396948cd","local_time":"20190211230835","is_ascension_mode":false,"campfire_choices":[{"data":"Blade Dance","floor":6.0,"key":"SMITH"},{"data":"Prepared","floor":12.0,"key":"SMITH"},{"floor":15.0,"key":"REST"},{"data":"Tactician","floor":23.0,"key":"SMITH"},{"data":"Tools of the Trade","floor":27.0,"key":"SMITH"},{"data":"Accuracy","floor":32.0,"key":"SMITH"},{"data":"Accuracy","floor":47.0,"key":"SMITH"},{"data":"Phantasmal Killer","floor":49.0,"key":"SMITH"}],"neow_cost":"NONE","seed_source_timestamp":0,"circlet_count":0,"master_deck":["Defend_G+1","Defend_G+1","Defend_G+1","Defend_G+1","Defend_G+1","Strike_G+1","Strike_G+1","Strike_G+1","Strike_G+1","Strike_G+1","Survivor","Neutralize","Doppelganger","Prepared+1","Blade Dance+1","Terror","Finisher+1","Tactician+1","Expertise","Tools of the Trade+1","Phantasmal Killer+1","Underhanded Strike","Well Laid Plans","Accuracy+1","Adrenaline","Blade Dance","Backflip+1","Flying Knee+1","Backflip+1","Cloak And Dagger","Secret Technique","Discovery","Accuracy+1","Calculated Gamble","Prepared+1"],"special_seed":0,"relics":["Ring of the Snake","Matryoshka","Old Coin","Philosopher\u0027s Stone","MutagenicStrength","Blood Vial","Juzu Bracelet","Happy Flower","WristBlade","FossilizedHelix","Dream Catcher","Bag of Marbles"],"potions_floor_usage":[50,50,50],"damage_taken":[{"damage":3.0,"enemies":"Jaw Worm","floor":1.0,"turns":7.0},{"damage":0.0,"enemies":"2 Louse","floor":5.0,"turns":2.0},{"damage":1.0,"enemies":"Cultist","floor":7.0,"turns":3.0},{"damage":31.0,"enemies":"Gremlin Nob","floor":10.0,"turns":4.0},{"damage":0.0,"enemies":"3 Louse","floor":13.0,"turns":2.0},{"damage":0.0,"enemies":"Exordium Wildlife","floor":14.0,"turns":2.0},{"damage":30.0,"enemies":"The Guardian","floor":16.0,"turns":7.0},{"damage":2.0,"enemies":"Chosen","floor":18.0,"turns":2.0},{"damage":0.0,"enemies":"Spheric Guardian","floor":21.0,"turns":2.0},{"damage":16.0,"enemies":"Automaton","floor":33.0,"turns":5.0},{"damage":1.0,"enemies":"3 Darklings","floor":35.0,"turns":3.0},{"damage":0.0,"enemies":"Orb Walker","floor":37.0,"turns":3.0},{"damage":12.0,"enemies":"2 Orb Walkers","floor":38.0,"turns":4.0},{"damage":0.0,"enemies":"Maw","floor":40.0,"turns":4.0},{"damage":0.0,"enemies":"Spire Growth","floor":41.0,"turns":2.0},{"damage":0.0,"enemies":"Transient","floor":42.0,"turns":5.0},{"damage":0.0,"enemies":"3 Darklings","floor":44.0,"turns":3.0},{"damage":0.0,"enemies":"4 Shapes","floor":48.0,"turns":5.0},{"damage":31,"enemies":"Time Eater","floor":50,"turns":7}],"seed_played":"-7352285429098967063","potions_obtained":[{"floor":7.0,"key":"Swift Potion"},{"floor":11.0,"key":"Weak Potion"},{"floor":11.0,"key":"EntropicBrew"},{"floor":11.0,"key":"SneckoOil"},{"floor":13.0,"key":"SpeedPotion"},{"floor":18.0,"key":"Poison Potion"},{"floor":33.0,"key":"AttackPotion"},{"floor":38.0,"key":"Block Potion"},{"floor":42.0,"key":"Poison Potion"},{"floor":48.0,"key":"Block Potion"}],"is_trial":false,"path_per_floor":["M","$","?","$","M","R","M","?","T","E","?","R","M","M","R","B",null,"M","?","?","M","$","R","$","?","T","R","?","?","?","$","R","B",null,"M","?","M","?","$","M","M","M","T","M","?","$","R","M","R","B",null],"character_chosen":"THE_SILENT","items_purchased":["Blade Dance","Well Laid Plans","SteroidPotion","Accuracy","Accuracy","Calculated Gamble"],"campfire_rested":1,"item_purchase_floors":[2,22,24,31,46,46],"current_hp_per_floor":[67,67,72,72,72,72,71,71,71,40,40,40,40,40,62,32,75,73,73,73,73,73,73,73,59,59,59,59,59,59,59,59,45,80,79,79,80,68,68,70,72,74,74,76,71,71,71,73,73,44],"gold":429,"neow_bonus":"ONE_RANDOM_RARE_CARD","is_prod":false,"is_daily":false,"chose_seed":false,"campfire_upgraded":7,"win_rate":0,"timestamp":1549922915,"path_taken":["M","$","?","$","M","R","M","?","T","E","?","R","?","M","R","BOSS","M","?","?","M","$","R","?","?","T","R","?","?","?","$","R","BOSS","M","?","M","?","?","M","M","M","T","M","?","$","R","M","R","BOSS"],"build_version":"2019-01-23","purchased_purges":0,"victory":true,"max_hp_per_floor":[70,70,75,75,75,75,75,75,75,75,75,75,75,75,75,75,75,75,75,75,75,75,75,75,80,80,80,80,80,80,80,80,80,80,80,80,80,80,80,80,80,80,80,80,80,80,80,80,80,80],"card_choices":[{"not_picked":["Dagger Spray","Dagger Throw"],"picked":"Prepared","floor":1.0},{"not_picked":["Prepared","Choke"],"picked":"Terror","floor":5.0},{"not_picked":["Masterful Stab","Dash"],"picked":"Finisher","floor":7.0},{"not_picked":["Slice","Flying Knee"],"picked":"Tactician","floor":10.0},{"not_picked":["Bane","Tactician"],"picked":"Expertise","floor":13.0},{"not_picked":["Noxious Fumes","Skewer"],"picked":"Tools of the Trade","floor":14.0},{"not_picked":["Night Terror","Burst"],"picked":"Phantasmal Killer","floor":16.0},{"not_picked":["Cloak And Dagger","Noxious Fumes"],"picked":"Underhanded Strike","floor":18.0},{"not_picked":["Masterful Stab","Sucker Punch","Outmaneuver"],"picked":"SKIP","floor":21.0},{"not_picked":["Unload","Die Die Die"],"picked":"Adrenaline","floor":33.0},{"not_picked":["Backflip+1","Deadly Poison"],"picked":"Blade Dance","floor":35.0},{"not_picked":["Predator","Crippling Poison+1"],"picked":"Backflip+1","floor":37.0},{"not_picked":["Dash","Deflect"],"picked":"Flying Knee+1","floor":38.0},{"not_picked":["Acrobatics","Heel Hook"],"picked":"Backflip+1","floor":40.0},{"not_picked":["Poisoned Stab","Eviscerate+1","Dagger Spray+1"],"picked":"SKIP","floor":41.0},{"not_picked":["Predator+1","Tools of the Trade"],"picked":"Cloak And Dagger","floor":42.0},{"not_picked":["Poisoned Stab+1","Blur","Sucker Punch"],"picked":"SKIP","floor":44.0},{"not_picked":["Mayhem","Purity"],"picked":"Secret Technique","floor":45.0},{"not_picked":["Jack Of All Trades","Dark Shackles"],"picked":"Discovery","floor":45.0},{"not_picked":["Catalyst","Masterful Stab+1"],"picked":"Prepared+1","floor":48.0}],"player_experience":154527,"relics_obtained":[{"floor":9.0,"key":"Matryoshka"},{"floor":10.0,"key":"Old Coin"},{"floor":26.0,"key":"Blood Vial"},{"floor":26.0,"key":"Juzu Bracelet"},{"floor":38.0,"key":"FossilizedHelix"},{"floor":43.0,"key":"Dream Catcher"},{"floor":43.0,"key":"Bag of Marbles"}],"event_choices":[{"damage_healed":0.0,"max_hp_gain":5.0,"max_hp_loss":0.0,"gold_gain":0.0,"event_name":"Big Fish","player_choice":"Donut","floor":3.0,"gold_loss":0.0,"damage_taken":0.0},{"damage_healed":0.0,"max_hp_gain":0.0,"max_hp_loss":0.0,"gold_gain":0.0,"event_name":"Living Wall","player_choice":"Grow","floor":8.0,"gold_loss":0.0,"damage_taken":0.0,"cards_upgraded":["Finisher"]},{"damage_healed":0.0,"max_hp_gain":0.0,"max_hp_loss":0.0,"gold_gain":0.0,"event_name":"The Woman in Blue","player_choice":"Bought 3 Potions","floor":11.0,"gold_loss":0.0,"damage_taken":0.0},{"damage_healed":0.0,"max_hp_gain":0.0,"max_hp_loss":0.0,"gold_gain":0.0,"event_name":"Drug Dealer","player_choice":"Inject Mutagens","floor":19.0,"gold_loss":0.0,"damage_taken":0.0,"relics_obtained":["MutagenicStrength"]},{"damage_healed":0.0,"max_hp_gain":0.0,"max_hp_loss":0.0,"gold_gain":0.0,"event_name":"Back to Basics","player_choice":"Simplicity","floor":20.0,"gold_loss":0.0,"damage_taken":0.0,"cards_upgraded":["Defend_G","Defend_G","Defend_G","Defend_G","Defend_G","Strike_G","Strike_G","Strike_G","Strike_G","Strike_G"]},{"damage_healed":0.0,"max_hp_gain":5.0,"max_hp_loss":0.0,"gold_gain":0.0,"event_name":"Forgotten Altar","player_choice":"Shed Blood","floor":25.0,"gold_loss":0.0,"damage_taken":19.0},{"damage_healed":0.0,"max_hp_gain":0.0,"max_hp_loss":0.0,"gold_gain":0.0,"event_name":"Ghosts","player_choice":"Ignored","floor":28.0,"gold_loss":0.0,"damage_taken":0.0},{"damage_healed":0.0,"max_hp_gain":0.0,"max_hp_loss":0.0,"gold_gain":0.0,"event_name":"The Mausoleum","player_choice":"Opened","floor":29.0,"gold_loss":0.0,"damage_taken":0.0,"relics_obtained":["Happy Flower"],"cards_obtained":["Writhe"]},{"cards_removed":["Writhe"],"damage_healed":0.0,"max_hp_gain":0.0,"max_hp_loss":0.0,"gold_gain":0.0,"event_name":"Beggar","player_choice":"Gave Gold","floor":30.0,"gold_loss":75.0,"damage_taken":0.0},{"damage_healed":0.0,"max_hp_gain":0.0,"max_hp_loss":0.0,"gold_gain":0.0,"event_name":"Tomb of Lord Red Mask","player_choice":"Ignored","floor":36.0,"gold_loss":0.0,"damage_taken":0.0},{"damage_healed":0.0,"max_hp_gain":0.0,"max_hp_loss":0.0,"gold_gain":0.0,"event_name":"Mysterious Sphere","player_choice":"Fight","floor":38.0,"gold_loss":0.0,"damage_taken":0.0},{"damage_healed":0.0,"max_hp_gain":0.0,"max_hp_loss":0.0,"gold_gain":0.0,"event_name":"SensoryStone","player_choice":"Memory 2","floor":45.0,"gold_loss":0.0,"damage_taken":5.0}],"is_beta":false,"boss_relics":[{"not_picked":["Black Star","HoveringKite"],"picked":"Philosopher\u0027s Stone"},{"not_picked":["Lizard Tail","Runic Dome"],"picked":"WristBlade"}],"items_purged_floors":[],"is_endless":false,"potions_floor_spawned":[7,13,18,33,38,42,48],"ascension_level":0}