{"gold_per_floor":[117,217,230,250,325,356,368,380,419,759,783,895,934,956,968,1081,1093,1078,1106,1118,1130,1142,1186,1198,838,912,922,936,954,966,403,403,507,507,518,231,231,40,52,86,86,105,132,80,91,91,106,9,9,9],"floor_reached":51,"playtime":5330,"items_purged":["Strike_B","Defend_B","Strike_B"],"score":885,"play_id":"4e928694-5c97-4308-817f-9194358a8b1d","local_time":"20181107151016","is_ascension_mode":true,"campfire_choices":[{"floor":7,"key":"REST"},{"floor":15,"key":"REST"},{"data":"Defragment","floor":24,"key":"SMITH"},{"floor":32,"key":"REST"},{"data":"Buffer","floor":41,"key":"SMITH"},{"data":"White Noise","floor":46,"key":"SMITH"},{"floor":49,"key":"REST"}],"neow_cost":"NONE","seed_source_timestamp":146351409583294,"circlet_count":0,"master_deck":["Zap","Dualcast","Cold Snap","Hologram","Buffer+1","Consume","White Noise+1","Defragment+1","Echo Form","Recycle+1","Biased Cognition+1","Cold Snap+1","Conserve Battery","BootSequence","Glacier","Ball Lightning+1","Hologram+1","Buffer+1","Seek","Go for the Eyes","Defragment+1","Clumsy"],"relics":["Cracked Core","NeowsBlessing","MawBank","DataDisk","Old Coin","PreservedInsect","Astrolabe","Cables","OrangePellets","Bottled Tornado","Mango","Happy Flower","Cursed Key","Runic Capacitor","Meat on the Bone","Potion Belt","Bag of Marbles"],"potions_floor_usage":[6,14,18,33,33,42,50,50,50],"damage_taken":[{"damage":0,"enemies":"Jaw Worm","floor":1,"turns":1},{"damage":0,"enemies":"Cultist","floor":3,"turns":1},{"damage":0,"enemies":"Small Slimes","floor":4,"turns":1},{"damage":29,"enemies":"3 Sentries","floor":6,"turns":7},{"damage":7,"enemies":"Lagavulin","floor":10,"turns":6},{"damage":15,"enemies":"3 Louse","floor":11,"turns":3},{"damage":25,"enemies":"Gremlin Nob","floor":13,"turns":5},{"damage":2,"enemies":"Exordium Thugs","floor":14,"turns":5},{"damage":0,"enemies":"The Guardian","floor":16,"turns":13},{"damage":23,"enemies":"2 Thieves","floor":18,"turns":5},{"damage":6,"enemies":"Shell Parasite","floor":19,"turns":7},{"damage":17,"enemies":"Gremlin Leader","floor":23,"turns":6},{"damage":2,"enemies":"Cultist and Chosen","floor":27,"turns":5},{"damage":11,"enemies":"3 Cultists","floor":28,"turns":6},{"damage":0,"enemies":"Sentry and Sphere","floor":29,"turns":5},{"damage":4,"enemies":"Snake Plant","floor":30,"turns":4},{"damage":11,"enemies":"Automaton","floor":33,"turns":10},{"damage":1,"enemies":"Orb Walker","floor":35,"turns":4},{"damage":13,"enemies":"3 Darklings","floor":39,"turns":5},{"damage":11,"enemies":"Nemesis","floor":40,"turns":6},{"damage":25,"enemies":"Sphere and 2 Shapes","floor":42,"turns":3},{"damage":0,"enemies":"Spire Growth","floor":45,"turns":5},{"damage":0,"enemies":"Maw","floor":47,"turns":6},{"damage":5,"enemies":"Awakened One","floor":50,"turns":9}],"seed_played":"3970515389739703363","potions_obtained":[{"floor":3,"key":"Explosive Potion"},{"floor":4,"key":"FearPotion"},{"floor":11,"key":"SkillPotion"},{"floor":14,"key":"AttackPotion"},{"floor":19,"key":"LiquidBronze"},{"floor":27,"key":"EssenceOfSteel"},{"floor":35,"key":"Regen Potion"},{"floor":40,"key":"Swift Potion"},{"floor":47,"key":"Strength Potion"}],"is_trial":false,"path_per_floor":["M","?","M","M","?","E","R","?","T","E","M","?","E","M","R","B",null,"M","M","?","?","?","E","R","$","T","M","M","M","M","$","R","B",null,"M","$","?","$","M","E","R","M","T","$","M","R","M","?","R","B",null],"character_chosen":"DEFECT","items_purchased":["OrangePellets","FairyPotion","Mango","Happy Flower","Seek","Runic Capacitor","Weak Potion"],"campfire_rested":4,"item_purchase_floors":[25,25,31,31,36,38,44],"current_hp_per_floor":[75,75,75,75,64,35,57,57,57,50,35,35,10,8,30,30,75,52,46,71,71,71,54,54,54,54,52,41,41,37,51,77,66,89,88,88,88,88,75,64,64,56,56,56,56,56,56,56,82,77],"gold":9,"neow_bonus":"THREE_ENEMY_KILL","is_prod":false,"is_daily":false,"chose_seed":false,"campfire_upgraded":3,"win_rate":0,"timestamp":1541632216,"path_taken":["M","?","?","M","?","E","R","?","T","E","M","?","E","M","R","BOSS","M","M","?","?","?","E","R","$","T","M","?","M","M","$","R","BOSS","M","$","?","$","M","E","R","M","T","$","M","R","M","?","R","BOSS"],"build_version":"2018-11-01","purchased_purges":3,"victory":true,"max_hp_per_floor":[75,75,75,75,75,75,75,75,75,75,75,75,75,75,75,75,75,75,75,75,75,75,75,75,75,75,75,75,75,75,89,89,89,89,89,89,89,89,89,89,89,89,89,89,89,89,89,89,89,89],"card_choices":[{"not_picked":["Turbo","Double Energy"],"picked":"Cold Snap","floor":1},{"not_picked":["Compile Driver","Beam Cell"],"picked":"Hologram","floor":3},{"not_picked":["Beam Cell","Recycle","Tempest"],"picked":"SKIP","floor":4},{"not_picked":["Lockon","Stack"],"picked":"Buffer","floor":6},{"not_picked":["Sweeping Beam","Tempest"],"picked":"Consume","floor":10},{"not_picked":["Steam","Aggregate"],"picked":"White Noise","floor":11},{"not_picked":["Heatsinks","Echo Form","Turbo"],"picked":"SKIP","floor":13},{"not_picked":["Compile Driver","Aggregate"],"picked":"Defragment","floor":14},{"not_picked":["Fission","Amplify"],"picked":"Echo Form","floor":16},{"not_picked":["Recycle","Streamline"],"picked":"Conserve Battery","floor":18},{"not_picked":["Go for the Eyes","Turbo+1"],"picked":"BootSequence","floor":19},{"not_picked":["Self Repair","Coolheaded+1"],"picked":"Ball Lightning+1","floor":23},{"not_picked":["Barrage","Steam"],"picked":"Hologram+1","floor":27},{"not_picked":["Tempest+1","Coolheaded","Undo"],"picked":"SKIP","floor":28},{"not_picked":["Compile Driver+1","Hologram","Amplify"],"picked":"SKIP","floor":29},{"not_picked":["Heatsinks+1","Sweeping Beam","Redo"],"picked":"SKIP","floor":30},{"not_picked":["Biased Cognition","Rainbow"],"picked":"Buffer","floor":33},{"not_picked":["Turbo+1","Rebound+1"],"picked":"Capacitor","floor":35},{"not_picked":["Rebound+1","Genetic Algorithm+1"],"picked":"Go for the Eyes","floor":39},{"not_picked":["Steam Power","Steam+1"],"picked":"Defragment+1","floor":40},{"not_picked":["Heatsinks+1","Beam Cell","Blizzard"],"picked":"SKIP","floor":42},{"not_picked":["Blizzard+1","Reprogram+1","Beam Cell"],"picked":"SKIP","floor":45},{"not_picked":["Darkness+1","Blizzard","Reprogram+1"],"picked":"SKIP","floor":47}],"player_experience":182457,"relics_obtained":[{"floor":6,"key":"MawBank"},{"floor":9,"key":"DataDisk"},{"floor":10,"key":"Old Coin"},{"floor":13,"key":"PreservedInsect"},{"floor":23,"key":"Cables"},{"floor":26,"key":"Bottled Tornado"},{"floor":40,"key":"Meat on the Bone"},{"floor":43,"key":"Potion Belt"}],"event_choices":[{"damage_healed":0,"gold_gain":100,"player_choice":"Pray","damage_taken":0,"max_hp_gain":0,"max_hp_loss":0,"event_name":"Golden Shrine","floor":2,"gold_loss":0},{"damage_healed":0,"gold_gain":75,"player_choice":"Gather Gold","damage_taken":11,"max_hp_gain":0,"max_hp_loss":0,"event_name":"World of Goop","floor":5,"gold_loss":0},{"damage_healed":0,"gold_gain":0,"player_choice":"Grow","damage_taken":0,"max_hp_gain":0,"max_hp_loss":0,"event_name":"Living Wall","floor":8,"gold_loss":0,"cards_upgraded":["Buffer"]},{"damage_healed":0,"gold_gain":100,"player_choice":"Gold","damage_taken":0,"max_hp_gain":0,"max_hp_loss":0,"event_name":"Wheel of Change","floor":12,"gold_loss":0},{"damage_healed":25,"gold_gain":0,"player_choice":"Heal","damage_taken":0,"max_hp_gain":0,"max_hp_loss":0,"event_name":"The Library","floor":20,"gold_loss":0},{"cards_removed":["Defend_B"],"damage_healed":0,"gold_gain":0,"player_choice":"Elegance","damage_taken":0,"max_hp_gain":0,"max_hp_loss":0,"event_name":"Back to Basics","floor":21,"gold_loss":0},{"damage_healed":0,"gold_gain":0,"cards_transformed":["Defend_B"],"player_choice":"Transformed","damage_taken":0,"max_hp_gain":0,"max_hp_loss":0,"event_name":"Transmorgrifier","floor":22,"gold_loss":0,"cards_obtained":["Glacier"]},{"cards_removed":["Capacitor"],"damage_healed":0,"gold_gain":0,"player_choice":"Removed Power","damage_taken":0,"max_hp_gain":0,"max_hp_loss":0,"event_name":"Falling","floor":37,"gold_loss":0},{"damage_healed":0,"gold_gain":0,"player_choice":"Paid Gold","damage_taken":0,"relics_obtained":["Bag of Marbles"],"max_hp_gain":0,"max_hp_loss":0,"event_name":"WeMeetAgain","floor":48,"gold_loss":97}],"is_beta":false,"boss_relics":[{"not_picked":["Pandora\u0027s Box","Eternal Feather"],"picked":"Astrolabe"},{"not_picked":["Black Star","FrozenCore"],"picked":"Cursed Key"}],"items_purged_floors":[25,31,36],"is_endless":false,"potions_floor_spawned":[3,4,11,14,19,27,30,35,40,47],"ascension_level":4}