{"gold_per_floor":[115,126,126,126,126,126,146,172,196,196],"floor_reached":10,"playtime":214,"items_purged":[],"score":76,"play_id":"2c454713-86c4-410f-a80b-b4993750f8e0","local_time":"20181202164741","is_ascension_mode":true,"campfire_choices":[{"floor":6,"key":"RECALL"}],"neow_cost":"NONE","seed_source_timestamp":691464120671850,"circlet_count":0,"master_deck":["Defend_G","Defend_G+1","Defend_G","Defend_G","Strike_G","Strike_G+1","Strike_G","Strike_G","Strike_G","Survivor+1","Neutralize","Crippling Poison+1","Dash","Pain","Footwork"],"relics":["Ring of the Snake","NeowsBlessing","WarpedTongs","War Paint"],"potions_floor_usage":[],"damage_taken":[{"damage":0,"enemies":"2 Louse","floor":1,"turns":1},{"damage":0,"enemies":"Small Slimes","floor":2,"turns":1},{"damage":1,"enemies":"Cultist","floor":7,"turns":1},{"damage":28,"enemies":"Lagavulin","floor":8,"turns":11},{"damage":27,"enemies":"3 Sentries","floor":10,"turns":2}],"seed_played":"3444001501855612990","potions_obtained":[{"floor":2,"key":"SkillPotion"},{"floor":7,"key":"GhostInAJar"},{"floor":8,"key":"Ancient Potion"}],"is_trial":false,"path_per_floor":["M","M","?","?","?","R","M","E","T","E"],"character_chosen":"THE_SILENT","items_purchased":[],"campfire_rested":0,"item_purchase_floors":[],"current_hp_per_floor":[70,70,70,56,56,56,55,27,27,0],"gold":196,"neow_bonus":"THREE_ENEMY_KILL","is_prod":false,"is_daily":false,"chose_seed":false,"campfire_upgraded":0,"win_rate":0,"timestamp":1543790861,"path_taken":["M","M","?","?","?","R","?","E","T","E"],"build_version":"2018-11-15","purchased_purges":0,"victory":false,"max_hp_per_floor":[70,70,70,70,70,70,70,70,70,70],"card_choices":[{"not_picked":["Acrobatics","Dagger Throw"],"picked":"Crippling Poison","floor":1},{"not_picked":["Quick Slash","Terror"],"picked":"Dash","floor":2},{"not_picked":["Escape Plan","Acrobatics","Backflip"],"picked":"SKIP","floor":7},{"not_picked":["Night Terror","Predator"],"picked":"Footwork","floor":8}],"player_experience":624197,"relics_obtained":[{"floor":8,"key":"War Paint"}],"event_choices":[{"cards_removed":["Defend_G"],"damage_healed":0,"gold_gain":0,"player_choice":"Forget","damage_taken":0,"max_hp_gain":0,"max_hp_loss":0,"event_name":"Living Wall","floor":3,"gold_loss":0},{"damage_healed":0,"gold_gain":0,"player_choice":"Entered Light","damage_taken":14,"max_hp_gain":0,"max_hp_loss":0,"event_name":"Shining Light","floor":4,"gold_loss":0,"cards_upgraded":["Survivor","Strike_G"]},{"damage_healed":0,"gold_gain":0,"player_choice":"Rummage","damage_taken":0,"relics_obtained":["WarpedTongs"],"max_hp_gain":0,"max_hp_loss":0,"event_name":"Accursed Blacksmith","floor":5,"gold_loss":0,"cards_obtained":["Pain"]}],"is_beta":false,"boss_relics":[],"items_purged_floors":[],"is_endless":false,"potions_floor_spawned":[2,7,8],"killed_by":"3 Sentries","ascension_level":3}