{"gold_per_floor":[116,116,41,41,116,145,145,45,45,61,81,81,93,109,109,214,214,234,245,40,40,40,40,54,54,81,95,108,108],"floor_reached":29,"playtime":1356,"items_purged":["Bash","Strike_R","Strike_R"],"score":300,"play_id":"aa512a8b-15ac-491b-93af-82b73b7e12cb","local_time":"20190120184444","is_ascension_mode":true,"campfire_choices":[{"floor":7,"key":"REST"},{"data":"Disarm","floor":15,"key":"SMITH"},{"floor":23,"key":"REST"},{"floor":25,"key":"REST"}],"neow_cost":"NONE","seed_source_timestamp":914699637458176,"circlet_count":0,"master_deck":["Strike_R","Strike_R","Defend_R","Defend_R","Defend_R","Defend_R","Uppercut","Disarm+1","Whirlwind","Demon Form","Battle Trance","Shame"],"relics":["Burning Blood","NeowsBlessing","Turnip","WingedGreaves","Question Card","Cursed Key","Orichalcum"],"potions_floor_usage":[16,16,28],"damage_taken":[{"damage":0,"enemies":"2 Louse","floor":1,"turns":1},{"damage":0,"enemies":"3 Sentries","floor":6,"turns":1},{"damage":0,"enemies":"Jaw Worm","floor":10,"turns":1},{"damage":0,"enemies":"Small Slimes","floor":11,"turns":4},{"damage":2,"enemies":"3 Louse","floor":13,"turns":8},{"damage":3,"enemies":"Blue Slaver","floor":14,"turns":10},{"damage":60,"enemies":"The Guardian","floor":16,"turns":20},{"damage":40,"enemies":"2 Thieves","floor":18,"turns":5},{"damage":6,"enemies":"Shell Parasite","floor":19,"turns":8},{"damage":36,"enemies":"Colosseum Slavers","floor":21,"turns":6},{"damage":10,"enemies":"Snake Plant","floor":24,"turns":5},{"damage":14,"enemies":"Centurion and Healer","floor":27,"turns":9},{"damage":33,"enemies":"Sentry and Sphere","floor":28,"turns":6},{"damage":33,"enemies":"Masked Bandits","floor":29,"turns":3}],"seed_played":"1153003519349559812","potions_obtained":[{"floor":6,"key":"Explosive Potion"},{"floor":13,"key":"Fire Potion"},{"floor":16,"key":"Dexterity Potion"},{"floor":18,"key":"SpeedPotion"},{"floor":24,"key":"Ancient Potion"}],"is_trial":false,"path_per_floor":["M","?","$","?","?","E","R","$","T","M","M","?","M","M","R","B",null,"M","M","$","?","$","R","M","R","T","M","M","?"],"character_chosen":"IRONCLAD","items_purchased":["Battle Trance"],"campfire_rested":3,"item_purchase_floors":[20],"current_hp_per_floor":[80,55,55,55,44,50,74,74,74,80,80,73,77,80,80,26,80,46,46,46,16,16,40,36,60,60,52,25,0],"gold":108,"neow_bonus":"THREE_ENEMY_KILL","is_prod":false,"is_daily":false,"chose_seed":false,"campfire_upgraded":1,"win_rate":0,"timestamp":1548031484,"path_taken":["M","?","$","?","?","E","R","?","T","M","M","?","M","M","R","BOSS","M","M","$","?","$","R","M","R","T","M","M","?"],"build_version":"2019-01-17v2","purchased_purges":3,"victory":false,"max_hp_per_floor":[80,80,80,80,80,80,80,80,80,80,80,80,80,80,80,80,80,80,80,80,80,80,80,80,80,80,80,80,80],"card_choices":[{"not_picked":["Anger","Armaments","Dropkick"],"picked":"SKIP","floor":1},{"not_picked":["Spot Weakness","Cleave"],"picked":"Uppercut","floor":6},{"not_picked":["Dropkick","Clash","Twin Strike"],"picked":"Disarm","floor":10},{"not_picked":["Wild Strike","Shrug It Off","Rage"],"picked":"Whirlwind","floor":11},{"not_picked":["Pommel Strike","Thunderclap","Pummel","Entrench"],"picked":"SKIP","floor":13},{"not_picked":["Blood for Blood","Armaments","Seeing Red","Feel No Pain"],"picked":"SKIP","floor":14},{"not_picked":["Impervious","Double Tap","Brutality"],"picked":"Demon Form","floor":16},{"not_picked":["Heavy Blade+1","Flex","Thunderclap","Warcry+1"],"picked":"SKIP","floor":18},{"not_picked":["Perfected Strike","Dropkick","Armaments","True Grit"],"picked":"SKIP","floor":19},{"not_picked":["Perfected Strike+1","Clothesline+1","Headbutt+1","Feel No Pain"],"picked":"SKIP","floor":24},{"not_picked":["Thunderclap","Searing Blow+1","Sword Boomerang","Rage"],"picked":"SKIP","floor":27},{"not_picked":["Clash","Armaments","Pommel Strike","Iron Wave+1"],"picked":"SKIP","floor":28}],"player_experience":1089198,"relics_obtained":[{"floor":6,"key":"WingedGreaves"},{"floor":9,"key":"Question Card"},{"floor":26,"key":"Orichalcum"}],"event_choices":[{"damage_healed":0,"gold_gain":0,"player_choice":"Success","damage_taken":25,"relics_obtained":["Turnip"],"max_hp_gain":0,"max_hp_loss":0,"event_name":"Scrap Ooze","floor":2,"gold_loss":0},{"damage_healed":0,"gold_gain":0,"player_choice":"Ignored","damage_taken":0,"max_hp_gain":0,"max_hp_loss":0,"event_name":"Liars Game","floor":4,"gold_loss":0},{"damage_healed":0,"gold_gain":75,"player_choice":"Gather Gold","damage_taken":11,"max_hp_gain":0,"max_hp_loss":0,"event_name":"World of Goop","floor":5,"gold_loss":0},{"cards_removed":["Strike_R"],"damage_healed":0,"gold_gain":0,"player_choice":"Card Removal","damage_taken":7,"max_hp_gain":0,"max_hp_loss":0,"event_name":"Golden Wing","floor":12,"gold_loss":0},{"damage_healed":0,"gold_gain":0,"player_choice":"Fight","damage_taken":0,"max_hp_gain":0,"max_hp_loss":0,"event_name":"Colosseum","floor":21,"gold_loss":0},{"damage_healed":0,"gold_gain":0,"player_choice":"Fled From Nobs","damage_taken":0,"max_hp_gain":0,"max_hp_loss":0,"event_name":"Colosseum","floor":21,"gold_loss":0},{"damage_healed":0,"gold_gain":0,"player_choice":"Fought Bandits","damage_taken":0,"max_hp_gain":0,"max_hp_loss":0,"event_name":"Masked Bandits","floor":29,"gold_loss":0}],"is_beta":false,"boss_relics":[{"not_picked":["White Beast Statue","Lizard Tail"],"picked":"Cursed Key"}],"items_purged_floors":[3,8,20],"is_endless":false,"potions_floor_spawned":[6,13,16,18,24],"killed_by":"Masked Bandits","ascension_level":4}