{"gold_per_floor":[115,130,130,130,150,150,162,181,205,205,192,192,209,179,179,279,279,291,291,271,271,289,289,300,316,364,45,45,59,77,92,92,190,190,208,208,208,7,0,20,30,30],"floor_reached":42,"playtime":2960,"items_purged":["Strike_R"],"score":475,"play_id":"0392cc83-74e6-4366-97e8-42417cfe3ffc","local_time":"20190113135322","is_ascension_mode":true,"campfire_choices":[{"data":"Metallicize","floor":6,"key":"SMITH"},{"data":"Whirlwind","floor":10,"key":"SMITH"},{"floor":15,"key":"REST"},{"data":"Immolate","floor":23,"key":"SMITH"},{"floor":32,"key":"REST"}],"neow_cost":"NONE","seed_source_timestamp":290799949985539,"circlet_count":0,"master_deck":["Strike_R","Strike_R","Strike_R","Defend_R","Defend_R","Defend_R","Defend_R","Inflame","Metallicize+1","Whirlwind+1","Metallicize","Impervious","Feed","Sword Boomerang+1","Demon Form","Metallicize","Immolate+1","Pommel Strike+1","Master of Strategy","Shrug It Off","Writhe","Disarm","Disarm","Armaments+1","Barricade","Flash of Steel","Master of Strategy","Disarm","Armaments+1"],"relics":["Lizard Tail","Boot","Sozu","Happy Flower","Strawberry","Busted Crown","Red Mask"],"potions_floor_usage":[8,16,16,16],"damage_taken":[{"damage":0,"enemies":"2 Louse","floor":1,"turns":3},{"damage":4,"enemies":"Small Slimes","floor":2,"turns":4},{"damage":7,"enemies":"Cultist","floor":5,"turns":6},{"damage":14,"enemies":"3 Louse","floor":7,"turns":6},{"damage":10,"enemies":"Gremlin Gang","floor":8,"turns":7},{"damage":10,"enemies":"Exordium Thugs","floor":11,"turns":6},{"damage":3,"enemies":"2 Fungi Beasts","floor":13,"turns":4},{"damage":0,"enemies":"Looter","floor":14,"turns":4},{"damage":31,"enemies":"Slime Boss","floor":16,"turns":16},{"damage":11,"enemies":"Shell Parasite","floor":18,"turns":10},{"damage":13,"enemies":"2 Thieves","floor":20,"turns":4},{"damage":20,"enemies":"Sentry and Sphere","floor":22,"turns":6},{"damage":16,"enemies":"Shelled Parasite and Fungi","floor":24,"turns":7},{"damage":2,"enemies":"Cultist and Chosen","floor":25,"turns":5},{"damage":4,"enemies":"Snecko","floor":29,"turns":4},{"damage":24,"enemies":"Shelled Parasite and Fungi","floor":30,"turns":5},{"damage":21,"enemies":"Snake Plant","floor":31,"turns":5},{"damage":47,"enemies":"Champ","floor":33,"turns":11},{"damage":21,"enemies":"3 Darklings","floor":35,"turns":3},{"damage":7,"enemies":"Orb Walker","floor":40,"turns":5},{"damage":0,"enemies":"4 Shapes","floor":41,"turns":6},{"damage":114,"enemies":"Giant Head","floor":42,"turns":11}],"seed_played":"-5351664791345412423","potions_obtained":[{"floor":5,"key":"Explosive Potion"},{"floor":8,"key":"BloodPotion"},{"floor":11,"key":"Energy Potion"},{"floor":13,"key":"Block Potion"}],"is_trial":false,"path_per_floor":["M","M","?","?","M","R","M","M","T","R","M","?","M","M","R","B",null,"M","?","M","?","M","R","M","M","T","$","?","M","M","M","R","B",null,"M","?","?","$","?","M","M","E"],"character_chosen":"IRONCLAD","items_purchased":["Master of Strategy","Shrug It Off","Master of Strategy","Disarm"],"campfire_rested":2,"item_purchase_floors":[27,27,38,38],"current_hp_per_floor":[80,76,76,76,69,69,55,45,45,45,35,35,32,32,56,33,80,72,72,59,59,42,42,26,27,27,27,34,30,6,35,63,16,96,75,75,75,75,75,68,68,0],"gold":30,"neow_bonus":"BOSS_RELIC","is_prod":false,"is_daily":false,"chose_seed":false,"campfire_upgraded":3,"win_rate":0,"timestamp":1547409202,"path_taken":["M","M","?","?","M","R","M","M","T","R","M","?","?","M","R","BOSS","M","?","?","?","M","R","M","M","T","?","?","M","M","M","R","BOSS","M","?","?","$","?","M","M","E"],"build_version":"2019-01-10","purchased_purges":1,"victory":false,"max_hp_per_floor":[80,80,80,80,80,80,80,80,80,80,80,80,80,80,80,80,80,83,83,83,83,86,86,86,89,89,89,96,96,96,96,96,96,96,96,91,91,91,91,91,91,91],"card_choices":[{"not_picked":["Pommel Strike","Burning Pact"],"picked":"Inflame","floor":1},{"not_picked":["Warcry","Rage","Armaments"],"picked":"SKIP","floor":2},{"not_picked":["Disarm","Dual Wield"],"picked":"Metallicize","floor":5},{"not_picked":["Evolve","Dropkick","Clothesline"],"picked":"SKIP","floor":7},{"not_picked":["Searing Blow","Twin Strike"],"picked":"Whirlwind","floor":8},{"not_picked":["Fire Breathing","Flex"],"picked":"Metallicize","floor":11},{"not_picked":["Wild Strike","Sever Soul"],"picked":"Impervious","floor":13},{"not_picked":["Corruption","Sword Boomerang","Clash"],"picked":"SKIP","floor":14},{"not_picked":["Exhume","Double Tap"],"picked":"Feed","floor":16},{"not_picked":["Thunderclap","Headbutt"],"picked":"Sword Boomerang+1","floor":18},{"not_picked":["Thunderclap+1","Sword Boomerang","Headbutt"],"picked":"SKIP","floor":20},{"not_picked":["Rage","Flex"],"picked":"Immolate","floor":22},{"not_picked":["Rage","Rupture+1"],"picked":"Pommel Strike+1","floor":24},{"not_picked":["Hemokinesis+1","Body Slam+1","Flex"],"picked":"SKIP","floor":25},{"not_picked":["Feel No Pain","Heavy Blade"],"picked":"Disarm","floor":29},{"not_picked":["Clash","Clothesline"],"picked":"Disarm","floor":30},{"not_picked":["Hemokinesis","Heavy Blade"],"picked":"Armaments+1","floor":31},{"not_picked":["Bludgeon","Juggernaut"],"picked":"Barricade","floor":33},{"not_picked":["Sever Soul"],"picked":"SKIP","floor":35},{"not_picked":[],"picked":"Flash of Steel","floor":37},{"not_picked":["Dual Wield"],"picked":"SKIP","floor":40},{"not_picked":[],"picked":"Armaments+1","floor":41}],"player_experience":1039640,"relics_obtained":[{"floor":9,"key":"Boot"},{"floor":26,"key":"Happy Flower"}],"event_choices":[{"cards_removed":["Bash"],"damage_healed":0,"gold_gain":0,"player_choice":"Forget","damage_taken":0,"max_hp_gain":0,"max_hp_loss":0,"event_name":"Living Wall","floor":3,"gold_loss":0},{"damage_healed":0,"gold_gain":0,"player_choice":"Ignored","damage_taken":0,"max_hp_gain":0,"max_hp_loss":0,"event_name":"Liars Game","floor":4,"gold_loss":0},{"cards_removed":["Strike_R"],"damage_healed":0,"gold_gain":0,"player_choice":"Purged","damage_taken":0,"max_hp_gain":0,"max_hp_loss":0,"event_name":"Purifier","floor":12,"gold_loss":0},{"damage_healed":0,"gold_gain":0,"player_choice":"1 cards matched","damage_taken":0,"max_hp_gain":0,"max_hp_loss":0,"event_name":"Match and Keep!","floor":19,"gold_loss":0,"cards_obtained":["Demon Form"]},{"damage_healed":0,"gold_gain":0,"player_choice":"Read","damage_taken":0,"max_hp_gain":0,"max_hp_loss":0,"event_name":"The Library","floor":21,"gold_loss":0,"cards_obtained":["Metallicize"]},{"damage_healed":0,"gold_gain":0,"player_choice":"Opened","damage_taken":0,"relics_obtained":["Strawberry"],"max_hp_gain":0,"max_hp_loss":0,"event_name":"The Mausoleum","floor":28,"gold_loss":0,"cards_obtained":["Writhe"]},{"damage_healed":0,"gold_gain":0,"player_choice":"Max HP","damage_taken":0,"max_hp_gain":0,"max_hp_loss":5,"event_name":"Winding Halls","floor":36,"gold_loss":0},{"damage_healed":0,"gold_gain":0,"player_choice":"Memory 1","damage_taken":0,"max_hp_gain":0,"max_hp_loss":0,"event_name":"SensoryStone","floor":37,"gold_loss":0},{"damage_healed":0,"gold_gain":0,"player_choice":"Paid","damage_taken":0,"relics_obtained":["Red Mask"],"max_hp_gain":0,"max_hp_loss":0,"event_name":"Tomb of Lord Red Mask","floor":39,"gold_loss":7}],"is_beta":false,"boss_relics":[{"not_picked":["Runic Cube","Calling Bell"],"picked":"Sozu"},{"not_picked":["Runic Pyramid","Black Star"],"picked":"Busted Crown"}],"items_purged_floors":[27],"is_endless":false,"potions_floor_spawned":[5,8,11,13,18,22,24,29,35,41],"killed_by":"Giant Head","ascension_level":4}