{"gold_per_floor":[218,218,218,234,249,249,174,74,74,74,74,89,89,110,110,240,240,258,276,300,300,175,175,189,189,189,189,209,224,74,87,87,87],"floor_reached":33,"playtime":1515,"items_purged":["Dualcast","Strike_B","Strike_B","Strike_B"],"score":239,"play_id":"4bbf745e-b99b-4179-bd48-aa2462e6ff0e","local_time":"20181113220020","is_ascension_mode":false,"campfire_choices":[{"floor":6,"key":"REST"},{"data":"Cold Snap","floor":13,"key":"SMITH"},{"data":"Zap","floor":15,"key":"SMITH"},{"data":"Seek","floor":23,"key":"SMITH"},{"floor":25,"key":"REST"},{"data":"Cold Snap","floor":27,"key":"SMITH"},{"floor":32,"key":"REST"}],"neow_cost":"NONE","seed_source_timestamp":3018058719137177,"circlet_count":0,"master_deck":["Strike_B","Defend_B","Defend_B","Defend_B","Defend_B","Zap+1","Cold Snap+1","Seek+1","Cold Snap+1","Capacitor"],"relics":["Cracked Core","Golden Idol","Cables","Kunai","Dodecahedron","Runic Pyramid","Gambling Chip"],"potions_floor_usage":[16,16,16,33,33,33],"damage_taken":[{"damage":5,"enemies":"Jaw Worm","floor":1,"turns":4},{"damage":0,"enemies":"2 Louse","floor":4,"turns":2},{"damage":0,"enemies":"Cultist","floor":5,"turns":3},{"damage":4,"enemies":"Exordium Wildlife","floor":12,"turns":3},{"damage":3,"enemies":"Exordium Thugs","floor":14,"turns":5},{"damage":10,"enemies":"Slime Boss","floor":16,"turns":12},{"damage":0,"enemies":"Chosen","floor":18,"turns":5},{"damage":0,"enemies":"Spheric Guardian","floor":19,"turns":3},{"damage":18,"enemies":"Snake Plant","floor":20,"turns":4},{"damage":16,"enemies":"Sentry and Sphere","floor":24,"turns":8},{"damage":9,"enemies":"Chosen and Byrds","floor":28,"turns":5},{"damage":6,"enemies":"Shelled Parasite and Fungi","floor":29,"turns":5},{"damage":0,"enemies":"Centurion and Healer","floor":31,"turns":7},{"damage":80,"enemies":"Collector","floor":33,"turns":9}],"seed_played":"6043216482506919658","potions_obtained":[{"floor":4,"key":"Dexterity Potion"},{"floor":11,"key":"Poison Potion"},{"floor":11,"key":"Strength Potion"},{"floor":19,"key":"Poison Potion"},{"floor":20,"key":"Strength Potion"},{"floor":24,"key":"EssenceOfSteel"}],"is_trial":false,"path_per_floor":["M","?","?","M","M","R","$","$","T","T","?","M","R","M","R","B",null,"M","M","M","?","$","R","M","R","T","R","M","M","$","M","R","B"],"character_chosen":"DEFECT","items_purchased":[],"campfire_rested":3,"item_purchase_floors":[],"current_hp_per_floor":[70,52,40,40,40,62,62,62,62,62,62,58,58,55,55,45,75,75,75,57,57,57,57,41,63,63,63,54,48,48,48,70,0],"gold":87,"neow_bonus":"HUNDRED_GOLD","is_prod":false,"is_daily":false,"chose_seed":false,"campfire_upgraded":4,"win_rate":0.0,"timestamp":1542168020,"path_taken":["M","?","?","M","M","R","?","$","T","?","?","M","R","M","R","BOSS","M","?","M","?","?","R","M","R","T","R","?","M","$","?","R","BOSS"],"build_version":"2018-11-08","purchased_purges":4,"victory":false,"max_hp_per_floor":[75,75,75,75,75,75,75,75,75,75,75,75,75,75,75,75,75,75,75,75,75,75,75,75,75,75,75,75,75,75,75,75,75],"card_choices":[{"not_picked":["Hologram","Turbo"],"picked":"Cold Snap","floor":1},{"not_picked":["Compile Driver","Leap","Coolheaded"],"picked":"SKIP","floor":4},{"not_picked":["Hello World","White Noise","Coolheaded"],"picked":"SKIP","floor":5},{"not_picked":["Turbo","Darkness","Beam Cell"],"picked":"SKIP","floor":12},{"not_picked":["Streamline","Hologram","Hello World"],"picked":"SKIP","floor":14},{"not_picked":["Reboot","Hyperbeam"],"picked":"Seek","floor":16},{"not_picked":["Hologram","Steam Power+1","Beam Cell"],"picked":"SKIP","floor":18},{"not_picked":["Gash","Conserve Battery+1","Rip and Tear"],"picked":"SKIP","floor":19},{"not_picked":["Meteor Strike","Stack","White Noise"],"picked":"SKIP","floor":20},{"not_picked":["Rebound","Streamline+1"],"picked":"Cold Snap","floor":24},{"not_picked":["Compile Driver","Blizzard","Ball Lightning"],"picked":"SKIP","floor":28},{"not_picked":["Fusion","Steam+1"],"picked":"Capacitor","floor":29},{"not_picked":["Barrage+1","Steam","Steam Power"],"picked":"SKIP","floor":31}],"player_experience":176216,"relics_obtained":[{"floor":9,"key":"Kunai"},{"floor":10,"key":"Dodecahedron"},{"floor":26,"key":"Gambling Chip"}],"event_choices":[{"damage_healed":0,"gold_gain":0,"player_choice":"Take Damage","damage_taken":18,"relics_obtained":["Golden Idol"],"max_hp_gain":0,"max_hp_loss":0,"event_name":"Golden Idol","floor":2,"gold_loss":0},{"damage_healed":0,"gold_gain":0,"player_choice":"Success","damage_taken":12,"relics_obtained":["Cables"],"max_hp_gain":0,"max_hp_loss":0,"event_name":"Scrap Ooze","floor":3,"gold_loss":0},{"damage_healed":0,"gold_gain":0,"player_choice":"Got Potions","damage_taken":0,"max_hp_gain":0,"max_hp_loss":0,"event_name":"Lab","floor":11,"gold_loss":0},{"damage_healed":0,"gold_gain":0,"player_choice":"Ignored","damage_taken":0,"max_hp_gain":0,"max_hp_loss":0,"event_name":"Vampires","floor":21,"gold_loss":0}],"is_beta":false,"boss_relics":[{"not_picked":["Coffee Dripper","White Beast Statue"],"picked":"Runic Pyramid"}],"items_purged_floors":[7,8,22,30],"is_endless":false,"potions_floor_spawned":[4,14,19,20,24,28,31],"killed_by":"Collector","ascension_level":0}