{"gold_per_floor":[111,130,130,130,150,162,175,58,58,35,55,55,74,84,84,179,179,161,86,100,100,114,114,132,147,197,447,190,190],"floor_reached":29,"playtime":3956,"items_purged":["Strike_G"],"score":246,"play_id":"c13a7cb9-79bf-4a7b-a3ed-986ed1496d9a","local_time":"20180731123932","is_ascension_mode":false,"campfire_choices":[{"floor":12,"key":"REST"},{"floor":15,"key":"REST"},{"floor":23,"key":"REST"}],"neow_cost":"","seed_source_timestamp":357237122994519,"circlet_count":0,"master_deck":["Defend_G","Defend_G","Defend_G","Defend_G","Defend_G","Strike_G","Strike_G","Strike_G","Survivor","Neutralize","Dodge and Roll","Outmaneuver","Flying Knee","Acrobatics","Underhanded Strike","Crippling Poison","Heel Hook","Sucker Punch","Backflip","Infinite Blades","Blur","Tools of the Trade","Prepared","Quick Slash","Terror","Dash","Sucker Punch","Calculated Gamble","Slice+1","Slice","Dodge and Roll+1","Slice","Regret","Footwork","Blade Dance","Quick Slash"],"relics":["Ring of the Snake","Ornamental Fan","Meat on the Bone","Orrery","Vajra"],"potions_floor_usage":[16,16,24,25,25,25],"damage_taken":[{"damage":0,"enemies":"2 Louse","floor":1,"turns":4},{"damage":14,"enemies":"Small Slimes","floor":2,"turns":5},{"damage":0,"enemies":"Jaw Worm","floor":5,"turns":7},{"damage":13,"enemies":"Gremlin Gang","floor":6,"turns":7},{"damage":0,"enemies":"Looter","floor":7,"turns":4},{"damage":6,"enemies":"2 Fungi Beasts","floor":11,"turns":4},{"damage":7,"enemies":"Exordium Thugs","floor":13,"turns":5},{"damage":6,"enemies":"Blue Slaver","floor":14,"turns":4},{"damage":32,"enemies":"Slime Boss","floor":16,"turns":17},{"damage":25,"enemies":"2 Thieves","floor":18,"turns":5},{"damage":15,"enemies":"Shell Parasite","floor":20,"turns":8},{"damage":28,"enemies":"Snake Plant","floor":22,"turns":7},{"damage":26,"enemies":"Chosen and Byrds","floor":24,"turns":10},{"damage":11,"enemies":"3 Cultists","floor":25,"turns":8},{"damage":43,"enemies":"Gremlin Leader","floor":29,"turns":4}],"seed_played":"-7710283010008236564","potions_obtained":[{"floor":5,"key":"Weak Potion"},{"floor":13,"key":"Ancient Potion"},{"floor":14,"key":"Block Potion"},{"floor":16,"key":"Dexterity Potion"},{"floor":22,"key":"GamblersBrew"},{"floor":24,"key":"Weak Potion"}],"is_trial":false,"path_per_floor":["M","M","?","?","M","M","M","$","T","$","M","R","M","M","R","B",null,"M","?","M","?","M","R","M","M","T","?","$"],"character_chosen":"THE_SILENT","items_purchased":["Crippling Poison","Heel Hook","Sucker Punch","Footwork","Blade Dance","Quick Slash"],"campfire_rested":3,"item_purchase_floors":[8,8,10,28,28,28],"current_hp_per_floor":[70,56,53,53,53,40,40,40,40,40,46,67,60,54,70,38,70,45,45,42,70,42,63,37,38,38,38,38,0],"gold":190,"neow_bonus":"","is_prod":false,"is_daily":false,"chose_seed":false,"campfire_upgraded":0,"win_rate":0.0,"timestamp":1533065972,"path_taken":["M","M","?","?","M","M","M","$","T","?","?","R","M","M","R","BOSS","M","?","M","?","M","R","M","M","T","?","$","E"],"build_version":"2018-07-26","purchased_purges":1,"victory":false,"max_hp_per_floor":[70,70,70,70,70,70,70,70,70,70,70,70,70,70,70,70,70,70,70,70,70,70,70,70,70,70,70,70,70],"card_choices":[{"not_picked":["Bouncing Flask","Poisoned Stab"],"picked":"Dodge and Roll","floor":1},{"not_picked":["Blur","All Out Attack"],"picked":"Outmaneuver","floor":2},{"not_picked":["Dodge and Roll","Prepared"],"picked":"Flying Knee","floor":5},{"not_picked":["Terror","Underhanded Strike"],"picked":"Acrobatics","floor":6},{"not_picked":["Heel Hook","Deadly Poison"],"picked":"Underhanded Strike","floor":7},{"not_picked":["Distraction","Burst"],"picked":"Backflip","floor":11},{"not_picked":["Underhanded Strike","Outmaneuver"],"picked":"Infinite Blades","floor":13},{"not_picked":["Slice","Outmaneuver"],"picked":"Blur","floor":14},{"not_picked":["Glass Knife","Die Die Die"],"picked":"Tools of the Trade","floor":16},{"not_picked":["Acrobatics","Outmaneuver"],"picked":"Prepared","floor":17},{"not_picked":["PiercingWail","Bouncing Flask"],"picked":"Quick Slash","floor":17},{"not_picked":["Backflip","Masterful Stab"],"picked":"Terror","floor":17},{"not_picked":["Backflip","Deadly Poison"],"picked":"Dash","floor":17},{"not_picked":["Calculated Gamble","Backflip"],"picked":"Sucker Punch","floor":17},{"not_picked":["Wraith Form v2","Dagger Spray"],"picked":"Calculated Gamble","floor":18},{"not_picked":["Deadly Poison","All Out Attack"],"picked":"Slice+1","floor":20},{"not_picked":["Prepared","Sucker Punch"],"picked":"Slice","floor":22},{"not_picked":["Outmaneuver","PiercingWail"],"picked":"Dodge and Roll+1","floor":24},{"not_picked":["Poisoned Stab","Calculated Gamble"],"picked":"Slice","floor":25}],"player_experience":9725,"relics_obtained":[{"floor":9,"key":"Meat on the Bone"},{"floor":26,"key":"Vajra"}],"event_choices":[{"event_name":"Scrap Ooze","player_choice":"success","floor":3,"damage_taken":3},{"event_name":"Liars Game","player_choice":"disagreed","floor":4,"damage_taken":0},{"event_name":"Beggar","player_choice":"Gave Gold","floor":19,"damage_taken":0},{"event_name":"Wheel of Change","player_choice":"Full Heal","floor":21,"damage_taken":0},{"event_name":"Golden Shrine","player_choice":"Desecrate","floor":27,"damage_taken":0}],"is_beta":false,"boss_relics":[{"not_picked":["Lizard Tail","Velvet Choker"],"picked":"Orrery"}],"items_purged_floors":[28],"is_endless":false,"potions_floor_spawned":[5,13,14,16,22,24],"killed_by":"Gremlin Leader","ascension_level":0}