{"gold_per_floor":[419,438,8,8,8,38,57,57],"floor_reached":8,"playtime":1033,"items_purged":["Strike_R"],"score":76,"play_id":"dda26077-0694-4a52-84dc-d3469d5f2464","local_time":"20190222215716","is_ascension_mode":true,"campfire_choices":[],"neow_cost":"TEN_PERCENT_HP_LOSS","seed_source_timestamp":862246875699300,"circlet_count":0,"master_deck":["Strike_R","Strike_R","Strike_R","Defend_R","Defend_R","Defend_R","Defend_R","Bash","Chrysalis","Rampage","Good Instincts","Double Tap","Shrug It Off"],"relics":["Burning Blood","Old Coin","Membership Card","Bottled Flame"],"potions_floor_usage":[8],"damage_taken":[{"damage":4,"enemies":"Cultist","floor":1,"turns":5},{"damage":6,"enemies":"Small Slimes","floor":2,"turns":6},{"damage":36,"enemies":"Lagavulin","floor":6,"turns":10},{"damage":8,"enemies":"2 Louse","floor":7,"turns":4},{"damage":43,"enemies":"3 Sentries","floor":8,"turns":7}],"seed_played":"-4594051840697422043","potions_obtained":[{"floor":2,"key":"Ancient Potion"},{"floor":7,"key":"Block Potion"}],"is_trial":false,"path_per_floor":["M","M","$","?","?","E","M","E"],"character_chosen":"IRONCLAD","items_purchased":["Membership Card","Chrysalis","Rampage","Good Instincts"],"campfire_rested":0,"item_purchase_floors":[3,3,3,3],"current_hp_per_floor":[72,72,72,72,72,42,40,0],"gold":57,"neow_bonus":"ONE_RARE_RELIC","is_prod":false,"is_daily":false,"chose_seed":false,"campfire_upgraded":0,"win_rate":0,"timestamp":1550894236,"path_taken":["M","?","$","?","?","E","M","E"],"build_version":"2019-01-23","purchased_purges":1,"victory":false,"max_hp_per_floor":[72,72,72,72,72,72,72,72],"card_choices":[{"not_picked":["Pommel Strike","Twin Strike","Corruption"],"picked":"SKIP","floor":1},{"not_picked":["Uppercut","Clash","Anger"],"picked":"SKIP","floor":2},{"not_picked":["Sentinel","Intimidate","Double Tap"],"picked":"SKIP","floor":6},{"not_picked":["Sentinel","Intimidate"],"picked":"Double Tap","floor":6},{"not_picked":["Perfected Strike","Power Through"],"picked":"Shrug It Off","floor":7}],"player_experience":1489566,"relics_obtained":[{"floor":6,"key":"Bottled Flame"}],"event_choices":[{"damage_healed":0,"gold_gain":0,"player_choice":"Leave","damage_taken":0,"max_hp_gain":0,"max_hp_loss":0,"event_name":"The Cleric","floor":4,"gold_loss":0},{"cards_removed":["Strike_R"],"damage_healed":0,"gold_gain":0,"player_choice":"Forget","damage_taken":0,"max_hp_gain":0,"max_hp_loss":0,"event_name":"Living Wall","floor":5,"gold_loss":0}],"is_beta":false,"boss_relics":[],"items_purged_floors":[3],"is_endless":false,"potions_floor_spawned":[2,7],"killed_by":"3 Sentries","ascension_level":7}