{"gold_per_floor":[118,118,136,136,155,182,182,207,234,264,189,219,119,150,150,150],"floor_reached":16,"playtime":551,"items_purged":["Bash","Strike_R"],"score":166,"play_id":"d547b4ce-b3bf-4bdd-abb0-9014f37b7b41","local_time":"20181116223549","is_ascension_mode":true,"campfire_choices":[{"floor":7,"key":"REST"},{"floor":15,"key":"REST"}],"neow_cost":"NONE","seed_source_timestamp":193094454202349,"circlet_count":0,"master_deck":["Strike_R","Strike_R","Strike_R","Strike_R","Defend_R","Defend_R","Defend_R","Defend_R+1","Immolate","Impervious"],"relics":["Burning Blood","Mummified Hand","Shuriken","Omamori","Centennial Puzzle","Vajra","Strawberry","Art of War"],"potions_floor_usage":[12,12,12,16],"damage_taken":[{"damage":1,"enemies":"Cultist","floor":1,"turns":4},{"damage":1,"enemies":"2 Louse","floor":3,"turns":3},{"damage":18,"enemies":"Jaw Worm","floor":5,"turns":4},{"damage":36,"enemies":"Gremlin Nob","floor":6,"turns":5},{"damage":54,"enemies":"Lagavulin","floor":8,"turns":11},{"damage":0,"enemies":"3 Sentries","floor":12,"turns":4},{"damage":17,"enemies":"Gremlin Nob","floor":14,"turns":4},{"damage":52,"enemies":"Slime Boss","floor":16,"turns":9}],"seed_played":"7519132846014862115","potions_obtained":[{"floor":4,"key":"BloodPotion"},{"floor":4,"key":"PowerPotion"},{"floor":4,"key":"SpeedPotion"},{"floor":6,"key":"Dexterity Potion"},{"floor":12,"key":"Ancient Potion"}],"is_trial":false,"path_per_floor":["M","T","M","?","M","E","R","E","T","?","$","E","$","E","R","B"],"character_chosen":"IRONCLAD","items_purchased":[],"campfire_rested":2,"item_purchase_floors":[],"current_hp_per_floor":[80,80,80,80,68,38,62,14,14,14,14,35,35,24,50,0],"gold":150,"neow_bonus":"UPGRADE_CARD","is_prod":false,"is_daily":false,"chose_seed":false,"campfire_upgraded":0,"win_rate":0,"timestamp":1542429349,"path_taken":["M","?","M","?","?","E","R","E","T","?","$","E","$","E","R","BOSS"],"build_version":"2018-11-15","purchased_purges":2,"victory":false,"max_hp_per_floor":[80,80,80,80,80,80,80,80,80,80,80,87,87,87,87,87],"card_choices":[{"not_picked":["Havoc","Cleave","Body Slam"],"picked":"SKIP","floor":1},{"not_picked":["Iron Wave","Hemokinesis","Ghostly Armor"],"picked":"SKIP","floor":3},{"not_picked":["Havoc","Cleave","Thunderclap"],"picked":"SKIP","floor":5},{"not_picked":["Limit Break","Anger","Body Slam"],"picked":"SKIP","floor":6},{"not_picked":["Pommel Strike","Corruption"],"picked":"Immolate","floor":8},{"not_picked":["Headbutt","Reckless Charge","Blood for Blood"],"picked":"SKIP","floor":12},{"not_picked":["Flex","Combust"],"picked":"Impervious","floor":14}],"player_experience":259137,"relics_obtained":[{"floor":2,"key":"Mummified Hand"},{"floor":6,"key":"Shuriken"},{"floor":8,"key":"Omamori"},{"floor":9,"key":"Centennial Puzzle"},{"floor":12,"key":"Strawberry"},{"floor":14,"key":"Art of War"}],"event_choices":[{"damage_healed":0,"gold_gain":0,"player_choice":"Got Potions","damage_taken":0,"max_hp_gain":0,"max_hp_loss":0,"event_name":"Lab","floor":4,"gold_loss":0},{"damage_healed":0,"gold_gain":30,"player_choice":"Searched \u00272\u0027 times","damage_taken":0,"relics_obtained":["Vajra"],"max_hp_gain":0,"max_hp_loss":0,"event_name":"Dead Adventurer","floor":10,"gold_loss":0}],"is_beta":false,"boss_relics":[],"items_purged_floors":[11,13],"is_endless":false,"potions_floor_spawned":[6,8,12],"killed_by":"Slime Boss","ascension_level":2}