{"gold_per_floor":[112,129,141,24,34,34,0,0,0,0,0,11,31,49,49,153,153,153,153,63,63],"floor_reached":21,"playtime":1901,"items_purged":[],"score":171,"play_id":"1eea703a-b762-493e-877f-a979e8a8575e","local_time":"20190129051917","is_ascension_mode":false,"campfire_choices":[{"data":"Loop","floor":6,"key":"SMITH"},{"data":"Loop","floor":11,"key":"SMITH"},{"data":"Buffer","floor":15,"key":"SMITH"}],"neow_cost":"TEN_PERCENT_HP_LOSS","seed_source_timestamp":95414786698231,"circlet_count":0,"master_deck":["Strike_B","Strike_B","Defend_B","Defend_B","Defend_B","Zap","Dualcast","Self Repair","Buffer+1","Loop+1","Redo","Coolheaded","Loop+1","Doom and Gloom+1","Tempest","Glacier","Multi-Cast","Lockon+1"],"relics":["Cracked Core","Meat on the Bone","Molten Egg 2","Black Star"],"potions_floor_usage":[16,16,18],"damage_taken":[{"damage":0,"enemies":"Cultist","floor":1,"turns":3},{"damage":5,"enemies":"Small Slimes","floor":2,"turns":3},{"damage":8,"enemies":"Jaw Worm","floor":3,"turns":3},{"damage":8,"enemies":"Red Slaver","floor":5,"turns":4},{"damage":13,"enemies":"Exordium Wildlife","floor":12,"turns":5},{"damage":5,"enemies":"Large Slime","floor":13,"turns":5},{"damage":0,"enemies":"3 Louse","floor":14,"turns":1},{"damage":22,"enemies":"Hexaghost","floor":16,"turns":7},{"damage":3,"enemies":"Spheric Guardian","floor":18,"turns":3},{"damage":24,"enemies":"2 Thieves","floor":20,"turns":5},{"damage":0,"enemies":"Centurion and Healer","floor":21,"turns":2}],"seed_played":"1688193465495415939","potions_obtained":[{"floor":3,"key":"FearPotion"},{"floor":5,"key":"LiquidBronze"},{"floor":12,"key":"Block Potion"},{"floor":13,"key":"SmokeBomb"},{"floor":14,"key":"Weak Potion"}],"is_trial":false,"path_per_floor":["M","M","M","$","M","R","$","?","T","?","R","M","M","M","R","B",null,"M","?","M","M"],"character_chosen":"DEFECT","items_purchased":["Loop","Redo","Loop"],"campfire_rested":0,"item_purchase_floors":[4,4,7],"current_hp_per_floor":[68,68,67,67,66,66,66,71,71,59,59,53,48,48,48,38,73,73,73,56,56],"gold":63,"neow_bonus":"REMOVE_TWO","is_prod":false,"is_daily":false,"chose_seed":false,"campfire_upgraded":3,"win_rate":0.0,"timestamp":1548735557,"path_taken":["M","M","M","$","M","R","?","?","T","?","R","M","M","M","R","BOSS","M","?","M","M"],"build_version":"2019-01-23","purchased_purges":0,"victory":false,"max_hp_per_floor":[68,68,68,68,68,68,68,73,73,73,73,73,73,73,73,73,73,73,73,73,73],"card_choices":[{"not_picked":["Redo","Compile Driver"],"picked":"Self Repair","floor":1},{"not_picked":["Chaos","Leap","Streamline"],"picked":"SKIP","floor":2},{"not_picked":["Stack","Lockon"],"picked":"Buffer","floor":3},{"not_picked":["Turbo","Gash"],"picked":"Coolheaded","floor":5},{"not_picked":["Sunder+1","Ball Lightning+1"],"picked":"Doom and Gloom+1","floor":12},{"not_picked":["Coolheaded","Conserve Battery"],"picked":"Tempest","floor":13},{"not_picked":["Sunder+1","Sweeping Beam+1"],"picked":"Glacier","floor":14},{"not_picked":["Meteor Strike+1","Electrodynamics"],"picked":"Multi-Cast","floor":16},{"not_picked":["Stack","Melter+1"],"picked":"Lockon+1","floor":20}],"player_experience":99161,"relics_obtained":[{"floor":9,"key":"Meat on the Bone"}],"event_choices":[{"damage_healed":0,"gold_gain":0,"player_choice":"Donut","damage_taken":0,"max_hp_gain":5,"max_hp_loss":0,"event_name":"Big Fish","floor":8,"gold_loss":0},{"damage_healed":0,"gold_gain":0,"player_choice":"Success","damage_taken":12,"relics_obtained":["Molten Egg 2"],"max_hp_gain":0,"max_hp_loss":0,"event_name":"Scrap Ooze","floor":10,"gold_loss":0},{"cards_removed":["Strike_B"],"damage_healed":0,"gold_gain":0,"player_choice":"Purged","damage_taken":0,"max_hp_gain":0,"max_hp_loss":0,"event_name":"Purifier","floor":19,"gold_loss":0}],"is_beta":false,"boss_relics":[{"not_picked":["White Beast Statue","Cursed Key"],"picked":"Black Star"}],"items_purged_floors":[],"is_endless":false,"potions_floor_spawned":[3,5,12,13,14],"killed_by":"Centurion and Healer","ascension_level":0}