{"gold_per_floor":[113,131,206,206,206,235,247,247,247,261,296,296,60,60],"floor_reached":14,"playtime":358,"items_purged":[],"score":118,"play_id":"4c2dab14-0112-4546-98cd-10bd6ca1c471","local_time":"20180701152531","is_ascension_mode":true,"campfire_choices":[{"floor":8,"key":"REST"}],"neow_cost":"","seed_source_timestamp":411425311983653,"circlet_count":0,"master_deck":["Strike_B","Strike_B","Strike_B","Defend_B","Defend_B","Defend_B","Defend_B","Zap","Dualcast","Self Repair","Redo","Coolheaded","Consume","Capacitor+1"],"relics":["Cracked Core","Cables","Bottled Lightning","Frozen Egg 2","Dodecahedron","Regal Pillow"],"potions_floor_usage":[],"damage_taken":[{"damage":2,"enemies":"2 Louse","floor":1,"turns":2},{"damage":12,"enemies":"Jaw Worm","floor":2,"turns":3},{"damage":39,"enemies":"3 Sentries","floor":6,"turns":7},{"damage":14,"enemies":"Small Slimes","floor":7,"turns":3},{"damage":12,"enemies":"Blue Slaver","floor":10,"turns":4},{"damage":35,"enemies":"Lagavulin","floor":11,"turns":8},{"damage":14,"enemies":"Red Slaver","floor":14,"turns":1}],"seed_played":"-3324661378770546439","potions_obtained":[{"floor":2,"key":"LiquidBronze"},{"floor":6,"key":"FearPotion"}],"is_trial":false,"path_per_floor":["M","M","?","?","T","E","M","R","T","M","E","?","$"],"character_chosen":"DEFECT","items_purchased":["Regal Pillow","Capacitor+1"],"campfire_rested":1,"item_purchase_floors":[13,13],"current_hp_per_floor":[73,68,57,62,62,30,23,47,47,42,14,14,14,0],"gold":60,"neow_bonus":"","is_prod":false,"is_daily":false,"chose_seed":false,"campfire_upgraded":0,"win_rate":0,"timestamp":1530429931,"path_taken":["M","M","?","?","?","E","M","R","T","?","E","?","$","M"],"build_version":"2018-06-28","purchased_purges":0,"victory":false,"max_hp_per_floor":[75,75,75,80,80,80,80,80,80,80,80,80,80,80],"card_choices":[{"not_picked":["Turbo","Stack"],"picked":"Self Repair","floor":1},{"not_picked":["Barrage","Hologram"],"picked":"Redo","floor":2},{"not_picked":["Melter","Sweeping Beam"],"picked":"Coolheaded","floor":6},{"not_picked":["Barrage","Turbo"],"picked":"Consume","floor":7},{"not_picked":["Genetic Algorithm","Doom and Gloom","Heatsinks+1"],"picked":"SKIP","floor":10},{"not_picked":["Consume","Hyperbeam","Sweeping Beam"],"picked":"SKIP","floor":11}],"player_experience":464983,"relics_obtained":[{"floor":5,"key":"Cables"},{"floor":6,"key":"Bottled Lightning"},{"floor":9,"key":"Frozen Egg 2"},{"floor":11,"key":"Dodecahedron"}],"event_choices":[{"event_name":"World of Goop","player_choice":"Gather Gold","floor":3,"damage_taken":0},{"event_name":"Big Fish","player_choice":"Donut","floor":4,"damage_taken":0},{"event_name":"Living Wall","player_choice":"Forget","floor":12,"damage_taken":0}],"boss_relics":[],"items_purged_floors":[],"is_endless":false,"potions_floor_spawned":[2,6],"killed_by":"Red Slaver","ascension_level":4}