{"gold_per_floor":[112,112,137,36,52,86,113,125,160,172,209,236,264,310,322],"floor_reached":15,"playtime":1447,"items_purged":[],"score":114,"play_id":"7a80c02b-6878-4317-9906-bc1de709d992","local_time":"20180925131605","is_ascension_mode":true,"campfire_choices":[{"data":"Dark Embrace","floor":8,"key":"SMITH"}],"neow_cost":"NONE","seed_source_timestamp":624402620910344,"circlet_count":0,"master_deck":["Strike_R","Strike_R","Strike_R","Strike_R","Strike_R","Defend_R","Defend_R","Defend_R","Defend_R","Bash","Dark Embrace+1","Evolve","Feel No Pain","Armaments","Infernal Blade","Pummel","Havoc","Ghostly Armor","Shrug It Off","Shrug It Off","Ghostly Armor","Intimidate"],"relics":["Burning Blood","Golden Idol","MawBank","Anchor","Juzu Bracelet"],"potions_floor_usage":[5,14,14,14],"damage_taken":[{"damage":10,"enemies":"2 Louse","floor":1,"turns":3},{"damage":12,"enemies":"Small Slimes","floor":3,"turns":6},{"damage":8,"enemies":"Jaw Worm","floor":5,"turns":7},{"damage":22,"enemies":"3 Sentries","floor":6,"turns":12},{"damage":5,"enemies":"Large Slime","floor":7,"turns":7},{"damage":10,"enemies":"Lots of Slimes","floor":11,"turns":9},{"damage":0,"enemies":"2 Fungi Beasts","floor":12,"turns":5},{"damage":2,"enemies":"Looter","floor":13,"turns":4},{"damage":12,"enemies":"Lagavulin","floor":14,"turns":12}],"seed_played":"-5265949914485886075","potions_obtained":[{"floor":1,"key":"Weak Potion"},{"floor":5,"key":"LiquidBronze"},{"floor":7,"key":"SpeedPotion"},{"floor":11,"key":"EssenceOfSteel"},{"floor":13,"key":"SkillPotion"}],"is_trial":false,"path_per_floor":["M","?","M","$","M","E","M","R","T","$","M","M","M","E"],"character_chosen":"IRONCLAD","items_purchased":["Armaments","Infernal Blade"],"campfire_rested":0,"item_purchase_floors":[4,4],"current_hp_per_floor":[76,56,50,50,48,32,33,33,33,33,29,35,39,33,33],"gold":322,"neow_bonus":"ONE_RANDOM_RARE_CARD","is_prod":false,"is_daily":false,"chose_seed":false,"campfire_upgraded":1,"win_rate":0,"timestamp":1537856165,"path_taken":["M","?","M","$","M","E","M","R","T","$","M","M","M","E","R"],"build_version":"2018-09-20","purchased_purges":0,"victory":false,"max_hp_per_floor":[80,80,80,80,80,80,80,80,80,80,80,80,80,80,80],"card_choices":[{"not_picked":["Anger","Rupture"],"picked":"Evolve","floor":1},{"not_picked":["Bloodletting","Warcry"],"picked":"Feel No Pain","floor":3},{"not_picked":["Rage","Power Through"],"picked":"Pummel","floor":5},{"not_picked":["Feel No Pain","Disarm"],"picked":"Havoc","floor":6},{"not_picked":["Sever Soul","Inflame"],"picked":"Ghostly Armor","floor":7},{"not_picked":["Sword Boomerang","Cleave"],"picked":"Shrug It Off","floor":11},{"not_picked":["Shockwave","Evolve"],"picked":"Shrug It Off","floor":12},{"not_picked":["Shockwave","Shrug It Off"],"picked":"Ghostly Armor","floor":13},{"not_picked":["True Grit","Disarm"],"picked":"Intimidate","floor":14}],"player_experience":140462,"relics_obtained":[{"floor":6,"key":"MawBank"},{"floor":9,"key":"Anchor"},{"floor":14,"key":"Juzu Bracelet"}],"event_choices":[{"event_name":"Golden Idol","player_choice":"Take Damage","floor":2,"damage_taken":0}],"is_beta":false,"boss_relics":[],"items_purged_floors":[],"is_endless":false,"potions_floor_spawned":[1,5,7,11,13],"ascension_level":1}