{"gold_per_floor":[117,117,136,101,118,118,135,310,337,337,412,424,435,454,454,550,550,565,565,565,579,579,579,579,579,647,647,746,764,790,809,809,908,908,923,933,933,948,49,49,75,75,75,89,109,109,127,142,142,142],"floor_reached":51,"playtime":3823,"items_purged":["Doubt"],"score":696,"play_id":"0e14f545-0bca-460e-b106-b08876e57f76","local_time":"20190202003930","is_ascension_mode":false,"campfire_choices":[{"data":"Pommel Strike","floor":6.0,"key":"SMITH"},{"data":"Armaments","floor":10.0,"key":"SMITH"},{"data":"Inflame","floor":15.0,"key":"SMITH"},{"data":"Feed","floor":23.0,"key":"SMITH"},{"floor":25.0,"key":"REST"},{"data":"Heavy Blade","floor":27.0,"key":"SMITH"},{"floor":32.0,"key":"REST"},{"floor":40.0,"key":"REST"},{"floor":42.0,"key":"REST"},{"floor":46.0,"key":"REST"},{"floor":49,"key":"REST"}],"neow_cost":"NONE","seed_source_timestamp":0,"circlet_count":0,"master_deck":["Strike_R+1","Strike_R","Strike_R","Strike_R","Strike_R","Defend_R","Defend_R","Defend_R","Defend_R","Bash","Corruption+1","Pommel Strike+1","Clash","Armaments+1","Inflame+1","Sword Boomerang","Twin Strike","Feed+1","Heavy Blade+1","J.A.X.","Clash","Warcry","Fiend Fire","Sword Boomerang","Bash","Secret Weapon","Sword Boomerang"],"special_seed":0,"relics":["Burning Blood","Smiling Mask","Happy Flower","Busted Crown","Nilry\u0027s Codex","Self Forming Clay","Lantern","Lizard Tail","Torii","Blood Vial","MealTicket","Oddly Smooth Stone","Shuriken"],"potions_floor_usage":[50],"damage_taken":[{"damage":5.0,"enemies":"Small Slimes","floor":1.0,"turns":5.0},{"damage":1.0,"enemies":"2 Louse","floor":3.0,"turns":4.0},{"damage":1.0,"enemies":"Cultist","floor":5.0,"turns":4.0},{"damage":6.0,"enemies":"3 Louse","floor":7.0,"turns":3.0},{"damage":5.0,"enemies":"2 Fungi Beasts","floor":12.0,"turns":4.0},{"damage":23.0,"enemies":"Lots of Slimes","floor":13.0,"turns":4.0},{"damage":0.0,"enemies":"Blue Slaver","floor":14.0,"turns":3.0},{"damage":56.0,"enemies":"The Guardian","floor":16.0,"turns":9.0},{"damage":10.0,"enemies":"2 Thieves","floor":18.0,"turns":4.0},{"damage":12.0,"enemies":"Shell Parasite","floor":21.0,"turns":3.0},{"damage":13.0,"enemies":"Sentry and Sphere","floor":29.0,"turns":4.0},{"damage":27.0,"enemies":"Centurion and Healer","floor":31.0,"turns":5.0},{"damage":63.0,"enemies":"Collector","floor":33.0,"turns":8.0},{"damage":18.0,"enemies":"3 Shapes","floor":35.0,"turns":3.0},{"damage":15.0,"enemies":"Orb Walker","floor":36.0,"turns":2.0},{"damage":25.0,"enemies":"Maw","floor":38.0,"turns":7.0},{"damage":55.0,"enemies":"Reptomancer","floor":41.0,"turns":6.0},{"damage":0.0,"enemies":"4 Shapes","floor":44.0,"turns":5.0},{"damage":43.0,"enemies":"Jaw Worm Horde","floor":45.0,"turns":4.0},{"damage":13.0,"enemies":"Sphere and 2 Shapes","floor":47.0,"turns":3.0},{"damage":31.0,"enemies":"3 Darklings","floor":48.0,"turns":4.0},{"damage":124,"enemies":"Awakened One","floor":50,"turns":10}],"seed_played":"7968398619921321365","potions_obtained":[{"floor":3.0,"key":"SpeedPotion"},{"floor":7.0,"key":"Block Potion"},{"floor":16.0,"key":"SpeedPotion"},{"floor":18.0,"key":"Explosive Potion"},{"floor":29.0,"key":"Weak Potion"},{"floor":31.0,"key":"SpeedPotion"},{"floor":35.0,"key":"SkillPotion"},{"floor":36.0,"key":"PowerPotion"},{"floor":45.0,"key":"BloodPotion"}],"is_trial":false,"path_per_floor":["?","?","?","?","M","?","?","M","?","?","?","M","T","?","M"],"character_chosen":"IRONCLAD","items_purchased":["Torii","Secret Weapon","Blood Vial","MealTicket"],"campfire_rested":6,"item_purchase_floors":[39,39,39,39],"current_hp_per_floor":[80,64,69,80,80,80,80,80,80,80,72,73,56,62,62,12,80,79,79,79,73,73,73,57,81,81,81,81,74,74,57,83,26,87,75,66,66,47,47,73,26,52,52,68,37,66,65,42,72,56],"gold":142,"neow_bonus":"RANDOM_COMMON_RELIC","is_prod":false,"is_daily":false,"chose_seed":false,"campfire_upgraded":5,"win_rate":0,"timestamp":1549064370,"path_taken":["M","?","M","?","M","R","M","?","T","R","?","M","M","?","R","BOSS","M","?","?","?","?","R","?","R","T","R","?","?","?","M","R","BOSS","M","M","?","M","$","R","E","R","T","?","M","R","M","M","R","BOSS"],"build_version":"2019-01-23","purchased_purges":1,"victory":true,"max_hp_per_floor":[80,80,80,80,80,80,80,80,80,80,80,80,80,80,80,80,80,83,83,83,83,83,83,83,83,83,83,83,83,83,87,87,87,87,87,87,87,87,87,87,87,87,87,95,99,99,103,103,103,103],"card_choices":[{"not_picked":["True Grit","Warcry"],"picked":"Corruption","floor":1.0},{"not_picked":["True Grit","Rupture"],"picked":"Pommel Strike","floor":3.0},{"not_picked":["Iron Wave","Second Wind"],"picked":"Clash","floor":5.0},{"not_picked":["Dropkick","True Grit"],"picked":"Armaments","floor":7.0},{"not_picked":["Brutality","Heavy Blade"],"picked":"Inflame","floor":12.0},{"not_picked":["Shrug It Off","Anger"],"picked":"Sword Boomerang","floor":13.0},{"not_picked":["Armaments","Hemokinesis"],"picked":"Twin Strike","floor":14.0},{"not_picked":["Immolate","Berserk"],"picked":"Feed","floor":16.0},{"not_picked":[],"picked":"Heavy Blade","floor":18.0},{"not_picked":[],"picked":"Clash","floor":21.0},{"not_picked":["Perfected Strike"],"picked":"SKIP","floor":29.0},{"not_picked":[],"picked":"Warcry","floor":31.0},{"not_picked":[],"picked":"Fiend Fire","floor":33.0},{"not_picked":[],"picked":"Sword Boomerang","floor":35.0},{"not_picked":["Body Slam"],"picked":"SKIP","floor":36.0},{"not_picked":["Clothesline"],"picked":"SKIP","floor":38.0},{"not_picked":["Havoc"],"picked":"SKIP","floor":41.0},{"not_picked":["Dropkick+1"],"picked":"SKIP","floor":44.0},{"not_picked":["Clothesline+1"],"picked":"SKIP","floor":45.0},{"not_picked":["Shrug It Off"],"picked":"SKIP","floor":47.0},{"not_picked":[],"picked":"Sword Boomerang","floor":48.0}],"player_experience":45977,"relics_obtained":[{"floor":9.0,"key":"Happy Flower"},{"floor":24.0,"key":"Nilry\u0027s Codex"},{"floor":26.0,"key":"Self Forming Clay"},{"floor":30.0,"key":"Lantern"},{"floor":41.0,"key":"Oddly Smooth Stone"},{"floor":43.0,"key":"Shuriken"}],"event_choices":[{"damage_healed":0.0,"max_hp_gain":0.0,"max_hp_loss":0.0,"gold_gain":0.0,"event_name":"Shining Light","player_choice":"Entered Light","floor":2.0,"gold_loss":0.0,"damage_taken":16.0,"cards_upgraded":["Corruption","Strike_R"]},{"damage_healed":20.0,"max_hp_gain":0.0,"max_hp_loss":0.0,"gold_gain":0.0,"event_name":"The Cleric","player_choice":"Healed","floor":4.0,"gold_loss":35.0,"damage_taken":0.0},{"damage_healed":0.0,"max_hp_gain":0.0,"max_hp_loss":0.0,"gold_gain":175.0,"event_name":"Liars Game","player_choice":"AGREE","floor":8.0,"gold_loss":0.0,"damage_taken":0.0,"cards_obtained":["Doubt"]},{"damage_healed":0.0,"max_hp_gain":0.0,"max_hp_loss":0.0,"gold_gain":75.0,"event_name":"FaceTrader","player_choice":"Touch","floor":11.0,"gold_loss":0.0,"damage_taken":8.0},{"damage_healed":0.0,"max_hp_gain":0.0,"max_hp_loss":0.0,"gold_gain":0.0,"event_name":"Drug Dealer","player_choice":"Obtain J.A.X.","floor":19.0,"gold_loss":0.0,"damage_taken":0.0,"cards_obtained":["J.A.X."]},{"damage_healed":0.0,"max_hp_gain":0.0,"max_hp_loss":0.0,"gold_gain":0.0,"event_name":"NoteForYourself","player_choice":"Ignored","floor":20.0,"gold_loss":0.0,"damage_taken":0.0},{"damage_healed":0.0,"max_hp_gain":0.0,"max_hp_loss":0.0,"gold_gain":0.0,"event_name":"Ghosts","player_choice":"Ignored","floor":22.0,"gold_loss":0.0,"damage_taken":0.0},{"damage_healed":0.0,"max_hp_gain":0.0,"max_hp_loss":0.0,"gold_gain":0.0,"event_name":"Cursed Tome","player_choice":"Obtained Book","floor":24.0,"gold_loss":0.0,"damage_taken":16.0},{"damage_healed":0.0,"max_hp_gain":0.0,"max_hp_loss":0.0,"gold_gain":99.0,"event_name":"Nest","player_choice":"Stole From Cult","floor":28.0,"gold_loss":0.0,"damage_taken":0.0},{"damage_healed":0.0,"max_hp_gain":0.0,"max_hp_loss":0.0,"gold_gain":0.0,"event_name":"Match and Keep!","player_choice":"1 cards matched","floor":37.0,"gold_loss":0.0,"damage_taken":0.0,"cards_obtained":["Bash"]}],"is_beta":false,"boss_relics":[{"not_picked":["Astrolabe","Sozu"],"picked":"Busted Crown"},{"not_picked":["Runic Pyramid","Black Star"],"picked":"Lizard Tail"}],"items_purged_floors":[39],"is_endless":false,"potions_floor_spawned":[3,7,16,18,29,31,35,36,45],"ascension_level":0}