{"gold_per_floor":[117,129,129,79,89,89,108,183,183,283,296,296,322,342,342,441,441,455,455,466,381,255,255,268,285,341,341,341,376,376,409,409,507,507,522,218,218,231,249,280,293,311,311,311,337,349,190,290,290,290],"floor_reached":51,"playtime":2295,"items_purged":["Strike_R+1","Strike_R+1","Strike_R+1"],"score":715,"play_id":"90ce6f6a-78e9-41c7-8de7-6a142b522453","local_time":"20190223185911","is_ascension_mode":false,"campfire_choices":[{"data":"Whirlwind","floor":6,"key":"SMITH"},{"data":"Spot Weakness","floor":12,"key":"SMITH"},{"data":"Ghostly Armor","floor":15,"key":"SMITH"},{"data":"Demon Form","floor":23,"key":"SMITH"},{"data":"Bash","floor":27,"key":"SMITH"},{"data":"Shrug It Off","floor":46,"key":"SMITH"},{"data":"Shrug It Off","floor":49,"key":"SMITH"}],"neow_cost":"NONE","seed_source_timestamp":19286114585774,"circlet_count":0,"master_deck":["Strike_R+1","Defend_R+1","Defend_R+1","Defend_R+1","Defend_R+1","Bash+1","Spot Weakness+1","Whirlwind+1","Ghostly Armor+1","Demon Form+1","True Grit+1","Shockwave+1","Shrug It Off+1","Shrug It Off+1"],"relics":["Burning Blood","Matryoshka","Boot","Kunai","Red Skull","Coffee Dripper","Dodecahedron","Tiny Chest","Lantern","Regal Pillow","Shuriken","Black Star","TheAbacus","Ginger","Omamori","Champion Belt","Bronze Scales","MawBank","Nunchaku"],"potions_floor_usage":[2,13,16,40,50,50,50],"damage_taken":[{"damage":0,"enemies":"2 Louse","floor":1,"turns":3},{"damage":0,"enemies":"Jaw Worm","floor":2,"turns":3},{"damage":2,"enemies":"Small Slimes","floor":5,"turns":4},{"damage":0,"enemies":"2 Fungi Beasts","floor":7,"turns":2},{"damage":6,"enemies":"Red Slaver","floor":11,"turns":5},{"damage":30,"enemies":"3 Sentries","floor":13,"turns":7},{"damage":1,"enemies":"Exordium Wildlife","floor":14,"turns":4},{"damage":26,"enemies":"Hexaghost","floor":16,"turns":9},{"damage":0,"enemies":"3 Byrds","floor":18,"turns":4},{"damage":9,"enemies":"Shell Parasite","floor":20,"turns":7},{"damage":7,"enemies":"Snecko","floor":24,"turns":4},{"damage":0,"enemies":"Cultist and Chosen","floor":25,"turns":7},{"damage":3,"enemies":"Book of Stabbing","floor":29,"turns":5},{"damage":17,"enemies":"Slavers","floor":31,"turns":4},{"damage":7,"enemies":"Collector","floor":33,"turns":7},{"damage":1,"enemies":"3 Shapes","floor":35,"turns":6},{"damage":3,"enemies":"Orb Walker","floor":38,"turns":4},{"damage":7,"enemies":"Maw","floor":39,"turns":8},{"damage":1,"enemies":"Nemesis","floor":40,"turns":7},{"damage":5,"enemies":"3 Darklings","floor":41,"turns":6},{"damage":5,"enemies":"Spire Growth","floor":42,"turns":6},{"damage":14,"enemies":"Mind Bloom Boss Battle","floor":48,"turns":8},{"damage":3,"enemies":"Time Eater","floor":50,"turns":13}],"seed_played":"5432853252577135433","potions_obtained":[{"floor":0,"key":"Fruit Juice"},{"floor":0,"key":"Block Potion"},{"floor":0,"key":"EssenceOfSteel"},{"floor":2,"key":"Swift Potion"},{"floor":13,"key":"LiquidBronze"},{"floor":16,"key":"Swift Potion"},{"floor":40,"key":"Energy Potion"}],"is_trial":false,"path_per_floor":["M","M","?","?","M","R","M","?","T","?","M","R","E","M","R","B",null,"M","?","M","?","$","R","M","M","T","R","?","E","R","E","R","B",null,"M","$","?","M","M","E","M","M","T","T","T","R","$","?","R","B",null],"character_chosen":"IRONCLAD","items_purchased":["Dexterity Potion","TheAbacus","Shrug It Off"],"campfire_rested":0,"item_purchase_floors":[22,36,47],"current_hp_per_floor":[80,80,62,62,66,66,72,61,61,61,61,61,42,47,47,27,85,85,85,82,82,82,82,81,85,85,85,69,72,72,61,61,60,90,90,90,90,90,89,90,90,90,90,90,90,90,90,82,82,85],"gold":290,"neow_bonus":"THREE_SMALL_POTIONS","is_prod":false,"is_daily":false,"chose_seed":false,"campfire_upgraded":7,"win_rate":0,"timestamp":1550966351,"path_taken":["M","M","?","?","M","R","?","?","T","?","M","R","E","M","R","BOSS","M","?","M","?","$","R","M","M","T","R","?","E","R","E","R","BOSS","M","$","?","?","?","E","M","M","T","?","?","R","$","?","R","BOSS"],"build_version":"2019-01-23","purchased_purges":3,"victory":true,"max_hp_per_floor":[80,80,80,80,80,80,80,80,80,80,80,80,85,85,85,85,85,85,85,85,85,85,85,85,85,85,85,90,90,90,90,90,90,90,90,90,90,90,90,90,90,90,90,90,90,90,90,90,90,90],"card_choices":[{"not_picked":["Thunderclap","Havoc"],"picked":"Spot Weakness","floor":1},{"not_picked":["Rampage","True Grit"],"picked":"Whirlwind","floor":2},{"not_picked":["Twin Strike","Blood for Blood","Rupture"],"picked":"SKIP","floor":5},{"not_picked":["Thunderclap","Iron Wave","Havoc"],"picked":"SKIP","floor":7},{"not_picked":["Evolve","Twin Strike","Intimidate"],"picked":"SKIP","floor":11},{"not_picked":["Infernal Blade","Feel No Pain"],"picked":"Ghostly Armor","floor":13},{"not_picked":["Intimidate","Searing Blow","Armaments"],"picked":"SKIP","floor":14},{"not_picked":["Reaper","Offering"],"picked":"Demon Form","floor":16},{"not_picked":["Warcry","Shrug It Off"],"picked":"True Grit+1","floor":18},{"not_picked":["Clothesline","Headbutt","Pommel Strike+1"],"picked":"SKIP","floor":20},{"not_picked":["Clash","Dual Wield","Headbutt"],"picked":"SKIP","floor":24},{"not_picked":["Twin Strike","Corruption","Sword Boomerang+1"],"picked":"SKIP","floor":25},{"not_picked":["Clash","Pummel","Second Wind"],"picked":"SKIP","floor":29},{"not_picked":["Clash","Sever Soul","Flex"],"picked":"SKIP","floor":31},{"not_picked":["Feel No Pain+1","Reckless Charge+1","Twin Strike"],"picked":"SKIP","floor":35},{"not_picked":["Armaments","Perfected Strike","Sword Boomerang+1"],"picked":"SKIP","floor":38},{"not_picked":["Dropkick+1","Burning Pact+1"],"picked":"Shockwave+1","floor":39},{"not_picked":["Second Wind+1","Anger","Inflame+1"],"picked":"SKIP","floor":40},{"not_picked":["True Grit+1","Wild Strike+1","Flame Barrier"],"picked":"SKIP","floor":41},{"not_picked":["Corruption","Ghostly Armor"],"picked":"Shrug It Off","floor":42}],"player_experience":437321,"relics_obtained":[{"floor":9,"key":"Boot"},{"floor":9,"key":"Kunai"},{"floor":13,"key":"Red Skull"},{"floor":26,"key":"Tiny Chest"},{"floor":26,"key":"Lantern"},{"floor":29,"key":"Regal Pillow"},{"floor":31,"key":"Shuriken"},{"floor":40,"key":"Ginger"},{"floor":40,"key":"Omamori"},{"floor":43,"key":"Champion Belt"},{"floor":44,"key":"Bronze Scales"},{"floor":45,"key":"MawBank"},{"floor":48,"key":"Nunchaku"}],"event_choices":[{"damage_healed":0,"gold_gain":0,"player_choice":"Success","damage_taken":18,"relics_obtained":["Matryoshka"],"max_hp_gain":0,"max_hp_loss":0,"event_name":"Scrap Ooze","floor":3,"gold_loss":0},{"cards_removed":["Strike_R"],"damage_healed":0,"gold_gain":0,"player_choice":"Card Removal","damage_taken":0,"max_hp_gain":0,"max_hp_loss":0,"event_name":"The Cleric","floor":4,"gold_loss":50},{"damage_healed":0,"gold_gain":75,"player_choice":"Gather Gold","damage_taken":11,"max_hp_gain":0,"max_hp_loss":0,"event_name":"World of Goop","floor":8,"gold_loss":0},{"damage_healed":0,"gold_gain":100,"player_choice":"Pray","damage_taken":0,"max_hp_gain":0,"max_hp_loss":0,"event_name":"Golden Shrine","floor":10,"gold_loss":0},{"damage_healed":0,"gold_gain":0,"player_choice":"Simplicity","damage_taken":0,"max_hp_gain":0,"max_hp_loss":0,"event_name":"Back to Basics","floor":19,"gold_loss":0,"cards_upgraded":["Strike_R","Strike_R","Strike_R","Strike_R","Defend_R","Defend_R","Defend_R","Defend_R"]},{"damage_healed":0,"gold_gain":0,"player_choice":"Obtained Relic","damage_taken":0,"relics_obtained":["Dodecahedron"],"max_hp_gain":0,"max_hp_loss":0,"event_name":"Addict","floor":21,"gold_loss":85},{"damage_healed":0,"gold_gain":0,"player_choice":"Shed Blood","damage_taken":21,"max_hp_gain":5,"max_hp_loss":0,"event_name":"Forgotten Altar","floor":28,"gold_loss":0},{"damage_healed":0,"gold_gain":0,"player_choice":"Ignored","damage_taken":0,"max_hp_gain":0,"max_hp_loss":0,"event_name":"Upgrade Shrine","floor":37,"gold_loss":0},{"damage_healed":0,"gold_gain":0,"player_choice":"Fight","damage_taken":0,"max_hp_gain":0,"max_hp_loss":0,"event_name":"MindBloom","floor":48,"gold_loss":0}],"is_beta":false,"boss_relics":[{"not_picked":["Sozu","Empty Cage"],"picked":"Coffee Dripper"},{"not_picked":["White Beast Statue","Runic Cube"],"picked":"Black Star"}],"items_purged_floors":[22,36,47],"is_endless":false,"potions_floor_spawned":[1,2,13,16,18,29,31,39,40],"ascension_level":0}