{"gold_per_floor":[112,112,112,133,146,180,203,153,178,202,202,215,238,261,261,261],"floor_reached":16,"playtime":537,"items_purged":[],"score":122,"play_id":"6b56f1da-3db9-482a-93ed-b1b048e289b6","local_time":"20181125235439","is_ascension_mode":true,"campfire_choices":[{"floor":11,"key":"RECALL"},{"floor":15,"key":"REST"}],"neow_cost":"NONE","seed_source_timestamp":111954737757992,"circlet_count":0,"master_deck":["Strike_R","Strike_R","Strike_R","Strike_R","Strike_R","Defend_R","Defend_R","Defend_R","Defend_R","Whirlwind+1","Metallicize","Whirlwind"],"relics":["Burning Blood","NeowsBlessing","Golden Idol","PreservedInsect"],"potions_floor_usage":[16,16,16],"damage_taken":[{"damage":0,"enemies":"2 Louse","floor":1,"turns":1},{"damage":0,"enemies":"Jaw Worm","floor":4,"turns":1},{"damage":0,"enemies":"Cultist","floor":5,"turns":1},{"damage":20,"enemies":"3 Sentries","floor":6,"turns":3},{"damage":0,"enemies":"Exordium Wildlife","floor":7,"turns":3},{"damage":10,"enemies":"Looter","floor":10,"turns":5},{"damage":16,"enemies":"Gremlin Gang","floor":12,"turns":3},{"damage":30,"enemies":"Large Slime","floor":13,"turns":7},{"damage":5,"enemies":"Blue Slaver","floor":14,"turns":6},{"damage":51,"enemies":"The Guardian","floor":16,"turns":10}],"seed_played":"-7962020177387044025","potions_obtained":[{"floor":1,"key":"Energy Potion"},{"floor":6,"key":"Fire Potion"},{"floor":7,"key":"Fire Potion"}],"is_trial":false,"path_per_floor":["M","?","?","M","M","E","M","?","T","M","R","M","M","M","R","B"],"character_chosen":"IRONCLAD","items_purchased":[],"campfire_rested":1,"item_purchase_floors":[],"current_hp_per_floor":[80,60,60,66,72,58,64,64,64,60,60,50,26,27,51,0],"gold":261,"neow_bonus":"THREE_ENEMY_KILL","is_prod":false,"is_daily":false,"chose_seed":false,"campfire_upgraded":0,"win_rate":0,"timestamp":1543211679,"path_taken":["M","?","?","M","?","E","M","?","T","M","R","M","M","M","R","BOSS"],"build_version":"2018-11-15","purchased_purges":0,"victory":false,"max_hp_per_floor":[80,80,80,80,80,80,80,80,80,80,80,80,80,80,80,80],"card_choices":[{"not_picked":["Iron Wave","Cleave"],"picked":"Whirlwind","floor":1},{"not_picked":["Feel No Pain","Entrench","Clothesline"],"picked":"SKIP","floor":4},{"not_picked":["Cleave","Clash","Havoc"],"picked":"SKIP","floor":5},{"not_picked":["Infernal Blade","Evolve","Bloodletting"],"picked":"SKIP","floor":6},{"not_picked":["Sword Boomerang","Twin Strike","Thunderclap"],"picked":"SKIP","floor":7},{"not_picked":["Carnage","Armaments","Heavy Blade"],"picked":"SKIP","floor":10},{"not_picked":["Clash","Armaments","Reckless Charge"],"picked":"SKIP","floor":12},{"not_picked":["Pommel Strike","Armaments"],"picked":"Metallicize","floor":13},{"not_picked":["Second Wind","Warcry"],"picked":"Whirlwind","floor":14}],"player_experience":488798,"relics_obtained":[{"floor":6,"key":"PreservedInsect"}],"event_choices":[{"damage_healed":0,"gold_gain":0,"player_choice":"Take Damage","damage_taken":20,"relics_obtained":["Golden Idol"],"max_hp_gain":0,"max_hp_loss":0,"event_name":"Golden Idol","floor":2,"gold_loss":0},{"damage_healed":0,"gold_gain":0,"player_choice":"Upgraded","damage_taken":0,"max_hp_gain":0,"max_hp_loss":0,"event_name":"Upgrade Shrine","floor":3,"gold_loss":0,"cards_upgraded":["Whirlwind"]},{"cards_removed":["Bash"],"damage_healed":0,"gold_gain":0,"player_choice":"Card Removal","damage_taken":0,"max_hp_gain":0,"max_hp_loss":0,"event_name":"The Cleric","floor":8,"gold_loss":50}],"is_beta":false,"boss_relics":[],"items_purged_floors":[],"is_endless":false,"potions_floor_spawned":[1,6,7,14],"killed_by":"The Guardian","ascension_level":3}