{"gold_per_floor":[113,188,363,416,416,416,187,199,199,215,229,26,40,56,56,154,154,167,185,195,209,84,84,84,99,99,99,130,130,130,146,146,146],"floor_reached":33,"playtime":8885,"items_purged":["Strike_R","Doubt","Doubt"],"score":284,"play_id":"4f550a5f-7770-4855-886e-443f0fc8cfff","local_time":"20181016220103","is_ascension_mode":false,"campfire_choices":[{"data":"Iron Wave","floor":6,"key":"SMITH"},{"data":"Shockwave","floor":15,"key":"SMITH"},{"data":"Iron Wave","floor":23,"key":"SMITH"},{"data":"Iron Wave","floor":30,"key":"SMITH"},{"data":"Iron Wave","floor":32,"key":"SMITH"}],"neow_cost":"","seed_source_timestamp":576056074526099,"circlet_count":0,"master_deck":["Strike_R+1","Strike_R","Defend_R","Defend_R+1","Defend_R","Defend_R+1","Bash","Iron Wave+1","Pommel Strike","Twin Strike","Iron Wave+1","Flex","Cleave","Shockwave+1","Iron Wave+1","Juggernaut","Shame","Regret","Flex+1","Reckless Charge+1","Iron Wave+1","Warcry+1","Iron Wave","Uppercut","Searing Blow","Armaments+1"],"relics":["Burning Blood","Bronze Scales","Bag of Marbles","Meat on the Bone","Calling Bell","Happy Flower","FossilizedHelix","Self Forming Clay","Bottled Lightning","War Paint"],"potions_floor_usage":[19,20,33,33],"damage_taken":[{"damage":1,"enemies":"Cultist","floor":1,"turns":4},{"damage":4,"enemies":"Jaw Worm","floor":8,"turns":2},{"damage":1,"enemies":"Small Slimes","floor":10,"turns":2},{"damage":5,"enemies":"3 Louse","floor":11,"turns":2},{"damage":0,"enemies":"2 Fungi Beasts","floor":13,"turns":2},{"damage":4,"enemies":"Blue Slaver","floor":14,"turns":2},{"damage":33,"enemies":"The Guardian","floor":16,"turns":11},{"damage":17,"enemies":"Spheric Guardian","floor":18,"turns":4},{"damage":15,"enemies":"2 Thieves","floor":19,"turns":3},{"damage":11,"enemies":"Snecko","floor":20,"turns":5},{"damage":18,"enemies":"Shelled Parasite and Fungi","floor":21,"turns":6},{"damage":3,"enemies":"Centurion and Healer","floor":25,"turns":5},{"damage":10,"enemies":"Book of Stabbing","floor":28,"turns":5},{"damage":15,"enemies":"Sentry and Sphere","floor":31,"turns":5},{"damage":59,"enemies":"Champ","floor":33,"turns":11}],"seed_played":"-6439745039666321445","potions_obtained":[{"floor":8,"key":"Ancient Potion"},{"floor":10,"key":"GamblersBrew"},{"floor":13,"key":"Regen Potion"},{"floor":19,"key":"Swift Potion"}],"is_trial":false,"path_per_floor":["M","?","?","T","?","R","$","M","T","M","M","$","M","M","R","B",null,"M","M","M","M","$","R","$","M","T","?","E","?","R","M","R"],"character_chosen":"IRONCLAD","items_purchased":["Bag of Marbles","Flex","Cleave"],"campfire_rested":0,"item_purchase_floors":[7,12,12],"current_hp_per_floor":[80,69,69,69,53,53,53,55,55,60,61,61,67,69,69,54,80,69,60,55,55,55,55,55,58,58,58,54,39,39,42,42,0],"gold":146,"neow_bonus":"","is_prod":false,"is_daily":false,"chose_seed":false,"campfire_upgraded":5,"win_rate":0.0,"timestamp":1539752463,"path_taken":["M","?","?","?","?","R","$","?","T","M","M","?","M","M","R","BOSS","M","M","M","M","$","R","$","M","T","?","E","?","R","M","R","BOSS"],"build_version":"2018-10-11","purchased_purges":3,"victory":false,"max_hp_per_floor":[80,80,80,80,80,80,80,80,80,80,80,80,80,80,80,80,80,80,80,80,80,80,80,80,80,80,80,80,85,85,85,85,85],"card_choices":[{"not_picked":["Carnage","Rage"],"picked":"Iron Wave","floor":1},{"not_picked":["Hemokinesis","Dual Wield"],"picked":"Pommel Strike","floor":8},{"not_picked":["Clothesline","Warcry"],"picked":"Twin Strike","floor":10},{"not_picked":["Offering","Shrug It Off"],"picked":"Iron Wave","floor":11},{"not_picked":["Carnage","Reckless Charge"],"picked":"Shockwave","floor":13},{"not_picked":["Blood for Blood","Power Through"],"picked":"Iron Wave","floor":14},{"not_picked":["Reaper","Berserk"],"picked":"Juggernaut","floor":16},{"not_picked":["Corruption","Headbutt"],"picked":"Flex","floor":18},{"not_picked":["Rupture","True Grit"],"picked":"Reckless Charge+1","floor":19},{"not_picked":["Thunderclap","True Grit"],"picked":"Iron Wave","floor":20},{"not_picked":["Sword Boomerang","Shrug It Off","Seeing Red"],"picked":"SKIP","floor":21},{"not_picked":["Twin Strike","True Grit"],"picked":"Warcry+1","floor":25},{"not_picked":["Metallicize","Sever Soul"],"picked":"Searing Blow","floor":28},{"not_picked":["Iron Wave","Perfected Strike+1"],"picked":"Armaments+1","floor":31}],"player_experience":0,"relics_obtained":[{"floor":4,"key":"Bronze Scales"},{"floor":9,"key":"Meat on the Bone"},{"floor":17,"key":"Happy Flower"},{"floor":17,"key":"FossilizedHelix"},{"floor":17,"key":"Self Forming Clay"},{"floor":26,"key":"Bottled Lightning"},{"floor":28,"key":"War Paint"}],"event_choices":[{"event_name":"World of Goop","player_choice":"Gather Gold","floor":2,"damage_taken":0},{"event_name":"Liars Game","player_choice":"agreed","floor":3,"damage_taken":0},{"event_name":"Shining Light","player_choice":"Entered Light","floor":5,"damage_taken":0},{"event_name":"Drug Dealer","player_choice":"Became Test Subject","floor":27,"damage_taken":0},{"event_name":"Forgotten Altar","player_choice":"Shed Blood","floor":29,"damage_taken":0}],"is_beta":false,"boss_relics":[{"not_picked":["Busted Crown","Lizard Tail"],"picked":"Calling Bell"}],"items_purged_floors":[7,12,22],"is_endless":false,"potions_floor_spawned":[8,10,13,14,18,19],"killed_by":"Champ","ascension_level":0}