{"gold_per_floor":[218,228,228,228,245,245,265,293,316,330,330,330,355,325,325,325],"floor_reached":16,"playtime":893,"items_purged":[],"score":115,"play_id":"32fc2e25-be22-4f61-801f-44587c9e251a","local_time":"20181121111107","is_ascension_mode":true,"campfire_choices":[{"floor":6,"key":"RECALL"},{"floor":11,"key":"REST"},{"floor":15,"key":"REST"}],"neow_cost":"NONE","seed_source_timestamp":583675244760781,"circlet_count":0,"master_deck":["Strike_R","Strike_R+1","Strike_R+1","Strike_R","Strike_R","Defend_R","Defend_R","Defend_R","Defend_R","Disarm"],"relics":["Burning Blood","Juzu Bracelet","Dream Catcher"],"potions_floor_usage":[8,8,16,16],"damage_taken":[{"damage":6,"enemies":"Cultist","floor":1,"turns":4},{"damage":9,"enemies":"2 Louse","floor":2,"turns":2},{"damage":4,"enemies":"Small Slimes","floor":5,"turns":5},{"damage":4,"enemies":"Red Slaver","floor":7,"turns":6},{"damage":40,"enemies":"Gremlin Nob","floor":8,"turns":5},{"damage":11,"enemies":"3 Louse","floor":10,"turns":5},{"damage":91,"enemies":"Slime Boss","floor":16,"turns":11}],"seed_played":"-5542419908684629114","potions_obtained":[{"floor":1,"key":"Dexterity Potion"},{"floor":2,"key":"LiquidBronze"},{"floor":7,"key":"SkillPotion"},{"floor":14,"key":"FairyPotion"},{"floor":14,"key":"Ancient Potion"}],"is_trial":false,"path_per_floor":["M","M","?","?","M","R","M","E","T","M","R","?","T","?","R","B"],"character_chosen":"IRONCLAD","items_purchased":[],"campfire_rested":2,"item_purchase_floors":[],"current_hp_per_floor":[80,77,61,61,63,63,65,31,31,26,50,43,43,43,67,0],"gold":325,"neow_bonus":"HUNDRED_GOLD","is_prod":false,"is_daily":false,"chose_seed":false,"campfire_upgraded":0,"win_rate":0,"timestamp":1542820267,"path_taken":["M","M","?","?","M","R","M","E","T","M","R","?","?","?","R","BOSS"],"build_version":"2018-11-15","purchased_purges":0,"victory":false,"max_hp_per_floor":[80,80,80,80,80,80,80,80,80,80,80,80,80,80,80,80],"card_choices":[{"not_picked":["Pummel","Thunderclap","Cleave"],"picked":"SKIP","floor":1},{"not_picked":["Feel No Pain","Dual Wield","Pommel Strike"],"picked":"SKIP","floor":2},{"not_picked":["Dropkick","Twin Strike"],"picked":"Disarm","floor":5},{"not_picked":["Sword Boomerang","Clash","Feel No Pain"],"picked":"SKIP","floor":7},{"not_picked":["Clash","Clothesline","Perfected Strike"],"picked":"SKIP","floor":8},{"not_picked":["Twin Strike","Cleave","Sword Boomerang"],"picked":"SKIP","floor":10}],"player_experience":469557,"relics_obtained":[{"floor":8,"key":"Juzu Bracelet"},{"floor":13,"key":"Dream Catcher"}],"event_choices":[{"damage_healed":0,"gold_gain":0,"player_choice":"Entered Light","damage_taken":16,"max_hp_gain":0,"max_hp_loss":0,"event_name":"Shining Light","floor":3,"gold_loss":0,"cards_upgraded":["Strike_R","Strike_R"]},{"damage_healed":0,"gold_gain":0,"player_choice":"Ignored","damage_taken":0,"max_hp_gain":0,"max_hp_loss":0,"event_name":"Liars Game","floor":4,"gold_loss":0},{"cards_removed":["Bash"],"damage_healed":0,"gold_gain":0,"player_choice":"Card Removal","damage_taken":7,"max_hp_gain":0,"max_hp_loss":0,"event_name":"Golden Wing","floor":12,"gold_loss":0},{"damage_healed":0,"gold_gain":0,"player_choice":"Bought 2 Potions","damage_taken":0,"max_hp_gain":0,"max_hp_loss":0,"event_name":"The Woman in Blue","floor":14,"gold_loss":0}],"is_beta":false,"boss_relics":[],"items_purged_floors":[],"is_endless":false,"potions_floor_spawned":[1,2,7],"killed_by":"Slime Boss","ascension_level":3}