{"gold_per_floor":[20,20,40,40,55,86,86,113,139,139,158,158,215,33,33,128,128,140,50,60,77,93,122,122,133,133,165,165,65,84,100,100,204,204,215,225,244,254,308,340,340,372,372,399,428,474,486,511,523,535],"floor_reached":51,"playtime":4390,"items_purged":["Defend_R","Strike_R"],"score":1021,"play_id":"b2864726-9058-4bbe-a72b-6a1c8f46a12a","local_time":"20181108005926","is_ascension_mode":true,"campfire_choices":[{"data":"Bash","floor":7,"key":"SMITH"},{"data":"Limit Break","floor":10,"key":"SMITH"},{"data":"Armaments","floor":12,"key":"SMITH"},{"data":"Metallicize","floor":15,"key":"SMITH"},{"data":"1","floor":24,"key":"LIFT"},{"data":"2","floor":28,"key":"LIFT"},{"data":"3","floor":32,"key":"LIFT"},{"floor":41,"key":"REST"},{"floor":49,"key":"REST"}],"neow_cost":"NO_GOLD","seed_source_timestamp":182658228945299,"circlet_count":0,"master_deck":["Strike_R","Strike_R","Strike_R+1","Strike_R","Defend_R","Defend_R","Bash+1","Inflame+1","Iron Wave","Shrug It Off","Anger","Limit Break+1","Armaments+1","Metallicize+1","Reaper","Ghostly Armor+1","Whirlwind","Pommel Strike+1","Offering","Inflame","Headbutt+1","Heavy Blade","Headbutt+1","Disarm+1","Clothesline"],"relics":["Burning Blood","Thread and Needle","Anchor","Vajra","Potion Belt","Centennial Puzzle","Busted Crown","Girya","Turnip","Shuriken","Fusion Hammer","Mango","Unceasing Top","Strawberry","MawBank","Shovel"],"potions_floor_usage":[46,50,50],"damage_taken":[{"damage":3,"enemies":"Small Slimes","floor":1,"turns":5},{"damage":0,"enemies":"2 Louse","floor":3,"turns":4},{"damage":2,"enemies":"Cultist","floor":5,"turns":3},{"damage":22,"enemies":"Gremlin Nob","floor":6,"turns":5},{"damage":10,"enemies":"3 Sentries","floor":8,"turns":8},{"damage":0,"enemies":"2 Fungi Beasts","floor":11,"turns":3},{"damage":1,"enemies":"3 Sentries","floor":13,"turns":5},{"damage":10,"enemies":"Slime Boss","floor":16,"turns":7},{"damage":1,"enemies":"3 Byrds","floor":18,"turns":6},{"damage":0,"enemies":"2 Thieves","floor":20,"turns":4},{"damage":10,"enemies":"Snake Plant","floor":21,"turns":5},{"damage":0,"enemies":"Centurion and Healer","floor":22,"turns":6},{"damage":6,"enemies":"Book of Stabbing","floor":23,"turns":4},{"damage":16,"enemies":"Shelled Parasite and Fungi","floor":25,"turns":3},{"damage":22,"enemies":"Gremlin Leader","floor":27,"turns":5},{"damage":4,"enemies":"Cultist and Chosen","floor":30,"turns":4},{"damage":5,"enemies":"Snake Plant","floor":31,"turns":3},{"damage":0,"enemies":"Automaton","floor":33,"turns":6},{"damage":8,"enemies":"3 Darklings","floor":35,"turns":3},{"damage":6,"enemies":"Orb Walker","floor":36,"turns":2},{"damage":12,"enemies":"Transient","floor":37,"turns":5},{"damage":0,"enemies":"Spire Growth","floor":38,"turns":3},{"damage":9,"enemies":"2 Orb Walkers","floor":39,"turns":3},{"damage":6,"enemies":"Giant Head","floor":40,"turns":4},{"damage":6,"enemies":"Nemesis","floor":42,"turns":5},{"damage":6,"enemies":"3 Darklings","floor":44,"turns":3},{"damage":6,"enemies":"Transient","floor":45,"turns":5},{"damage":6,"enemies":"Giant Head","floor":46,"turns":4},{"damage":33,"enemies":"Writhing Mass","floor":48,"turns":3},{"damage":47,"enemies":"Donu and Deca","floor":50,"turns":6}],"seed_played":"-4267648755411293948","potions_obtained":[{"floor":1,"key":"SpeedPotion"},{"floor":6,"key":"Strength Potion"},{"floor":16,"key":"SkillPotion"},{"floor":22,"key":"Poison Potion"},{"floor":23,"key":"AttackPotion"},{"floor":30,"key":"Swift Potion"},{"floor":45,"key":"PowerPotion"},{"floor":46,"key":"Poison Potion"}],"is_trial":false,"path_per_floor":["M","?","M","?","M","E","R","E","T","R","M","R","?","$","R","B",null,"M","?","M","M","M","E","R","M","T","E","R","$","M","M","R","B",null,"M","M","M","M","?","E","R","E","T","M","M","E","?","M","R","B",null],"character_chosen":"IRONCLAD","items_purchased":["Shockwave","Metallicize"],"campfire_rested":2,"item_purchase_floors":[14,14],"current_hp_per_floor":[80,85,85,85,85,69,69,65,65,65,71,71,76,76,76,72,85,85,85,85,81,85,85,85,75,75,59,59,59,85,85,85,85,85,83,85,85,85,96,99,99,106,106,106,106,106,106,79,106,82],"gold":547,"neow_bonus":"ONE_RARE_RELIC","is_prod":false,"is_daily":false,"chose_seed":false,"campfire_upgraded":4,"win_rate":0,"timestamp":1541667566,"path_taken":["M","?","M","?","M","E","R","E","T","R","M","R","?","$","R","BOSS","M","?","M","M","M","E","R","M","T","E","R","$","M","M","R","BOSS","M","?","M","M","?","E","R","E","T","M","M","E","?","M","R","BOSS"],"build_version":"2018-11-01","purchased_purges":2,"victory":true,"max_hp_per_floor":[80,85,85,85,85,85,85,85,85,85,85,85,85,85,85,85,85,85,85,85,85,85,85,85,85,85,85,85,85,85,85,85,85,85,85,85,85,85,99,99,99,106,106,106,106,106,106,106,106,106],"card_choices":[{"not_picked":["Rage","Anger"],"picked":"Inflame","floor":1},{"not_picked":["Blood for Blood","Flex"],"picked":"Iron Wave","floor":3},{"not_picked":["Warcry","Intimidate"],"picked":"Shrug It Off","floor":5},{"not_picked":["Clothesline","Combust"],"picked":"Anger","floor":6},{"not_picked":["Cleave","Body Slam"],"picked":"Limit Break","floor":8},{"not_picked":["Rupture","Rage"],"picked":"Armaments","floor":11},{"not_picked":["Brutality","Berserk"],"picked":"Reaper","floor":16},{"not_picked":["Thunderclap+1"],"picked":"SKIP","floor":18},{"not_picked":[],"picked":"Ghostly Armor+1","floor":20},{"not_picked":[],"picked":"Whirlwind","floor":21},{"not_picked":["Cleave+1"],"picked":"SKIP","floor":22},{"not_picked":["Sword Boomerang"],"picked":"SKIP","floor":23},{"not_picked":["Flex"],"picked":"SKIP","floor":25},{"not_picked":["Burning Pact"],"picked":"SKIP","floor":27},{"not_picked":["Rupture"],"picked":"SKIP","floor":30},{"not_picked":[],"picked":"Pommel Strike+1","floor":31},{"not_picked":[],"picked":"Offering","floor":33},{"not_picked":["Twin Strike"],"picked":"SKIP","floor":35},{"not_picked":[],"picked":"Inflame","floor":36},{"not_picked":["Burning Pact"],"picked":"SKIP","floor":37},{"not_picked":[],"picked":"Headbutt+1","floor":38},{"not_picked":[],"picked":"Heavy Blade","floor":39},{"not_picked":["Shrug It Off"],"picked":"SKIP","floor":40},{"not_picked":["Cleave+1"],"picked":"SKIP","floor":42},{"not_picked":[],"picked":"Headbutt+1","floor":44},{"not_picked":["Dual Wield+1"],"picked":"SKIP","floor":45},{"not_picked":[],"picked":"Disarm+1","floor":46},{"not_picked":[],"picked":"Clothesline","floor":48}],"player_experience":187787,"relics_obtained":[{"floor":6,"key":"Anchor"},{"floor":8,"key":"Vajra"},{"floor":9,"key":"Potion Belt"},{"floor":13,"key":"Centennial Puzzle"},{"floor":23,"key":"Girya"},{"floor":26,"key":"Turnip"},{"floor":27,"key":"Shuriken"},{"floor":39,"key":"Mango"},{"floor":40,"key":"Unceasing Top"},{"floor":42,"key":"Strawberry"},{"floor":43,"key":"MawBank"},{"floor":46,"key":"Shovel"}],"event_choices":[{"damage_healed":0,"gold_gain":0,"player_choice":"Donut","damage_taken":0,"max_hp_gain":5,"max_hp_loss":0,"event_name":"Big Fish","floor":2,"gold_loss":0},{"damage_healed":0,"gold_gain":0,"player_choice":"Grow","damage_taken":0,"max_hp_gain":0,"max_hp_loss":0,"event_name":"Living Wall","floor":4,"gold_loss":0,"cards_upgraded":["Inflame"]},{"damage_healed":0,"gold_gain":0,"player_choice":"Searched \u00271\u0027 times","damage_taken":0,"max_hp_gain":0,"max_hp_loss":0,"event_name":"Dead Adventurer","floor":13,"gold_loss":0},{"cards_removed":["Defend_R"],"damage_healed":0,"gold_gain":0,"player_choice":"Upgrade and Remove","damage_taken":0,"max_hp_gain":0,"max_hp_loss":0,"event_name":"Designer","floor":19,"gold_loss":90,"cards_upgraded":["Strike_R"]},{"damage_healed":0,"gold_gain":0,"player_choice":"Fight","damage_taken":0,"max_hp_gain":0,"max_hp_loss":0,"event_name":"Mysterious Sphere","floor":39,"gold_loss":0},{"cards_removed":["Shockwave"],"damage_healed":0,"gold_gain":0,"player_choice":"Removed Skill","damage_taken":0,"max_hp_gain":0,"max_hp_loss":0,"event_name":"Falling","floor":47,"gold_loss":0}],"is_beta":false,"boss_relics":[{"not_picked":["White Beast Statue","Runic Pyramid"],"picked":"Busted Crown"},{"not_picked":["Calling Bell","Snecko Eye"],"picked":"Fusion Hammer"}],"items_purged_floors":[14,29],"is_endless":false,"potions_floor_spawned":[1,6,16,22,23,27,30,33,37,38,39,42,45,46],"ascension_level":3}