{"gold_per_floor":[117,136,136,152,152,152,77,110,110,120,120,70,70,70,70,194,194,210,34,34,52,52,52,65,89,89,89,12,12,31,46,46,165,165,189,208,7,7,21,21,0,33,56,72,72,92,92,117,117,117],"floor_reached":50,"playtime":4748,"items_purged":["Strike_B","Injury","Shame"],"score":472,"play_id":"bccb3e6b-06e8-4e1d-b537-aab562499c4f","local_time":"20190203143929","is_ascension_mode":false,"campfire_choices":[{"data":"Zap","floor":6,"key":"SMITH"},{"floor":11,"key":"REST"},{"data":"Heatsinks","floor":13,"key":"SMITH"},{"data":"Seek","floor":15,"key":"SMITH"},{"data":"Defragment","floor":23,"key":"SMITH"},{"floor":27,"key":"REST"},{"floor":32,"key":"REST"},{"data":"Fission","floor":40,"key":"SMITH"},{"data":"Buffer","floor":47,"key":"SMITH"},{"floor":49,"key":"REST"}],"neow_cost":"NONE","seed_source_timestamp":1383025105226355,"circlet_count":0,"master_deck":["Zap+1","Multi-Cast","Compile Driver","Redo","Auto Shields","Seek+1","Heatsinks+1","Machine Learning","Turbo","Tempest","Fission+1","Auto Shields","Darkness","Defragment+1","Capacitor","Storm+1","Biased Cognition","Leap","Loop","Heatsinks+1","Buffer+1","Coolheaded","Reboot"],"relics":["Cracked Core","Mummified Hand","Pen Nib","Golden Idol","Pandora\u0027s Box","Mercury Hourglass","Kunai","Philosopher\u0027s Stone","Red Mask","Smiling Mask","Happy Flower"],"potions_floor_usage":[16,25,33,50],"damage_taken":[{"damage":0,"enemies":"Cultist","floor":1,"turns":3},{"damage":0,"enemies":"2 Louse","floor":2,"turns":2},{"damage":6,"enemies":"Jaw Worm","floor":4,"turns":3},{"damage":37,"enemies":"3 Sentries","floor":8,"turns":8},{"damage":0,"enemies":"3 Louse","floor":10,"turns":3},{"damage":30,"enemies":"The Guardian","floor":16,"turns":11},{"damage":20,"enemies":"2 Thieves","floor":18,"turns":4},{"damage":16,"enemies":"3 Byrds","floor":21,"turns":4},{"damage":10,"enemies":"3 Cultists","floor":24,"turns":4},{"damage":14,"enemies":"Shelled Parasite and Fungi","floor":25,"turns":4},{"damage":15,"enemies":"Snecko","floor":30,"turns":4},{"damage":0,"enemies":"Sentry and Sphere","floor":31,"turns":3},{"damage":41,"enemies":"Collector","floor":33,"turns":6},{"damage":9,"enemies":"3 Shapes","floor":35,"turns":2},{"damage":9,"enemies":"3 Darklings","floor":36,"turns":3},{"damage":7,"enemies":"Sphere and 2 Shapes","floor":39,"turns":3},{"damage":8,"enemies":"Reptomancer","floor":42,"turns":4},{"damage":7,"enemies":"Writhing Mass","floor":44,"turns":2},{"damage":0,"enemies":"3 Darklings","floor":46,"turns":1},{"damage":7,"enemies":"Transient","floor":48,"turns":5},{"damage":68,"enemies":"Awakened One","floor":50,"turns":6}],"seed_played":"3020942931191648428","potions_obtained":[{"floor":1,"key":"FairyPotion"},{"floor":8,"key":"Block Potion"},{"floor":10,"key":"PowerPotion"},{"floor":16,"key":"Ancient Potion"},{"floor":18,"key":"Fire Potion"},{"floor":30,"key":"EssenceOfSteel"},{"floor":42,"key":"Fire Potion"},{"floor":48,"key":"GamblersBrew"}],"is_trial":false,"path_per_floor":["?","M","?","?","?","?","?","?","M","M","$","?","?"],"character_chosen":"DEFECT","items_purchased":["Defragment","Capacitor","Loop"],"campfire_rested":4,"item_purchase_floors":[19,28,37],"current_hp_per_floor":[75,75,75,69,69,69,69,32,32,32,54,54,54,54,54,24,75,55,55,55,39,39,39,29,15,15,37,37,37,22,22,44,3,75,66,57,57,57,50,50,50,42,42,35,35,35,35,28,50,0],"gold":117,"neow_bonus":"ONE_RANDOM_RARE_CARD","is_prod":false,"is_daily":false,"chose_seed":false,"campfire_upgraded":6,"win_rate":0.0,"timestamp":1549201169,"path_taken":["M","M","?","?","?","R","$","E","T","M","R","?","R","?","R","BOSS","M","$","?","M","?","R","M","M","T","R","$","?","M","?","R","BOSS","M","?","?","$","M","R","?","E","T","M","?","M","R","M","R","BOSS"],"build_version":"2019-01-23","purchased_purges":3,"victory":false,"max_hp_per_floor":[75,75,75,75,75,75,75,75,75,75,75,75,75,75,75,75,75,75,75,75,75,75,75,75,75,75,75,75,75,75,75,75,75,75,75,75,75,75,75,75,75,75,75,75,75,75,75,75,75,75],"card_choices":[{"not_picked":["Consume","Steam"],"picked":"Compile Driver","floor":1},{"not_picked":["Stack","Consume"],"picked":"Redo","floor":2},{"not_picked":["Coolheaded","Compile Driver"],"picked":"Auto Shields","floor":4},{"not_picked":["Conserve Battery","Go for the Eyes","Rip and Tear"],"picked":"SKIP","floor":8},{"not_picked":["Beam Cell","Conserve Battery"],"picked":"Heatsinks","floor":10},{"not_picked":["Biased Cognition","Rainbow"],"picked":"Machine Learning","floor":16},{"not_picked":["Stack","Darkness+1","Ball Lightning+1"],"picked":"SKIP","floor":18},{"not_picked":["Sunder","Rebound","Gash"],"picked":"SKIP","floor":21},{"not_picked":["Barrage+1","Go for the Eyes","Steam"],"picked":"SKIP","floor":24},{"not_picked":["Redo","Hologram","Hello World+1"],"picked":"SKIP","floor":25},{"not_picked":["Cold Snap+1","Capacitor"],"picked":"Storm+1","floor":30},{"not_picked":["Hello World","Ball Lightning","Blizzard+1"],"picked":"SKIP","floor":31},{"not_picked":["Multi-Cast","Fission"],"picked":"Biased Cognition","floor":33},{"not_picked":["Conserve Battery","Consume","Steam Power+1"],"picked":"SKIP","floor":35},{"not_picked":["Rip and Tear+1","Scrape"],"picked":"Leap","floor":36},{"not_picked":["Rebound","Barrage"],"picked":"Heatsinks+1","floor":39},{"not_picked":["Gash","Compile Driver"],"picked":"Buffer","floor":42},{"not_picked":["Sunder","Sweeping Beam+1"],"picked":"Coolheaded","floor":44},{"not_picked":["Go for the Eyes","Force Field+1"],"picked":"Reboot","floor":46},{"not_picked":["Scrape","Streamline","Tempest"],"picked":"SKIP","floor":48}],"player_experience":98403,"relics_obtained":[{"floor":8,"key":"Mummified Hand"},{"floor":9,"key":"Pen Nib"},{"floor":26,"key":"Kunai"},{"floor":42,"key":"Smiling Mask"},{"floor":43,"key":"Happy Flower"}],"event_choices":[{"damage_healed":0,"gold_gain":0,"player_choice":"0 cards matched","damage_taken":0,"max_hp_gain":0,"max_hp_loss":0,"event_name":"Match and Keep!","floor":3,"gold_loss":0,"cards_obtained":[]},{"damage_healed":0,"gold_gain":0,"cards_transformed":["Strike_B"],"player_choice":"Change","damage_taken":0,"max_hp_gain":0,"max_hp_loss":0,"event_name":"Living Wall","floor":5,"gold_loss":0,"cards_obtained":["Seek"]},{"cards_removed":["Strike_B"],"damage_healed":0,"gold_gain":0,"player_choice":"Card Removal","damage_taken":0,"max_hp_gain":0,"max_hp_loss":0,"event_name":"The Cleric","floor":12,"gold_loss":50},{"damage_healed":0,"gold_gain":0,"player_choice":"Take Wound","damage_taken":0,"relics_obtained":["Golden Idol"],"max_hp_gain":0,"max_hp_loss":0,"event_name":"Golden Idol","floor":14,"gold_loss":0,"cards_obtained":["Injury"]},{"damage_healed":0,"gold_gain":0,"player_choice":"Ignored","damage_taken":0,"max_hp_gain":0,"max_hp_loss":0,"event_name":"Beggar","floor":20,"gold_loss":0},{"damage_healed":0,"gold_gain":0,"player_choice":"Stole Relic","damage_taken":0,"relics_obtained":["Mercury Hourglass"],"max_hp_gain":0,"max_hp_loss":0,"event_name":"Addict","floor":22,"gold_loss":0,"cards_obtained":["Shame"]},{"damage_healed":0,"gold_gain":0,"player_choice":"Ignored","damage_taken":0,"max_hp_gain":0,"max_hp_loss":0,"event_name":"NoteForYourself","floor":29,"gold_loss":0},{"damage_healed":0,"gold_gain":0,"player_choice":"Paid","damage_taken":0,"relics_obtained":["Red Mask"],"max_hp_gain":0,"max_hp_loss":0,"event_name":"Tomb of Lord Red Mask","floor":41,"gold_loss":21},{"cards_removed":["Dualcast"],"damage_healed":0,"gold_gain":0,"player_choice":"Removed Skill","damage_taken":0,"max_hp_gain":0,"max_hp_loss":0,"event_name":"Falling","floor":45,"gold_loss":0}],"is_beta":false,"boss_relics":[{"not_picked":["White Beast Statue","Tiny House"],"picked":"Pandora\u0027s Box"},{"not_picked":["Cursed Key","Orrery"],"picked":"Philosopher\u0027s Stone"}],"items_purged_floors":[7,19,37],"is_endless":false,"potions_floor_spawned":[1,8,10,16,18,24,30,42,44,48],"killed_by":"Awakened One","ascension_level":0}