{"gold_per_floor":[113,113,127,137,137,168,184,134,134,157,0,0,14,27,27,129,129,149,149,149,29,29,29,47,47,129,129,149,180,198,216,216,311,311,327,347,447,447,466,466,466],"floor_reached":41,"playtime":2426,"items_purged":["Defend_B"],"score":521,"play_id":"62e7d31e-8649-4ee0-a308-9228825b3236","local_time":"20181229130426","is_ascension_mode":true,"campfire_choices":[{"floor":12,"key":"REST"},{"data":"Zap","floor":15,"key":"SMITH"},{"data":"Redo","floor":23,"key":"SMITH"},{"data":"Gash","floor":27,"key":"SMITH"},{"floor":32,"key":"REST"},{"data":"Shame","floor":40,"key":"PURGE"}],"neow_cost":"NONE","seed_source_timestamp":64081235080800,"circlet_count":0,"master_deck":["Strike_B","Strike_B","Defend_B","Defend_B","Defend_B","Zap+1","Dualcast","Melter","Genetic Algorithm","Gash+1","Gash","Redo+1","Glacier","Cold Snap","Thunder Strike","Cold Snap","Cold Snap","Gash+1","Gash","Electrodynamics","Streamline+1","Beam Cell+1"],"relics":["Cracked Core","NeowsBlessing","Potion Belt","Vajra","Odd Mushroom","Anchor","Runic Pyramid","Nilry\u0027s Codex","Pantograph","Matryoshka","Bag of Preparation","Sozu","Peace Pipe"],"potions_floor_usage":[6,28,33,39],"damage_taken":[{"damage":0,"enemies":"Jaw Worm","floor":1,"turns":1},{"damage":0,"enemies":"Cultist","floor":3,"turns":1},{"damage":0,"enemies":"Small Slimes","floor":4,"turns":1},{"damage":34,"enemies":"3 Sentries","floor":6,"turns":8},{"damage":8,"enemies":"Blue Slaver","floor":7,"turns":3},{"damage":16,"enemies":"The Mushroom Lair","floor":10,"turns":3},{"damage":0,"enemies":"2 Fungi Beasts","floor":13,"turns":3},{"damage":0,"enemies":"Large Slime","floor":14,"turns":5},{"damage":17,"enemies":"The Guardian","floor":16,"turns":12},{"damage":0,"enemies":"Chosen","floor":18,"turns":4},{"damage":0,"enemies":"Spheric Guardian","floor":24,"turns":1},{"damage":14,"enemies":"Snecko","floor":28,"turns":8},{"damage":17,"enemies":"Gremlin Leader","floor":29,"turns":9},{"damage":4,"enemies":"Snake Plant","floor":30,"turns":4},{"damage":6,"enemies":"3 Cultists","floor":31,"turns":6},{"damage":12,"enemies":"Automaton","floor":33,"turns":12},{"damage":29,"enemies":"3 Darklings","floor":35,"turns":6},{"damage":6,"enemies":"Orb Walker","floor":36,"turns":3},{"damage":2,"enemies":"Mind Bloom Boss Battle","floor":37,"turns":7},{"damage":23,"enemies":"Transient","floor":39,"turns":5},{"damage":55,"enemies":"Giant Head","floor":41,"turns":7}],"seed_played":"1815809212320263782","potions_obtained":[{"floor":1,"key":"Energy Potion"},{"floor":4,"key":"PowerPotion"},{"floor":7,"key":"Block Potion"},{"floor":13,"key":"SteroidPotion"},{"floor":14,"key":"GamblersBrew"},{"floor":28,"key":"Fire Potion"},{"floor":29,"key":"FearPotion"},{"floor":33,"key":"Strength Potion"}],"is_trial":false,"path_per_floor":["M","?","M","M","?","E","M","?","T","?","$","R","M","M","R","B",null,"M","?","?","$","?","R","M","?","T","R","M","E","M","M","R","B",null,"M","M","?","?","M","R","E"],"character_chosen":"DEFECT","items_purchased":["Anchor","Cold Snap"],"campfire_rested":2,"item_purchase_floors":[11,21],"current_hp_per_floor":[75,75,75,75,75,41,33,33,33,17,17,39,39,39,39,22,75,75,59,59,59,59,59,59,59,59,59,45,28,24,18,40,53,75,46,40,63,63,40,40,0],"gold":466,"neow_bonus":"THREE_ENEMY_KILL","is_prod":false,"is_daily":false,"chose_seed":false,"campfire_upgraded":3,"win_rate":0,"timestamp":1546059866,"path_taken":["M","?","M","?","?","E","M","?","T","?","$","R","M","M","R","BOSS","M","?","?","$","?","R","M","?","T","R","M","E","M","M","R","BOSS","M","M","?","?","M","R","E"],"build_version":"2018-12-20","purchased_purges":1,"victory":false,"max_hp_per_floor":[75,75,75,75,75,75,75,75,75,75,75,75,75,75,75,75,75,75,75,75,75,75,75,75,75,75,75,75,75,75,75,75,75,75,75,75,75,71,71,71,71],"card_choices":[{"not_picked":["Lockon","Recycle"],"picked":"Melter","floor":1},{"not_picked":["Ball Lightning","Hologram"],"picked":"Genetic Algorithm","floor":3},{"not_picked":["Conserve Battery","Static Discharge"],"picked":"Gash","floor":4},{"not_picked":["Compile Driver","Cold Snap"],"picked":"Gash","floor":6},{"not_picked":["Conserve Battery","Compile Driver"],"picked":"Redo","floor":7},{"not_picked":["Sweeping Beam","Lockon"],"picked":"Glacier","floor":10},{"not_picked":["Steam Power","Lockon","Turbo"],"picked":"SKIP","floor":13},{"not_picked":["Aggregate","Heatsinks"],"picked":"Cold Snap","floor":14},{"not_picked":["Reboot","Biased Cognition"],"picked":"Thunder Strike","floor":16},{"not_picked":["Reinforced Body","Compile Driver"],"picked":"Cold Snap","floor":18},{"not_picked":["Scrape","Turbo+1","Go for the Eyes"],"picked":"SKIP","floor":24},{"not_picked":["Leap","Chill+1","Conserve Battery"],"picked":"SKIP","floor":28},{"not_picked":["Coolheaded","Sweeping Beam+1"],"picked":"Gash+1","floor":29},{"not_picked":["Steam","Rainbow","Hello World"],"picked":"SKIP","floor":30},{"not_picked":["White Noise","Darkness"],"picked":"Gash","floor":31},{"not_picked":["Multi-Cast","Creative AI"],"picked":"Electrodynamics","floor":33},{"not_picked":["Stack","Conserve Battery"],"picked":"Streamline+1","floor":35},{"not_picked":["Compile Driver","Go for the Eyes","Hello World"],"picked":"SKIP","floor":36},{"not_picked":["BootSequence","Barrage"],"picked":"Beam Cell+1","floor":39}],"player_experience":544576,"relics_obtained":[{"floor":6,"key":"Potion Belt"},{"floor":9,"key":"Vajra"},{"floor":10,"key":"Odd Mushroom"},{"floor":19,"key":"Nilry\u0027s Codex"},{"floor":26,"key":"Matryoshka"},{"floor":29,"key":"Bag of Preparation"},{"floor":37,"key":"Peace Pipe"}],"event_choices":[{"cards_removed":["Strike_B"],"damage_healed":0,"gold_gain":0,"player_choice":"Offered Basic","damage_taken":0,"max_hp_gain":0,"max_hp_loss":0,"event_name":"Bonfire Elementals","floor":2,"gold_loss":0},{"damage_healed":0,"gold_gain":0,"player_choice":"Ignored","damage_taken":0,"max_hp_gain":0,"max_hp_loss":0,"event_name":"Liars Game","floor":5,"gold_loss":0},{"cards_removed":["Strike_B"],"damage_healed":0,"gold_gain":0,"player_choice":"Card Removal","damage_taken":0,"max_hp_gain":0,"max_hp_loss":0,"event_name":"The Cleric","floor":8,"gold_loss":50},{"damage_healed":0,"gold_gain":0,"player_choice":"Fought Mushrooms","damage_taken":0,"max_hp_gain":0,"max_hp_loss":0,"event_name":"Mushrooms","floor":10,"gold_loss":0},{"damage_healed":0,"gold_gain":0,"player_choice":"Obtained Book","damage_taken":16,"max_hp_gain":0,"max_hp_loss":0,"event_name":"Cursed Tome","floor":19,"gold_loss":0},{"damage_healed":0,"gold_gain":0,"player_choice":"Stole Relic","damage_taken":0,"relics_obtained":["Pantograph"],"max_hp_gain":0,"max_hp_loss":0,"event_name":"Addict","floor":20,"gold_loss":0,"cards_obtained":["Shame"]},{"damage_healed":0,"gold_gain":0,"player_choice":"Ignored","damage_taken":0,"max_hp_gain":0,"max_hp_loss":0,"event_name":"Vampires","floor":22,"gold_loss":0},{"damage_healed":0,"gold_gain":0,"player_choice":"Ignored","damage_taken":0,"max_hp_gain":0,"max_hp_loss":0,"event_name":"Beggar","floor":25,"gold_loss":0},{"damage_healed":0,"gold_gain":0,"player_choice":"Fight","damage_taken":0,"max_hp_gain":0,"max_hp_loss":0,"event_name":"MindBloom","floor":37,"gold_loss":0},{"damage_healed":0,"gold_gain":0,"player_choice":"Max HP","damage_taken":0,"max_hp_gain":0,"max_hp_loss":4,"event_name":"Winding Halls","floor":38,"gold_loss":0}],"is_beta":false,"boss_relics":[{"not_picked":["Nuclear Battery","Inserter"],"picked":"Runic Pyramid"},{"not_picked":["Velvet Choker","Orrery"],"picked":"Sozu"}],"items_purged_floors":[21],"is_endless":false,"potions_floor_spawned":[1,4,7,13,14,28,29,30,33,35,39],"killed_by":"Giant Head","ascension_level":4}