{"gold_per_floor":[111,111,111,111,123,149,97,126,138,150,162,174,205,232,244,354,366,394,424,455,486,413,425,437],"floor_reached":24,"playtime":2819,"items_purged":[],"score":216,"play_id":"a4ac49a2-28ba-4524-96c6-e45d6ca5a055","local_time":"20190216160954","is_ascension_mode":true,"campfire_choices":[{"floor":12.0,"key":"RECALL"},{"data":"Loop","floor":15.0,"key":"SMITH"},{"floor":23,"key":"REST"}],"neow_cost":"NONE","seed_source_timestamp":0,"circlet_count":0,"master_deck":["Strike_B","Strike_B","Strike_B+1","Defend_B","Defend_B","Defend_B","Defend_B","Zap","Dualcast","Darkness+1","Self Repair","Compile Driver","Conserve Battery","Darkness+1","Rebound","Loop+1","Biased Cognition","Rebound+1","Loop","Seek"],"special_seed":0,"relics":["Cracked Core","Ice Cream","MawBank","White Beast Statue","Bag of Preparation"],"potions_floor_usage":[20,20,21],"damage_taken":[{"damage":3.0,"enemies":"Jaw Worm","floor":1.0,"turns":4.0},{"damage":2.0,"enemies":"Small Slimes","floor":5.0,"turns":3.0},{"damage":18.0,"enemies":"Gremlin Nob","floor":6.0,"turns":4.0},{"damage":11.0,"enemies":"Lagavulin","floor":8.0,"turns":7.0},{"damage":0.0,"enemies":"2 Louse","floor":13.0,"turns":4.0},{"damage":7.0,"enemies":"2 Fungi Beasts","floor":14.0,"turns":3.0},{"damage":30.0,"enemies":"Hexaghost","floor":16.0,"turns":6.0},{"damage":30.0,"enemies":"2 Thieves","floor":18.0,"turns":3.0},{"damage":4.0,"enemies":"Chosen","floor":19.0,"turns":5.0},{"damage":37,"enemies":"3 Cultists","floor":20,"turns":6},{"damage":15,"enemies":"Sentry and Sphere","floor":21,"turns":4},{"damage":53,"enemies":"Book of Stabbing","floor":24,"turns":4}],"seed_played":"-5536800595368369215","potions_obtained":[{"floor":1.0,"key":"FocusPotion"},{"floor":5.0,"key":"SkillPotion"},{"floor":18.0,"key":"Poison Potion"},{"floor":19.0,"key":"SpeedPotion"},{"floor":20,"key":"PowerPotion"},{"floor":21,"key":"Poison Potion"}],"is_trial":false,"path_per_floor":["M","?","?","?","M","E","$","E","T","?","?","R","M","M","R","B",null,"M","M","M","M","?","R","E"],"character_chosen":"DEFECT","items_purchased":["Conserve Battery"],"campfire_rested":1,"item_purchase_floors":[7],"current_hp_per_floor":[79,63,56,82,80,69,69,65,65,65,65,65,72,65,65,35,82,59,62,32,24,24,48,0],"gold":437,"neow_bonus":"TEN_PERCENT_HP_BONUS","is_prod":false,"is_daily":false,"chose_seed":false,"campfire_upgraded":1,"win_rate":0,"timestamp":1550329794,"path_taken":["M","?","?","?","M","E","$","E","T","?","?","R","M","M","R","BOSS","M","M","M","M","?","R","E"],"build_version":"2019-01-23","purchased_purges":0,"victory":false,"max_hp_per_floor":[82,82,82,82,82,82,82,82,82,82,82,82,82,82,82,82,82,82,82,82,82,82,82,82],"card_choices":[{"not_picked":["Redo","Blizzard"],"picked":"Darkness","floor":1.0},{"not_picked":["Turbo","Sweeping Beam"],"picked":"Self Repair","floor":5.0},{"not_picked":["Scrape","Thunder Strike"],"picked":"Compile Driver","floor":6.0},{"not_picked":["Undo","Streamline"],"picked":"Darkness","floor":8.0},{"not_picked":["Streamline","Leap"],"picked":"Rebound","floor":13.0},{"not_picked":["Recycle","Coolheaded"],"picked":"Loop","floor":14.0},{"not_picked":["Machine Learning","Hyperbeam"],"picked":"Biased Cognition","floor":16.0},{"not_picked":["Compile Driver+1","Beam Cell","Rebound"],"picked":"SKIP","floor":18.0},{"not_picked":["Scrape","Sweeping Beam"],"picked":"Rebound+1","floor":19.0},{"not_picked":["Conserve Battery+1","Rebound"],"picked":"Loop","floor":20},{"not_picked":["Turbo","Defragment"],"picked":"Seek","floor":21}],"player_experience":193318,"relics_obtained":[{"floor":6.0,"key":"Ice Cream"},{"floor":8.0,"key":"MawBank"}],"event_choices":[{"damage_healed":0.0,"max_hp_gain":0.0,"max_hp_loss":0.0,"gold_gain":0.0,"event_name":"Shining Light","player_choice":"Entered Light","floor":2.0,"gold_loss":0.0,"damage_taken":16.0,"cards_upgraded":["Strike_B","Darkness"]},{"cards_removed":["Strike_B"],"damage_healed":0.0,"max_hp_gain":0.0,"max_hp_loss":0.0,"gold_gain":0.0,"event_name":"Golden Wing","player_choice":"Card Removal","floor":3.0,"gold_loss":0.0,"damage_taken":7.0},{"damage_healed":27.0,"max_hp_gain":0.0,"max_hp_loss":0.0,"gold_gain":0.0,"event_name":"Big Fish","player_choice":"Banana","floor":4.0,"gold_loss":0.0,"damage_taken":0.0},{"damage_healed":0.0,"max_hp_gain":0.0,"max_hp_loss":0.0,"gold_gain":0.0,"event_name":"Dead Adventurer","player_choice":"Searched \u00270\u0027 times","floor":10.0,"gold_loss":0.0,"damage_taken":0.0},{"damage_healed":0.0,"max_hp_gain":0.0,"max_hp_loss":0.0,"gold_gain":0.0,"event_name":"Living Wall","player_choice":"Grow","floor":11.0,"gold_loss":0.0,"damage_taken":0.0,"cards_upgraded":["Darkness"]},{"damage_healed":0,"gold_gain":0,"player_choice":"Obtained Relic","damage_taken":0,"relics_obtained":["Bag of Preparation"],"max_hp_gain":0,"max_hp_loss":0,"event_name":"Addict","floor":22,"gold_loss":85}],"is_beta":false,"boss_relics":[{"not_picked":["Sozu","Fusion Hammer"],"picked":"White Beast Statue"}],"items_purged_floors":[],"is_endless":false,"potions_floor_spawned":[1,5,18,19,20,21],"killed_by":"Book of Stabbing","ascension_level":1}