{"gold_per_floor":[113,131,206,156,81,91,91,91,91,91,120,136,136,161,161,265,265,281,296,45,45,61,61,61,61,143,156,156,156,171,46,46,148,148,159,159,169,19,34,59,59,59],"floor_reached":42,"playtime":10894,"items_purged":["Strike_R","Strike_R","Strike_R","Defend_R"],"score":761,"play_id":"bacde504-29ea-445e-b5f4-f0d6bf9d9284","local_time":"20181221204219","is_ascension_mode":true,"campfire_choices":[{"data":"Whirlwind","floor":8,"key":"SMITH"},{"floor":13,"key":"REST"},{"data":"Inflame","floor":15,"key":"SMITH"},{"data":"Whirlwind","floor":23,"key":"SMITH"},{"data":"Ghostly Armor","floor":28,"key":"SMITH"},{"data":"Immolate","floor":32,"key":"SMITH"},{"floor":41,"key":"RECALL"}],"neow_cost":"NONE","seed_source_timestamp":0,"circlet_count":0,"master_deck":["Strike_R","Strike_R","Defend_R","Defend_R","Impervious","Battle Trance","Whirlwind+1","Whirlwind+1","Inflame+1","Immolate+1","Flame Barrier+1","Ghostly Armor+1","Shrug It Off+1"],"special_seed":0,"relics":["Burning Blood","PreservedInsect","Blue Candle","Sundial","Busted Crown","Letter Opener","Philosopher\u0027s Stone","Kunai"],"potions_floor_usage":[16,16,16,33,33,33],"damage_taken":[{"damage":10,"enemies":"Small Slimes","floor":1,"turns":5},{"damage":4,"enemies":"2 Louse","floor":2,"turns":4},{"damage":6,"enemies":"Jaw Worm","floor":6,"turns":4},{"damage":32,"enemies":"Gremlin Nob","floor":11,"turns":4},{"damage":0,"enemies":"Lots of Slimes","floor":12,"turns":2},{"damage":10,"enemies":"3 Sentries","floor":14,"turns":2},{"damage":0,"enemies":"Slime Boss","floor":16,"turns":6},{"damage":0,"enemies":"Chosen","floor":18,"turns":6},{"damage":0,"enemies":"3 Byrds","floor":19,"turns":4},{"damage":7,"enemies":"Cultist and Chosen","floor":22,"turns":5},{"damage":6,"enemies":"Centurion and Healer","floor":27,"turns":4},{"damage":0,"enemies":"3 Cultists","floor":30,"turns":2},{"damage":13,"enemies":"Automaton","floor":33,"turns":10},{"damage":0,"enemies":"Orb Walker","floor":35,"turns":3},{"damage":26,"enemies":"3 Shapes","floor":37,"turns":2},{"damage":5,"enemies":"Sphere and 2 Shapes","floor":39,"turns":3},{"damage":21,"enemies":"Reptomancer","floor":40,"turns":5},{"damage":37,"enemies":"Nemesis","floor":42,"turns":5}],"seed_played":"-965348616258078994","potions_obtained":[{"floor":2,"key":"LiquidBronze"},{"floor":11,"key":"SpeedPotion"},{"floor":12,"key":"GamblersBrew"},{"floor":14,"key":"Poison Potion"},{"floor":18,"key":"BloodPotion"},{"floor":19,"key":"Swift Potion"},{"floor":27,"key":"AttackPotion"},{"floor":37,"key":"SkillPotion"}],"is_trial":false,"path_per_floor":["M","M","?","?","$","M","$","R","T","$","E","M","R","E","R","B",null,"M","M","$","?","M","R","?","$","T","M","R","?","M","$","R","B",null,"M","?","M","$","M","E","R","E"],"character_chosen":"IRONCLAD","items_purchased":["Immolate","Flame Barrier"],"campfire_rested":1,"item_purchase_floors":[20,20],"current_hp_per_floor":[76,78,67,67,67,67,67,67,67,67,41,47,71,67,67,73,80,80,80,80,80,79,79,79,79,79,79,79,79,80,80,80,80,80,80,70,50,50,51,36,36,0],"gold":59,"neow_bonus":"ONE_RANDOM_RARE_CARD","is_prod":false,"is_daily":false,"chose_seed":false,"campfire_upgraded":5,"win_rate":0,"timestamp":1545446539,"path_taken":["M","M","?","?","?","?","$","R","T","?","E","M","R","E","R","BOSS","M","M","$","?","M","R","?","$","T","?","R","?","M","?","R","BOSS","M","?","M","$","M","E","R","E"],"build_version":"2018-12-20","purchased_purges":4,"victory":false,"max_hp_per_floor":[80,80,80,80,80,80,80,80,80,80,80,80,80,80,80,80,80,80,80,80,80,80,80,80,80,80,80,80,80,80,80,80,80,80,80,80,80,80,80,80,80,80],"card_choices":[{"not_picked":["Clash","Thunderclap","Warcry"],"picked":"SKIP","floor":1},{"not_picked":["Flex","Anger"],"picked":"Battle Trance","floor":2},{"not_picked":["Metallicize","Disarm"],"picked":"Whirlwind","floor":6},{"not_picked":["Corruption","Anger","Twin Strike"],"picked":"SKIP","floor":11},{"not_picked":["Hemokinesis","Pummel"],"picked":"Whirlwind","floor":12},{"not_picked":["Power Through","Seeing Red"],"picked":"Inflame","floor":14},{"not_picked":["Headbutt"],"picked":"SKIP","floor":18},{"not_picked":["Perfected Strike"],"picked":"SKIP","floor":19},{"not_picked":["Armaments"],"picked":"SKIP","floor":22},{"not_picked":["Iron Wave+1"],"picked":"SKIP","floor":27},{"not_picked":["Twin Strike"],"picked":"SKIP","floor":30},{"not_picked":["Thunderclap+1"],"picked":"SKIP","floor":35},{"not_picked":["Clothesline+1"],"picked":"SKIP","floor":37},{"not_picked":[],"picked":"Shrug It Off+1","floor":39},{"not_picked":["Intimidate+1"],"picked":"SKIP","floor":40}],"player_experience":820718,"relics_obtained":[{"floor":9,"key":"PreservedInsect"},{"floor":11,"key":"Blue Candle"},{"floor":14,"key":"Sundial"},{"floor":26,"key":"Letter Opener"},{"floor":40,"key":"Kunai"}],"event_choices":[{"damage_healed":0,"gold_gain":75,"player_choice":"Gather Gold","damage_taken":11,"max_hp_gain":0,"max_hp_loss":0,"event_name":"World of Goop","floor":3,"gold_loss":0},{"cards_removed":["Bash"],"damage_healed":0,"gold_gain":0,"player_choice":"Card Removal","damage_taken":0,"max_hp_gain":0,"max_hp_loss":0,"event_name":"The Cleric","floor":4,"gold_loss":50},{"damage_healed":0,"gold_gain":0,"player_choice":"Read","damage_taken":0,"max_hp_gain":0,"max_hp_loss":0,"event_name":"The Library","floor":21,"gold_loss":0,"cards_obtained":["Ghostly Armor"]},{"cards_removed":["Defend_R"],"damage_healed":0,"gold_gain":0,"player_choice":"Elegance","damage_taken":0,"max_hp_gain":0,"max_hp_loss":0,"event_name":"Back to Basics","floor":24,"gold_loss":0},{"damage_healed":0,"gold_gain":0,"player_choice":"Upgraded","damage_taken":0,"max_hp_gain":0,"max_hp_loss":0,"event_name":"Upgrade Shrine","floor":29,"gold_loss":0,"cards_upgraded":["Flame Barrier"]},{"damage_healed":0,"gold_gain":0,"player_choice":"Memory 3","damage_taken":10,"max_hp_gain":0,"max_hp_loss":0,"event_name":"SensoryStone","floor":36,"gold_loss":0}],"is_beta":false,"boss_relics":[{"not_picked":["Astrolabe","Fusion Hammer"],"picked":"Busted Crown"},{"not_picked":["Snecko Eye","Black Blood"],"picked":"Philosopher\u0027s Stone"}],"items_purged_floors":[5,20,31,38],"is_endless":false,"potions_floor_spawned":[2,11,12,14,18,19,27,37],"killed_by":"Nemesis","ascension_level":4}