{"gold_per_floor":[11,11,26,43,43,43,70,87,87,162,40,60,70,80,80,80],"floor_reached":16,"playtime":1647,"items_purged":["Strike_R"],"score":125,"play_id":"13dcb09f-a6d8-4014-ac4b-402f2a8a328f","local_time":"20181129164839","is_ascension_mode":true,"campfire_choices":[{"data":"Shrug It Off","floor":6,"key":"SMITH"},{"data":"True Grit","floor":15,"key":"SMITH"}],"neow_cost":"NO_GOLD","seed_source_timestamp":350484863982939,"circlet_count":0,"master_deck":["Strike_R","Strike_R","Strike_R","Defend_R","Defend_R","Defend_R","Defend_R","Bash","Shrug It Off+1","Headbutt","Clothesline","True Grit+1","Uppercut","Ghostly Armor","Seeing Red","Pommel Strike"],"relics":["Burning Blood","Turnip","Smiling Mask","Centennial Puzzle"],"potions_floor_usage":[8,16,16],"damage_taken":[{"damage":2,"enemies":"2 Louse","floor":1,"turns":2},{"damage":7,"enemies":"Cultist","floor":3,"turns":5},{"damage":0,"enemies":"Small Slimes","floor":4,"turns":3},{"damage":14,"enemies":"Gremlin Nob","floor":7,"turns":5},{"damage":6,"enemies":"Exordium Thugs","floor":8,"turns":6},{"damage":7,"enemies":"3 Louse","floor":12,"turns":4},{"damage":5,"enemies":"Lots of Slimes","floor":13,"turns":6},{"damage":8,"enemies":"Large Slime","floor":14,"turns":8},{"damage":64,"enemies":"Hexaghost","floor":16,"turns":16}],"seed_played":"-7657511911774640694","potions_obtained":[{"floor":3,"key":"GamblersBrew"},{"floor":13,"key":"Weak Potion"},{"floor":14,"key":"Swift Potion"}],"is_trial":false,"path_per_floor":["M","?","M","M","$","R","E","M","T","?","$","M","M","M","R","B"],"character_chosen":"IRONCLAD","items_purchased":["Ghostly Armor"],"campfire_rested":0,"item_purchase_floors":[11],"current_hp_per_floor":[80,80,79,80,80,80,72,72,72,64,64,63,64,62,62,0],"gold":80,"neow_bonus":"ONE_RARE_RELIC","is_prod":false,"is_daily":false,"chose_seed":false,"campfire_upgraded":2,"win_rate":0,"timestamp":1543538919,"path_taken":["M","?","M","M","?","R","E","M","T","?","$","M","?","M","R","BOSS"],"build_version":"2018-11-15","purchased_purges":1,"victory":false,"max_hp_per_floor":[80,80,80,80,80,80,80,80,80,80,80,80,80,80,80,80],"card_choices":[{"not_picked":["Heavy Blade","Body Slam"],"picked":"Shrug It Off","floor":1},{"not_picked":["Reckless Charge","Anger"],"picked":"Headbutt","floor":3},{"not_picked":["Clash","Twin Strike"],"picked":"Clothesline","floor":4},{"not_picked":["Havoc","Headbutt"],"picked":"True Grit","floor":7},{"not_picked":["Twin Strike","Dark Embrace"],"picked":"Uppercut","floor":8},{"not_picked":["Sword Boomerang","Heavy Blade"],"picked":"Seeing Red","floor":12},{"not_picked":["Twin Strike","Headbutt","Perfected Strike"],"picked":"SKIP","floor":13},{"not_picked":["Flex","Shrug It Off"],"picked":"Pommel Strike","floor":14}],"player_experience":304881,"relics_obtained":[{"floor":7,"key":"Smiling Mask"},{"floor":9,"key":"Centennial Puzzle"}],"event_choices":[{"cards_removed":["Strike_R"],"damage_healed":0,"gold_gain":0,"player_choice":"Offered Basic","damage_taken":0,"max_hp_gain":0,"max_hp_loss":0,"event_name":"Bonfire Elementals","floor":2,"gold_loss":0},{"damage_healed":0,"gold_gain":75,"player_choice":"Touch","damage_taken":8,"max_hp_gain":0,"max_hp_loss":0,"event_name":"FaceTrader","floor":10,"gold_loss":0}],"is_beta":false,"boss_relics":[],"items_purged_floors":[11],"is_endless":false,"potions_floor_spawned":[3,13,14],"killed_by":"Hexaghost","ascension_level":4}