{"gold_per_floor":[12,31,306,33,48,48,48,48,48,66,66,83,114,130,130,130],"floor_reached":16,"playtime":561,"items_purged":["Regret"],"score":133,"play_id":"f98d0e26-9ee3-446a-8b79-6eeb4092f0bd","local_time":"20190227064307","is_ascension_mode":true,"campfire_choices":[{"data":"Bash","floor":6,"key":"SMITH"},{"data":"Dropkick","floor":8,"key":"SMITH"},{"floor":15,"key":"RECALL"}],"neow_cost":"NO_GOLD","seed_source_timestamp":434507921790875,"circlet_count":0,"master_deck":["Strike_R","Strike_R","Strike_R","Strike_R","Strike_R","Defend_R","Defend_R","Defend_R","Defend_R","Bash+1","Fiend Fire","Headbutt","Dropkick+1","Sentinel","True Grit"],"relics":["Burning Blood","Sling","Art of War","FossilizedHelix","SsserpentHead","Bird Faced Urn"],"potions_floor_usage":[10,13],"damage_taken":[{"damage":0,"enemies":"Small Slimes","floor":1,"turns":2},{"damage":1,"enemies":"Cultist","floor":2,"turns":3},{"damage":6,"enemies":"2 Louse","floor":5,"turns":2},{"damage":16,"enemies":"Gremlin Gang","floor":10,"turns":4},{"damage":11,"enemies":"Lots of Slimes","floor":12,"turns":4},{"damage":0,"enemies":"Lagavulin","floor":13,"turns":3},{"damage":0,"enemies":"Large Slime","floor":14,"turns":4},{"damage":78,"enemies":"Hexaghost","floor":16,"turns":9}],"seed_played":"-7382677327006914064","potions_obtained":[{"floor":2,"key":"SteroidPotion"},{"floor":10,"key":"SteroidPotion"},{"floor":14,"key":"Dexterity Potion"}],"is_trial":false,"path_per_floor":["M","M","?","$","M","R","T","R","T","M","?","M","E","M","R","B"],"character_chosen":"IRONCLAD","items_purchased":["Sling"],"campfire_rested":0,"item_purchase_floors":[4],"current_hp_per_floor":[80,80,80,80,80,80,80,80,80,70,70,65,71,77,77,0],"gold":130,"neow_bonus":"THREE_RARE_CARDS","is_prod":false,"is_daily":false,"chose_seed":false,"campfire_upgraded":2,"win_rate":0,"timestamp":1551217387,"path_taken":["M","M","?","$","?","R","?","R","T","M","?","M","E","M","R","BOSS"],"build_version":"2019-01-23","purchased_purges":1,"victory":false,"max_hp_per_floor":[80,80,80,80,80,80,80,80,80,80,80,80,80,80,80,80],"card_choices":[{"not_picked":["Impervious","Berserk"],"picked":"Fiend Fire","floor":0},{"not_picked":["Fire Breathing","Flex"],"picked":"Headbutt","floor":1},{"not_picked":["Clothesline","Armaments"],"picked":"Dropkick","floor":2},{"not_picked":["Sword Boomerang","Cleave"],"picked":"Sentinel","floor":5},{"not_picked":["Disarm","Wild Strike","Intimidate"],"picked":"SKIP","floor":10},{"not_picked":["Shrug It Off","Blood for Blood","Twin Strike"],"picked":"SKIP","floor":12},{"not_picked":["Double Tap","Anger"],"picked":"True Grit","floor":13},{"not_picked":["Evolve","Armaments","Cleave"],"picked":"SKIP","floor":14}],"player_experience":128756,"relics_obtained":[{"floor":7,"key":"Art of War"},{"floor":9,"key":"FossilizedHelix"},{"floor":13,"key":"Bird Faced Urn"}],"event_choices":[{"damage_healed":0,"gold_gain":275,"player_choice":"Desecrate","damage_taken":0,"max_hp_gain":0,"max_hp_loss":0,"event_name":"Golden Shrine","floor":3,"gold_loss":0,"cards_obtained":["Regret"]},{"damage_healed":0,"gold_gain":0,"player_choice":"Trade","damage_taken":0,"relics_obtained":["SsserpentHead"],"max_hp_gain":0,"max_hp_loss":0,"event_name":"FaceTrader","floor":11,"gold_loss":0}],"is_beta":false,"boss_relics":[],"items_purged_floors":[4],"is_endless":false,"potions_floor_spawned":[2,10,14],"killed_by":"Hexaghost","ascension_level":1}