{"gold_per_floor":[214,214,139,139,139,168,168,185,185,185,216,216,216,255,255,383,383,404,420,420,519,644,644,644,644,669,694,694,53,53,92,92,222,222,241,265,289,314,332,332,332,332,332,332,347,368,368,436,436,436],"floor_reached":51,"playtime":2089,"items_purged":["Strike_R","Strike_R"],"score":759,"play_id":"efd0c13d-5b0d-4cc2-8647-c69ada917f4a","local_time":"20190225020715","is_ascension_mode":false,"campfire_choices":[{"data":"Searing Blow+1","floor":7,"key":"SMITH"},{"data":"Searing Blow+2","floor":10,"key":"SMITH"},{"data":"Searing Blow+3","floor":12,"key":"SMITH"},{"data":"Searing Blow+4","floor":15,"key":"SMITH"},{"data":"Searing Blow+5","floor":23,"key":"SMITH"},{"data":"Searing Blow+6","floor":25,"key":"SMITH"},{"data":"Searing Blow+7","floor":28,"key":"SMITH"},{"data":"Searing Blow+8","floor":32,"key":"SMITH"},{"data":"Searing Blow+9","floor":40,"key":"SMITH"},{"data":"Searing Blow+11","floor":42,"key":"SMITH"},{"data":"Searing Blow+12","floor":44,"key":"SMITH"},{"data":"Searing Blow+13","floor":49,"key":"SMITH"}],"neow_cost":"NONE","seed_source_timestamp":131242675403471,"circlet_count":0,"master_deck":["Defend_R+1","Defend_R+1","Defend_R+1","Defend_R+1","Bash+1","Searing Blow+14","Headbutt+1","Armaments+1","Body Slam+1","Rampage+1","Double Tap+1","Armaments+1","Battle Trance+1","Madness","Madness"],"special_seed":0,"relics":["Burning Blood","Dream Catcher","Juzu Bracelet","Pear","Singing Bowl","Golden Idol","Letter Opener","Runic Dome","StoneCalendar","Molten Egg 2","Happy Flower","Dodecahedron","Pen Nib","Red Mask","Coffee Dripper","Mark of the Bloom","War Paint","Ginger"],"potions_floor_usage":[22],"damage_taken":[{"damage":8.0,"enemies":"2 Louse","floor":1.0,"turns":3.0},{"damage":42,"enemies":"3 Sentries","floor":6,"turns":14},{"damage":7,"enemies":"Small Slimes","floor":8,"turns":4},{"damage":6,"enemies":"Gremlin Nob","floor":11,"turns":3},{"damage":13,"enemies":"Lagavulin","floor":14,"turns":5},{"damage":19,"enemies":"Hexaghost","floor":16,"turns":9},{"damage":7,"enemies":"Shell Parasite","floor":18,"turns":2},{"damage":15,"enemies":"2 Thieves","floor":19,"turns":3},{"damage":13,"enemies":"Colosseum Slavers","floor":22,"turns":4},{"damage":14,"enemies":"Colosseum Nobs","floor":22,"turns":4},{"damage":0,"enemies":"Snake Plant","floor":27,"turns":1},{"damage":28,"enemies":"Masked Bandits","floor":31,"turns":4},{"damage":42,"enemies":"Champ","floor":33,"turns":4},{"damage":4,"enemies":"3 Shapes","floor":35,"turns":5},{"damage":6,"enemies":"3 Darklings","floor":36,"turns":5},{"damage":0,"enemies":"Transient","floor":37,"turns":5},{"damage":0,"enemies":"Sphere and 2 Shapes","floor":38,"turns":5},{"damage":0,"enemies":"4 Shapes","floor":39,"turns":4},{"damage":0,"enemies":"Writhing Mass","floor":45,"turns":2},{"damage":0,"enemies":"Sphere and 2 Shapes","floor":46,"turns":3},{"damage":0,"enemies":"2 Orb Walkers","floor":48,"turns":1},{"damage":27,"enemies":"Time Eater","floor":50,"turns":3}],"seed_played":"8741755803294474965","potions_obtained":[{"floor":1,"key":"Block Potion"},{"floor":6,"key":"Ancient Potion"},{"floor":11,"key":"AttackPotion"},{"floor":19,"key":"Explosive Potion"},{"floor":27,"key":"SteroidPotion"},{"floor":36,"key":"GamblersBrew"}],"is_trial":false,"path_per_floor":["M","?","$","?","?","E","R","M","T","R","E","R","?","E","R","B",null,"M","M","?","?","?","R","?","R","T","M","R","$","?","?","R","B",null,"M","M","M","M","M","R","?","R","T","R","M","M","?","?","R","B",null],"character_chosen":"IRONCLAD","items_purchased":["Double Tap","Dodecahedron","Pen Nib"],"campfire_rested":0,"item_purchase_floors":[29,29,29],"current_hp_per_floor":[78,71,71,64,64,28,28,27,37,37,37,37,37,32,32,21,87,88,81,81,81,68,68,68,68,68,76,76,76,76,56,56,22,99,99,101,103,105,105,105,105,105,105,105,105,105,91,91,91,64],"gold":436,"neow_bonus":"HUNDRED_GOLD","is_prod":false,"is_daily":false,"chose_seed":false,"campfire_upgraded":12,"win_rate":0,"timestamp":1551078435,"path_taken":["M","?","$","?","?","E","R","M","T","R","E","R","?","E","R","BOSS","M","M","?","?","?","R","?","R","T","M","R","$","?","?","R","BOSS","M","M","M","M","M","R","?","R","T","R","M","M","?","?","R","BOSS"],"build_version":"2019-01-23","purchased_purges":2,"victory":true,"max_hp_per_floor":[80,80,80,80,80,80,80,80,90,90,90,90,83,85,85,87,87,89,91,91,91,93,93,93,93,93,95,95,95,95,97,97,99,99,99,101,103,105,105,105,105,105,105,105,107,109,109,111,111,111],"card_choices":[{"not_picked":["Havoc","Sword Boomerang"],"picked":"Searing Blow","floor":1},{"not_picked":["Barricade","Perfected Strike"],"picked":"Headbutt","floor":6},{"not_picked":["Havoc","Heavy Blade","Cleave"],"picked":"SKIP","floor":8},{"not_picked":["Sword Boomerang","Blood for Blood"],"picked":"Armaments","floor":11},{"not_picked":["Pommel Strike","Dropkick","Fire Breathing"],"picked":"Singing Bowl","floor":14},{"not_picked":["Exhume","Bludgeon","Demon Form"],"picked":"Singing Bowl","floor":16},{"not_picked":["Anger+1","Reckless Charge+1","Burning Pact"],"picked":"Singing Bowl","floor":18},{"not_picked":["Perfected Strike","Shrug It Off","Pommel Strike"],"picked":"Singing Bowl","floor":19},{"not_picked":["Spot Weakness","True Grit","Thunderclap+1"],"picked":"Singing Bowl","floor":22},{"not_picked":["Shrug It Off","Uppercut+1","Anger+1"],"picked":"Singing Bowl","floor":27},{"not_picked":["Disarm","Havoc","Perfected Strike+1"],"picked":"Singing Bowl","floor":31},{"not_picked":["Berserk","Dark Embrace","Impervious"],"picked":"Singing Bowl","floor":33},{"not_picked":["Wild Strike+1","Perfected Strike+1"],"picked":"Armaments","floor":35},{"not_picked":["Twin Strike+1","Heavy Blade+1","Sentinel"],"picked":"Singing Bowl","floor":36},{"not_picked":["Anger+1","Thunderclap+1","Rage+1"],"picked":"Singing Bowl","floor":37},{"not_picked":["Spot Weakness","Havoc+1","Dropkick+1"],"picked":"Singing Bowl","floor":38},{"not_picked":["Heavy Blade+1","Reaper+1"],"picked":"Battle Trance","floor":39},{"not_picked":["Ghostly Armor","Havoc","Headbutt+1"],"picked":"Singing Bowl","floor":45},{"not_picked":["Reckless Charge+1","Battle Trance","Sever Soul+1"],"picked":"Singing Bowl","floor":46},{"not_picked":["Clash+1","Body Slam+1","Second Wind+1"],"picked":"Singing Bowl","floor":48}],"player_experience":462975,"relics_obtained":[{"floor":6,"key":"Juzu Bracelet"},{"floor":9,"key":"Pear"},{"floor":11,"key":"Singing Bowl"},{"floor":14,"key":"Letter Opener"},{"floor":22,"key":"StoneCalendar"},{"floor":22,"key":"Molten Egg 2"},{"floor":26,"key":"Happy Flower"},{"floor":31,"key":"Red Mask"},{"floor":43,"key":"War Paint"},{"floor":48,"key":"Ginger"}],"event_choices":[{"cards_removed":["Strike_R"],"damage_healed":0,"gold_gain":0,"player_choice":"Card Removal","damage_taken":7,"max_hp_gain":0,"max_hp_loss":0,"event_name":"Golden Wing","floor":2,"gold_loss":0},{"damage_healed":0,"gold_gain":0,"player_choice":"Success","damage_taken":7,"relics_obtained":["Dream Catcher"],"max_hp_gain":0,"max_hp_loss":0,"event_name":"Scrap Ooze","floor":4,"gold_loss":0},{"damage_healed":0,"gold_gain":0,"player_choice":"Grow","damage_taken":0,"max_hp_gain":0,"max_hp_loss":0,"event_name":"Living Wall","floor":5,"gold_loss":0,"cards_upgraded":["Searing Blow"]},{"damage_healed":0,"gold_gain":0,"player_choice":"Lose Max HP","damage_taken":0,"relics_obtained":["Golden Idol"],"max_hp_gain":0,"max_hp_loss":7,"event_name":"Golden Idol","floor":13,"gold_loss":0},{"damage_healed":0,"gold_gain":0,"player_choice":"Ignored","damage_taken":0,"max_hp_gain":0,"max_hp_loss":0,"event_name":"The Mausoleum","floor":20,"gold_loss":0},{"damage_healed":0,"gold_gain":99,"player_choice":"Stole From Cult","damage_taken":0,"max_hp_gain":0,"max_hp_loss":0,"event_name":"Nest","floor":21,"gold_loss":0},{"damage_healed":0,"gold_gain":0,"player_choice":"Fight","damage_taken":0,"max_hp_gain":0,"max_hp_loss":0,"event_name":"Colosseum","floor":22,"gold_loss":0},{"damage_healed":0,"gold_gain":0,"player_choice":"Fought Nobs","damage_taken":0,"max_hp_gain":0,"max_hp_loss":0,"event_name":"Colosseum","floor":22,"gold_loss":0},{"damage_healed":0,"gold_gain":0,"cards_transformed":["Strike_R","Strike_R"],"player_choice":"Became Test Subject","damage_taken":0,"max_hp_gain":0,"max_hp_loss":0,"event_name":"Drug Dealer","floor":24,"gold_loss":0,"cards_obtained":["Body Slam","Rampage"]},{"damage_healed":0,"gold_gain":0,"player_choice":"Ignored","damage_taken":0,"max_hp_gain":0,"max_hp_loss":0,"event_name":"Ghosts","floor":30,"gold_loss":0},{"damage_healed":0,"gold_gain":0,"player_choice":"Fought Bandits","damage_taken":0,"max_hp_gain":0,"max_hp_loss":0,"event_name":"Masked Bandits","floor":31,"gold_loss":0},{"damage_healed":0,"gold_gain":0,"player_choice":"Upgrade","damage_taken":0,"relics_obtained":["Mark of the Bloom"],"max_hp_gain":0,"max_hp_loss":0,"event_name":"MindBloom","floor":41,"gold_loss":0,"cards_upgraded":["Defend_R","Defend_R","Defend_R","Defend_R","Bash","Searing Blow","Headbutt","Armaments","Double Tap","Armaments","Battle Trance"]},{"damage_healed":0,"gold_gain":0,"player_choice":"Embrace Madness","damage_taken":14,"max_hp_gain":0,"max_hp_loss":0,"event_name":"Winding Halls","floor":47,"gold_loss":0,"cards_obtained":["Madness","Madness"]},{"damage_healed":0,"gold_gain":0,"player_choice":"Fight","damage_taken":0,"max_hp_gain":0,"max_hp_loss":0,"event_name":"Mysterious Sphere","floor":48,"gold_loss":0}],"is_beta":false,"boss_relics":[{"not_picked":["Lizard Tail","Orrery"],"picked":"Runic Dome"},{"not_picked":["Pandora\u0027s Box","Black Star"],"picked":"Coffee Dripper"}],"items_purged_floors":[3,29],"is_endless":false,"potions_floor_spawned":[1,6,11,19,27,31,36,37,39,48],"ascension_level":0}