{"gold_per_floor":[119,294,193,209,225,251,276,276,276,276,176,176,176,186,186,284,284,302,318,318,298,298,330,43,43,43,14,114,29,29,29,29,29],"floor_reached":33,"playtime":1856,"items_purged":["Doubt","Regret"],"score":282,"play_id":"25388380-db2c-4fdc-ab6e-6b3696737dff","local_time":"20180925092309","is_ascension_mode":false,"campfire_choices":[{"data":"Spot Weakness","floor":8,"key":"SMITH"},{"data":"Seeing Red","floor":12,"key":"SMITH"},{"data":"Bash","floor":15,"key":"SMITH"},{"data":"Limit Break","floor":25,"key":"SMITH"},{"data":"Rupture","floor":32,"key":"SMITH"}],"neow_cost":"","seed_source_timestamp":610016913754164,"circlet_count":0,"master_deck":["Defend_R","Defend_R","Defend_R","Bash+1","Spot Weakness+1","Headbutt","Seeing Red+1","Shrug It Off","Flex","Clothesline","Battle Trance","Limit Break+1","Metallicize+1","Shrug It Off+1","Bite","Bite","Bite","Bite","Bite","Brutality","Flex+1","Rupture+1","Armaments+1"],"relics":["Burning Blood","Juzu Bracelet","Bag of Preparation","The Courier","Gambling Chip","Mark of Pain","Toxic Egg 2","Torii","Kunai","Darkstone Periapt"],"potions_floor_usage":[33,33],"damage_taken":[{"damage":2,"enemies":"2 Louse","floor":1,"turns":3},{"damage":1,"enemies":"Jaw Worm","floor":4,"turns":3},{"damage":1,"enemies":"Cultist","floor":5,"turns":3},{"damage":44,"enemies":"Lagavulin","floor":6,"turns":7},{"damage":10,"enemies":"Exordium Wildlife","floor":14,"turns":3},{"damage":31,"enemies":"Hexaghost","floor":16,"turns":8},{"damage":10,"enemies":"Spheric Guardian","floor":18,"turns":3},{"damage":3,"enemies":"Shell Parasite","floor":19,"turns":3},{"damage":14,"enemies":"Book of Stabbing","floor":23,"turns":4},{"damage":67,"enemies":"Collector","floor":33,"turns":5}],"seed_played":"4525398461080740161","potions_obtained":[{"floor":5,"key":"LiquidBronze"},{"floor":16,"key":"EssenceOfSteel"},{"floor":21,"key":"Ancient Potion"}],"is_trial":false,"path_per_floor":["M","?","$","M","M","E","T","R","T","?","$","R","?","M","R","B",null,"M","M","?","?","?","E","$","R","T","$","?","?","?","?","R"],"character_chosen":"IRONCLAD","items_purchased":["Headbutt","Flex","Torii","Flex+1","Rupture"],"campfire_rested":0,"item_purchase_floors":[3,11,24,24,27],"current_hp_per_floor":[80,80,80,80,80,42,42,42,42,42,42,42,42,38,38,13,80,76,79,64,64,59,53,53,53,53,53,53,53,53,53,53,0],"gold":29,"neow_bonus":"","is_prod":false,"is_daily":false,"chose_seed":false,"campfire_upgraded":5,"win_rate":0.0,"timestamp":1537842189,"path_taken":["M","?","?","M","M","E","?","R","T","?","$","R","?","M","R","BOSS","M","M","?","?","?","E","$","R","T","?","?","?","?","?","R","BOSS"],"build_version":"2018-09-20","purchased_purges":2,"victory":false,"max_hp_per_floor":[80,80,80,80,80,80,80,80,80,80,80,80,80,80,80,80,80,80,80,85,85,59,59,59,59,59,59,59,59,59,59,59,59],"card_choices":[{"not_picked":["Headbutt","Feel No Pain"],"picked":"Spot Weakness","floor":1},{"not_picked":["Perfected Strike","Pommel Strike"],"picked":"Seeing Red","floor":4},{"not_picked":["Headbutt","Clothesline","Sword Boomerang"],"picked":"SKIP","floor":5},{"not_picked":["Iron Wave","Blood for Blood"],"picked":"Shrug It Off","floor":6},{"not_picked":["Iron Wave","Disarm"],"picked":"Battle Trance","floor":14},{"not_picked":["Feed","Impervious"],"picked":"Limit Break","floor":16},{"not_picked":["Heavy Blade","Clash"],"picked":"Metallicize+1","floor":18},{"not_picked":["Twin Strike","Pummel+1"],"picked":"Shrug It Off+1","floor":19},{"not_picked":["Burning Pact","Flex"],"picked":"Brutality","floor":23}],"player_experience":126272,"relics_obtained":[{"floor":6,"key":"Juzu Bracelet"},{"floor":7,"key":"Bag of Preparation"},{"floor":9,"key":"The Courier"},{"floor":23,"key":"Toxic Egg 2"},{"floor":26,"key":"Kunai"}],"event_choices":[{"event_name":"Liars Game","player_choice":"agreed","floor":2,"damage_taken":0},{"event_name":"Big Fish","player_choice":"Box","floor":10,"damage_taken":0},{"event_name":"Living Wall","player_choice":"Change","floor":13,"damage_taken":0},{"event_name":"Forgotten Altar","player_choice":"Shed Blood","floor":20,"damage_taken":0},{"event_name":"The Woman in Blue","player_choice":"Bought 1 Potion","floor":21,"damage_taken":0},{"event_name":"Vampires","player_choice":"Became a vampire","floor":22,"damage_taken":0},{"event_name":"Golden Shrine","player_choice":"Pray","floor":28,"damage_taken":0},{"event_name":"Addict","player_choice":"Obtained Relic","floor":29,"damage_taken":0},{"event_name":"Beggar","player_choice":"Ignored","floor":30,"damage_taken":0},{"event_name":"The Library","player_choice":"Read","floor":31,"damage_taken":0}],"is_beta":false,"boss_relics":[{"not_picked":["Eternal Feather","Runic Cube"],"picked":"Mark of Pain"}],"items_purged_floors":[3,11],"is_endless":false,"potions_floor_spawned":[5,16],"killed_by":"Collector","ascension_level":0}