{"gold_per_floor":[20,31,31,45,45,77,97,130,130,4,4,19,19,19,19,118,118,136,152,242,255,255,255,282,295,341,26,26,57,67,82,82,182,182,202,220,240,260,277,306,52,52,123,123,154,154,181,201,201,201,201,201,122,154,154],"floor_reached":55,"playtime":4294,"items_purged":["Strike_R","Defend_R+1"],"score":1165,"play_id":"b8edb86f-1045-43db-9554-a5f278937200","local_time":"20181117225151","is_ascension_mode":true,"campfire_choices":[{"floor":11,"key":"REST"},{"floor":13,"key":"RECALL"},{"data":"True Grit","floor":15,"key":"SMITH"},{"floor":23,"key":"REST"},{"data":"Double Tap","floor":28,"key":"SMITH"},{"floor":32,"key":"REST"},{"data":"Barricade","floor":42,"key":"SMITH"},{"data":"Uppercut","floor":44,"key":"SMITH"},{"data":"Metallicize","floor":46,"key":"SMITH"},{"floor":49,"key":"REST"},{"data":"Inflame","floor":52,"key":"SMITH"}],"neow_cost":"NO_GOLD","seed_source_timestamp":34862565734482,"circlet_count":0,"master_deck":["Strike_R+1","Strike_R+1","Strike_R+1","Strike_R+1","Defend_R+1","Defend_R+1","Defend_R+1","Bash","Shockwave+1","Uppercut+1","Inflame+1","Metallicize","Whirlwind","Double Tap+1","Anger","True Grit+1","Reaper","Whirlwind+1","Pommel Strike","Shrug It Off","Metallicize+1","Impervious","Shrug It Off","Power Through+1","Inflame+1","Armaments+1","Flame Barrier","Barricade+1","Carnage+1","True Grit+1","Spot Weakness","Flex+1","Heavy Blade+1"],"relics":["Burning Blood","Gambling Chip","Regal Pillow","Matryoshka","Strawberry","Mark of Pain","Dream Catcher","Bag of Preparation","Happy Flower","Vajra","Unceasing Top","Runic Pyramid","Pear","Bag of Marbles","Meat on the Bone","War Paint","Peace Pipe","Letter Opener"],"potions_floor_usage":[6,8,16,16,25,25,33,33,50,54,55,55],"damage_taken":[{"damage":10,"enemies":"2 Louse","floor":1,"turns":3},{"damage":10,"enemies":"Jaw Worm","floor":2,"turns":5},{"damage":0,"enemies":"Cultist","floor":4,"turns":4},{"damage":42,"enemies":"3 Sentries","floor":6,"turns":7},{"damage":4,"enemies":"Blue Slaver","floor":7,"turns":6},{"damage":22,"enemies":"Gremlin Nob","floor":8,"turns":5},{"damage":8,"enemies":"Exordium Wildlife","floor":12,"turns":3},{"damage":23,"enemies":"Hexaghost","floor":16,"turns":7},{"damage":7,"enemies":"Spheric Guardian","floor":18,"turns":4},{"damage":0,"enemies":"3 Byrds","floor":19,"turns":3},{"damage":21,"enemies":"Cultist and Chosen","floor":21,"turns":5},{"damage":28,"enemies":"Gremlin Leader","floor":24,"turns":5},{"damage":0,"enemies":"Centurion and Healer","floor":25,"turns":5},{"damage":25,"enemies":"Book of Stabbing","floor":29,"turns":6},{"damage":23,"enemies":"Snake Plant","floor":30,"turns":3},{"damage":0,"enemies":"Cultist and Chosen","floor":31,"turns":3},{"damage":77,"enemies":"Champ","floor":33,"turns":13},{"damage":0,"enemies":"3 Shapes","floor":35,"turns":4},{"damage":13,"enemies":"3 Darklings","floor":36,"turns":2},{"damage":29,"enemies":"Spire Growth","floor":37,"turns":6},{"damage":3,"enemies":"4 Shapes","floor":38,"turns":9},{"damage":19,"enemies":"Jaw Worm Horde","floor":39,"turns":4},{"damage":45,"enemies":"Reptomancer","floor":40,"turns":8},{"damage":23,"enemies":"Giant Head","floor":45,"turns":8},{"damage":5,"enemies":"Nemesis","floor":47,"turns":7},{"damage":0,"enemies":"Spire Growth","floor":48,"turns":5},{"damage":49,"enemies":"Time Eater","floor":50,"turns":11},{"damage":75,"enemies":"Shield and Spear","floor":54,"turns":7},{"damage":109,"enemies":"The Heart","floor":55,"turns":9}],"seed_played":"-3343006574990246626","potions_obtained":[{"floor":2,"key":"PowerPotion"},{"floor":6,"key":"SteroidPotion"},{"floor":7,"key":"Poison Potion"},{"floor":12,"key":"Dexterity Potion"},{"floor":19,"key":"Dexterity Potion"},{"floor":24,"key":"AttackPotion"},{"floor":25,"key":"SteroidPotion"},{"floor":30,"key":"Poison Potion"},{"floor":33,"key":"Strength Potion"},{"floor":38,"key":"Swift Potion"},{"floor":40,"key":"PowerPotion"},{"floor":47,"key":"GamblersBrew"}],"is_trial":false,"path_per_floor":["M","M","?","M","?","E","M","E","T","$","R","M","R","?","R","B",null,"M","M","?","M","?","R","E","M","T","$","R","E","M","M","R","B",null,"M","M","M","M","M","E","$","R","T","R","E","R","E","M","R","B",null,"R","$","E","B"],"character_chosen":"IRONCLAD","items_purchased":["Anger","Shrug It Off","Power Through","Vajra","Inflame","Bag of Marbles","Regen Potion"],"campfire_rested":4,"item_purchase_floors":[10,27,27,27,27,41,53],"current_hp_per_floor":[68,64,64,70,70,34,36,20,27,27,68,66,66,66,66,49,78,77,83,59,48,48,87,87,87,87,87,87,68,51,57,87,27,72,78,71,48,75,87,81,81,81,81,81,64,64,65,71,97,75,92,92,92,49,0],"gold":154,"neow_bonus":"ONE_RARE_RELIC","is_prod":false,"is_daily":false,"chose_seed":false,"campfire_upgraded":6,"win_rate":0,"timestamp":1542523911,"path_taken":["M","M","?","M","?","E","M","E","T","$","R","M","R","?","R","BOSS","M","M","?","?","?","R","E","M","T","$","R","E","M","M","R","BOSS","M","M","M","M","M","E","$","R","T","R","E","R","E","M","R","BOSS","R","$","E","BOSS"],"build_version":"2018-11-15","purchased_purges":2,"victory":false,"max_hp_per_floor":[80,80,80,80,80,80,80,80,87,87,87,87,87,87,87,87,87,87,87,87,87,87,87,87,87,87,87,87,87,87,87,87,87,87,87,87,87,87,87,97,97,97,97,97,97,97,97,97,97,97,97,97,97,97,97],"card_choices":[{"not_picked":["Heavy Blade","Cleave"],"picked":"Shockwave","floor":1},{"not_picked":["Havoc","Perfected Strike"],"picked":"Uppercut","floor":2},{"not_picked":["Armaments","Searing Blow"],"picked":"Inflame","floor":4},{"not_picked":["Entrench","True Grit"],"picked":"Metallicize","floor":6},{"not_picked":["Warcry","Anger"],"picked":"Whirlwind","floor":7},{"not_picked":["Sword Boomerang","Cleave"],"picked":"Double Tap","floor":8},{"not_picked":["Perfected Strike","Dropkick"],"picked":"True Grit","floor":12},{"not_picked":["Feed","Berserk"],"picked":"Reaper","floor":16},{"not_picked":["Evolve","Flex"],"picked":"Whirlwind+1","floor":18},{"not_picked":["Body Slam","Havoc"],"picked":"Pommel Strike","floor":19},{"not_picked":["Inflame","Wild Strike"],"picked":"Shrug It Off","floor":21},{"not_picked":["Body Slam","Pommel Strike"],"picked":"Metallicize","floor":24},{"not_picked":["Body Slam","Thunderclap"],"picked":"Impervious","floor":25},{"not_picked":["Flex","Warcry"],"picked":"Armaments+1","floor":29},{"not_picked":["Pommel Strike","Burning Pact+1","Sword Boomerang"],"picked":"SKIP","floor":30},{"not_picked":["Armaments","Headbutt"],"picked":"Flame Barrier","floor":31},{"not_picked":["Dark Embrace","Juggernaut"],"picked":"Barricade","floor":33},{"not_picked":["Headbutt+1","Infernal Blade"],"picked":"Carnage+1","floor":35},{"not_picked":["Sword Boomerang","Flame Barrier+1"],"picked":"True Grit+1","floor":36},{"not_picked":["Shrug It Off+1","Anger"],"picked":"Spot Weakness","floor":37},{"not_picked":["Clash+1","Perfected Strike","Infernal Blade"],"picked":"SKIP","floor":38},{"not_picked":["Pummel","Perfected Strike+1","Exhume"],"picked":"SKIP","floor":39},{"not_picked":["Pummel","Perfected Strike+1","Exhume"],"picked":"SKIP","floor":39},{"not_picked":["Searing Blow","Rampage+1"],"picked":"Flex+1","floor":40},{"not_picked":["Clothesline","Sword Boomerang","True Grit+1"],"picked":"SKIP","floor":45},{"not_picked":["Thunderclap","Sever Soul","Feed"],"picked":"SKIP","floor":47},{"not_picked":["Cleave","Reckless Charge","Pommel Strike"],"picked":"SKIP","floor":48},{"not_picked":["Battle Trance","Whirlwind"],"picked":"Heavy Blade+1","floor":49},{"not_picked":["Wild Strike","Clash+1","Thunderclap+1"],"picked":"SKIP","floor":54}],"player_experience":282715,"relics_obtained":[{"floor":6,"key":"Regal Pillow"},{"floor":8,"key":"Matryoshka"},{"floor":9,"key":"Strawberry"},{"floor":24,"key":"Dream Catcher"},{"floor":26,"key":"Bag of Preparation"},{"floor":26,"key":"Happy Flower"},{"floor":29,"key":"Unceasing Top"},{"floor":40,"key":"Pear"},{"floor":43,"key":"Meat on the Bone"},{"floor":45,"key":"War Paint"},{"floor":47,"key":"Peace Pipe"},{"floor":54,"key":"Letter Opener"}],"event_choices":[{"damage_healed":0,"gold_gain":0,"player_choice":"Ignored","damage_taken":0,"max_hp_gain":0,"max_hp_loss":0,"event_name":"Golden Idol","floor":3,"gold_loss":0},{"damage_healed":0,"gold_gain":0,"player_choice":"Grow","damage_taken":0,"max_hp_gain":0,"max_hp_loss":0,"event_name":"Living Wall","floor":5,"gold_loss":0,"cards_upgraded":["Inflame"]},{"damage_healed":0,"gold_gain":0,"player_choice":"Leave","damage_taken":0,"max_hp_gain":0,"max_hp_loss":0,"event_name":"The Cleric","floor":14,"gold_loss":0},{"damage_healed":0,"gold_gain":90,"player_choice":"GOLD POTION ","damage_taken":24,"max_hp_gain":0,"max_hp_loss":0,"event_name":"Knowing Skull","floor":20,"potions_obtained":["Swift Potion"],"gold_loss":0,"cards_obtained":[]},{"damage_healed":0,"gold_gain":0,"player_choice":"Simplicity","damage_taken":0,"max_hp_gain":0,"max_hp_loss":0,"event_name":"Back to Basics","floor":22,"gold_loss":0,"cards_upgraded":["Strike_R","Strike_R","Strike_R","Strike_R","Defend_R","Defend_R","Defend_R","Defend_R"]}],"is_beta":false,"boss_relics":[{"not_picked":["Fusion Hammer","Lizard Tail"],"picked":"Mark of Pain"},{"not_picked":["Philosopher\u0027s Stone","Eternal Feather"],"picked":"Runic Pyramid"}],"items_purged_floors":[10,41],"is_endless":false,"potions_floor_spawned":[2,6,7,12,19,24,25,30,33,38,39,40,47],"killed_by":"The Heart","ascension_level":8}