{"gold_per_floor":[367,317,336,33,33,63,63,89,89,89,89,9,9,28,28,153,153,174,2,2,18,31,31,70,70,96,111,145,161,177,177],"floor_reached":31,"playtime":1441,"items_purged":[],"score":339,"play_id":"4b214c67-c02f-4a07-aa90-a09a585ff7cf","local_time":"20180926040217","is_ascension_mode":true,"campfire_choices":[{"data":"Defragment","floor":7,"key":"SMITH"},{"data":"Defragment","floor":10,"key":"SMITH"},{"floor":13,"key":"REST"},{"data":"Zap","floor":15,"key":"SMITH"},{"data":"Seek","floor":23,"key":"SMITH"}],"neow_cost":"TEN_PERCENT_HP_LOSS","seed_source_timestamp":677580550460125,"circlet_count":0,"master_deck":["Strike_B","Strike_B","Defend_B","Defend_B","Defend_B","Zap+1","Sunder","Chill","All For One","Defragment+1","Defragment+1","Cold Snap","Storm","Ball Lightning","Force Field","Seek+1","Cold Snap","Storm","Amplify","Shame","Go for the Eyes+1","Rebound+1","Genetic Algorithm","Biased Cognition","Recycle","Hello World","Sunder+1","Rebound","Sunder+1","Conserve Battery"],"relics":["Cracked Core","Happy Flower","Ancient Tea Set","Dream Catcher","Mummified Hand","Golden Idol","Inserter","Strawberry","StoneCalendar","Anchor","Lantern"],"potions_floor_usage":[22],"damage_taken":[{"damage":1,"enemies":"Cultist","floor":1,"turns":3},{"damage":9,"enemies":"Jaw Worm","floor":3,"turns":4},{"damage":21,"enemies":"Gremlin Nob","floor":6,"turns":4},{"damage":8,"enemies":"Lagavulin","floor":8,"turns":6},{"damage":0,"enemies":"2 Louse","floor":14,"turns":1},{"damage":12,"enemies":"Slime Boss","floor":16,"turns":6},{"damage":13,"enemies":"3 Byrds","floor":18,"turns":4},{"damage":14,"enemies":"Shell Parasite","floor":21,"turns":5},{"damage":4,"enemies":"Centurion and Healer","floor":22,"turns":6},{"damage":12,"enemies":"Gremlin Leader","floor":24,"turns":7},{"damage":0,"enemies":"Cultist and Chosen","floor":27,"turns":6},{"damage":0,"enemies":"Book of Stabbing","floor":28,"turns":3},{"damage":9,"enemies":"Snake Plant","floor":29,"turns":2},{"damage":15,"enemies":"Snecko","floor":30,"turns":3},{"damage":11,"enemies":"Centurion and Healer","floor":31,"turns":1}],"seed_played":"385813326572433280","potions_obtained":[{"floor":1,"key":"Dexterity Potion"},{"floor":6,"key":"GamblersBrew"},{"floor":14,"key":"Energy Potion"},{"floor":22,"key":"Strength Potion"}],"is_trial":false,"path_per_floor":["M","?","M","$","?","E","R","E","T","R","?","$","R","M","R","B",null,"M","$","?","M","M","R","E","?","T","M","E","M","M"],"character_chosen":"DEFECT","items_purchased":["All For One","Defragment","Happy Flower","Storm","Storm","Amplify"],"campfire_rested":1,"item_purchase_floors":[4,4,4,12,19,19],"current_hp_per_floor":[67,67,58,58,58,37,37,29,29,29,12,12,32,32,32,20,68,55,55,62,48,44,44,32,32,32,32,32,23,8,0],"gold":177,"neow_bonus":"TWO_FIFTY_GOLD","is_prod":false,"is_daily":false,"chose_seed":false,"campfire_upgraded":4,"win_rate":0,"timestamp":1537909337,"path_taken":["M","?","M","$","?","E","R","E","T","R","?","$","R","?","R","BOSS","M","$","?","M","M","R","E","?","T","M","E","M","?","M"],"build_version":"2018-09-20","purchased_purges":0,"victory":false,"max_hp_per_floor":[68,68,68,68,68,68,68,68,68,68,68,68,68,68,68,68,68,68,68,75,75,75,75,75,75,75,75,75,75,75,75],"card_choices":[{"not_picked":["Beam Cell","Rebound"],"picked":"Sunder","floor":1},{"not_picked":["Reinforced Body","Compile Driver"],"picked":"Chill","floor":3},{"not_picked":["Chaos","All For One"],"picked":"Defragment","floor":6},{"not_picked":["Undo","Blizzard"],"picked":"Cold Snap","floor":8},{"not_picked":["Streamline","Cold Snap"],"picked":"Ball Lightning","floor":13},{"not_picked":["Doom and Gloom","BootSequence"],"picked":"Force Field","floor":14},{"not_picked":["Fission","Core Surge"],"picked":"Seek","floor":16},{"not_picked":["Sweeping Beam+1","Force Field"],"picked":"Cold Snap","floor":18},{"not_picked":["Steam","Leap"],"picked":"Go for the Eyes+1","floor":21},{"not_picked":["Sunder","Streamline"],"picked":"Rebound+1","floor":22},{"not_picked":["Melter+1","Static Discharge"],"picked":"Genetic Algorithm","floor":24},{"not_picked":["Compile Driver","Hologram"],"picked":"Sunder+1","floor":27},{"not_picked":["Steam","Blizzard"],"picked":"Rebound","floor":28},{"not_picked":["Turbo","Fission"],"picked":"Sunder+1","floor":29},{"not_picked":["Melter","Recycle"],"picked":"Conserve Battery","floor":30}],"player_experience":174271,"relics_obtained":[{"floor":6,"key":"Ancient Tea Set"},{"floor":8,"key":"Dream Catcher"},{"floor":9,"key":"Mummified Hand"},{"floor":24,"key":"StoneCalendar"},{"floor":26,"key":"Anchor"},{"floor":28,"key":"Lantern"}],"event_choices":[{"event_name":"The Cleric","player_choice":"Card Removal","floor":2,"damage_taken":0},{"event_name":"Living Wall","player_choice":"Change","floor":5,"damage_taken":0},{"event_name":"Golden Idol","player_choice":"Take Damage","floor":11,"damage_taken":0},{"event_name":"Addict","player_choice":"Stole Relic","floor":20,"damage_taken":0},{"event_name":"Drug Dealer","player_choice":"Became Test Subject","floor":25,"damage_taken":0}],"is_beta":false,"boss_relics":[{"not_picked":["Runic Pyramid","Tiny House"],"picked":"Inserter"}],"items_purged_floors":[],"is_endless":false,"potions_floor_spawned":[1,6,14,16,21,22,27],"killed_by":"Centurion and Healer","ascension_level":2}