{"gold_per_floor":[117,117,136,136,61,91,91,108,108,108,141,141,158,176,176,281,281,300,125,50,61,72,98,98,98,123,156,31,44,63,63],"floor_reached":31,"playtime":1283,"items_purged":["Strike_R","Strike_R","Strike_R+1"],"score":310,"play_id":"d91d53f7-e3e0-43d0-83d5-da10b72af563","local_time":"20190223163900","is_ascension_mode":false,"campfire_choices":[{"data":"Bash","floor":7,"key":"SMITH"},{"data":"Reaper","floor":10,"key":"SMITH"},{"data":"Defend_R","floor":12,"key":"SMITH"},{"data":"Rampage","floor":15,"key":"SMITH"},{"data":"Double Tap","floor":25,"key":"SMITH"}],"neow_cost":"NONE","seed_source_timestamp":11894461894793,"circlet_count":0,"master_deck":["Defend_R","Defend_R+1","Defend_R","Defend_R+1","Bash+1","Reaper+1","Demon Form+1","Rampage+1","Double Tap+1","Juggernaut+1","Shrug It Off","True Grit+1"],"relics":["Burning Blood","NeowsBlessing","Mango","Frozen Egg 2","StoneCalendar","Sozu","Lantern","Happy Flower","Bag of Marbles"],"potions_floor_usage":[11,30,31],"damage_taken":[{"damage":0,"enemies":"Jaw Worm","floor":1,"turns":1},{"damage":0,"enemies":"Small Slimes","floor":3,"turns":1},{"damage":0,"enemies":"3 Sentries","floor":6,"turns":2},{"damage":0,"enemies":"Cultist","floor":8,"turns":3},{"damage":30,"enemies":"Lagavulin","floor":11,"turns":8},{"damage":14,"enemies":"3 Louse","floor":13,"turns":7},{"damage":10,"enemies":"2 Fungi Beasts","floor":14,"turns":4},{"damage":47,"enemies":"Slime Boss","floor":16,"turns":8},{"damage":30,"enemies":"2 Thieves","floor":18,"turns":4},{"damage":0,"enemies":"Chosen","floor":21,"turns":4},{"damage":27,"enemies":"Snecko","floor":22,"turns":6},{"damage":38,"enemies":"Book of Stabbing","floor":23,"turns":5},{"damage":59,"enemies":"Slavers","floor":27,"turns":6},{"damage":0,"enemies":"Snake Plant","floor":29,"turns":4},{"damage":12,"enemies":"Centurion and Healer","floor":30,"turns":4},{"damage":59,"enemies":"Book of Stabbing","floor":31,"turns":5}],"seed_played":"-2885703784825255225","potions_obtained":[{"floor":1,"key":"Weak Potion"},{"floor":6,"key":"EntropicBrew"},{"floor":11,"key":"Energy Potion"},{"floor":13,"key":"BloodPotion"},{"floor":16,"key":"Dexterity Potion"}],"is_trial":false,"path_per_floor":["M","?","M","?","$","E","R","M","T","R","E","R","M","M","R","B",null,"M","$","?","M","M","E","?","R","T","E","$","M","M","E"],"character_chosen":"IRONCLAD","items_purchased":["Juggernaut+1"],"campfire_rested":0,"item_purchase_floors":[19],"current_hp_per_floor":[80,64,70,70,70,90,90,94,94,94,76,76,68,76,76,35,94,94,94,94,94,76,44,44,44,44,9,9,18,40,0],"gold":63,"neow_bonus":"THREE_ENEMY_KILL","is_prod":false,"is_daily":false,"chose_seed":false,"campfire_upgraded":5,"win_rate":0,"timestamp":1550957940,"path_taken":["M","?","M","?","$","E","R","M","T","R","E","R","?","M","R","BOSS","M","$","?","M","M","E","?","R","T","E","$","M","M","E"],"build_version":"2019-01-23","purchased_purges":3,"victory":false,"max_hp_per_floor":[80,80,80,80,80,94,94,94,94,94,94,94,94,94,94,94,94,94,94,94,94,94,94,94,94,94,94,94,94,94,94],"card_choices":[{"not_picked":["Dual Wield","Perfected Strike","Iron Wave"],"picked":"SKIP","floor":1},{"not_picked":["Searing Blow","Dual Wield","Bloodletting"],"picked":"SKIP","floor":3},{"not_picked":["Rage","Body Slam"],"picked":"Reaper","floor":6},{"not_picked":["Heavy Blade","Wild Strike","Second Wind"],"picked":"SKIP","floor":8},{"not_picked":["Second Wind","Pommel Strike"],"picked":"Demon Form+1","floor":11},{"not_picked":["Sword Boomerang","Entrench","Power Through"],"picked":"SKIP","floor":13},{"not_picked":["Headbutt","Shrug It Off"],"picked":"Rampage","floor":14},{"not_picked":["Demon Form+1","Barricade+1"],"picked":"Double Tap","floor":16},{"not_picked":["Iron Wave","Flex","Twin Strike"],"picked":"SKIP","floor":18},{"not_picked":["Perfected Strike","Dropkick+1"],"picked":"Shrug It Off","floor":21},{"not_picked":["Heavy Blade","Cleave","Thunderclap"],"picked":"SKIP","floor":22},{"not_picked":["Thunderclap","Infernal Blade+1","Immolate"],"picked":"SKIP","floor":23},{"not_picked":["Second Wind+1","Sentinel"],"picked":"True Grit+1","floor":27},{"not_picked":["Entrench","Second Wind","Wild Strike"],"picked":"SKIP","floor":29},{"not_picked":["Sword Boomerang","True Grit","Shrug It Off"],"picked":"SKIP","floor":30}],"player_experience":430020,"relics_obtained":[{"floor":6,"key":"Mango"},{"floor":9,"key":"Frozen Egg 2"},{"floor":11,"key":"StoneCalendar"},{"floor":23,"key":"Lantern"},{"floor":26,"key":"Happy Flower"},{"floor":27,"key":"Bag of Marbles"}],"event_choices":[{"damage_healed":0,"gold_gain":0,"player_choice":"Entered Light","damage_taken":16,"max_hp_gain":0,"max_hp_loss":0,"event_name":"Shining Light","floor":2,"gold_loss":0,"cards_upgraded":["Defend_R","Strike_R"]},{"cards_removed":["Strike_R"],"damage_healed":0,"gold_gain":0,"player_choice":"Offered Basic","damage_taken":0,"max_hp_gain":0,"max_hp_loss":0,"event_name":"Bonfire Elementals","floor":4,"gold_loss":0},{"cards_removed":["Strike_R"],"damage_healed":0,"gold_gain":0,"player_choice":"Gave Gold","damage_taken":0,"max_hp_gain":0,"max_hp_loss":0,"event_name":"Beggar","floor":20,"gold_loss":75},{"damage_healed":0,"gold_gain":0,"player_choice":"Got Potions","damage_taken":0,"max_hp_gain":0,"max_hp_loss":0,"event_name":"Lab","floor":24,"gold_loss":0}],"is_beta":false,"boss_relics":[{"not_picked":["Empty Cage","Calling Bell"],"picked":"Sozu"}],"items_purged_floors":[5,19,28],"is_endless":false,"potions_floor_spawned":[1,6,11,13,16,18,21,23],"killed_by":"Book of Stabbing","ascension_level":0}