{"gold_per_floor":[109,34,53,66,43,43,73,73,73,73,148,164,164,164,164,260,260,280,261,360,29,29,29,29,29,29,43,58,108,121,121,121,219,219,232,242,262,70,87,87,102,137,184,209,209,27,27,38,38,38,38,38,38,69,69],"floor_reached":55,"playtime":3535,"items_purged":["Pain","Strike_R"],"score":878,"play_id":"f973ab57-a269-4d9a-afac-1fecfd406e0f","local_time":"20190217174216","is_ascension_mode":true,"campfire_choices":[{"data":"Uppercut","floor":6,"key":"SMITH"},{"floor":8,"key":"REST"},{"data":"Entrench","floor":10,"key":"SMITH"},{"data":"Shrug It Off","floor":13,"key":"SMITH"},{"floor":15,"key":"REST"},{"floor":23,"key":"RECALL"},{"floor":25,"key":"REST"},{"floor":32,"key":"REST"},{"floor":40,"key":"REST"},{"floor":47,"key":"REST"},{"floor":49,"key":"REST"},{"floor":52,"key":"REST"}],"neow_cost":"CURSE","seed_source_timestamp":412407918849173,"circlet_count":0,"master_deck":["Strike_R","Strike_R","Defend_R","Defend_R","Defend_R","Defend_R","Bash","Shrug It Off","Uppercut+1","Shrug It Off+1","Entrench+1","Impervious","Inflame","Shrug It Off","Whirlwind","Adrenaline","Genetic Algorithm+1","Inflame+1","Madness+1","Master of Strategy","Flame Barrier","Brutality","The Bomb","Cloak And Dagger"],"relics":["Burning Blood","Dead Branch","Mercury Hourglass","Kunai","Fusion Hammer","PrismaticShard","Happy Flower","Ornamental Fan","Oddly Smooth Stone","Philosopher\u0027s Stone","Red Skull","Singing Bowl","Letter Opener"],"potions_floor_usage":[33,44,44,50,50,50],"damage_taken":[{"damage":8,"enemies":"Cultist","floor":1,"turns":3},{"damage":1,"enemies":"2 Louse","floor":3,"turns":4},{"damage":5,"enemies":"Jaw Worm","floor":4,"turns":5},{"damage":34,"enemies":"Gremlin Nob","floor":7,"turns":5},{"damage":4,"enemies":"Looter","floor":12,"turns":4},{"damage":76,"enemies":"The Guardian","floor":16,"turns":22},{"damage":6,"enemies":"Shell Parasite","floor":18,"turns":7},{"damage":0,"enemies":"2 Thieves","floor":19,"turns":4},{"damage":0,"enemies":"Snecko","floor":27,"turns":5},{"damage":7,"enemies":"Shelled Parasite and Fungi","floor":28,"turns":7},{"damage":7,"enemies":"Chosen and Byrds","floor":30,"turns":7},{"damage":61,"enemies":"Champ","floor":33,"turns":22},{"damage":4,"enemies":"3 Darklings","floor":35,"turns":5},{"damage":10,"enemies":"3 Shapes","floor":36,"turns":6},{"damage":21,"enemies":"Sphere and 2 Shapes","floor":37,"turns":7},{"damage":13,"enemies":"Maw","floor":39,"turns":7},{"damage":6,"enemies":"3 Darklings","floor":41,"turns":4},{"damage":30,"enemies":"Reptomancer","floor":42,"turns":5},{"damage":3,"enemies":"Giant Head","floor":44,"turns":9},{"damage":4,"enemies":"Writhing Mass","floor":48,"turns":5},{"damage":60,"enemies":"Donu and Deca","floor":50,"turns":9},{"damage":82,"enemies":"Shield and Spear","floor":54,"turns":7},{"damage":8,"enemies":"The Heart","floor":55,"turns":3}],"seed_played":"-1169524615383533195","potions_obtained":[{"floor":4,"key":"Poison Potion"},{"floor":16,"key":"Regen Potion"},{"floor":27,"key":"GamblersBrew"},{"floor":30,"key":"SpeedPotion"},{"floor":33,"key":"Weak Potion"},{"floor":37,"key":"EssenceOfSteel"},{"floor":44,"key":"Strength Potion"},{"floor":48,"key":"Dexterity Potion"}],"is_trial":false,"path_per_floor":["M","$","M","M","$","R","E","R","T","R","?","M","R","?","R","B",null,"M","M","?","$","?","R","?","R","T","M","M","T","M","?","R","B",null,"M","M","M","$","M","R","M","E","T","E","?","$","R","M","R","B",null,"R","$","E","B"],"character_chosen":"IRONCLAD","items_purchased":["Shrug It Off","Shrug It Off","PrismaticShard","Master of Strategy","The Bomb"],"campfire_rested":8,"item_purchase_floors":[5,21,21,38,46],"current_hp_per_floor":[70,70,75,76,76,76,48,72,72,72,61,63,63,56,80,10,63,63,69,69,69,69,69,69,80,80,80,79,79,78,78,80,40,70,72,68,53,53,46,70,70,46,46,51,51,51,75,79,84,30,71,84,84,8,0],"gold":69,"neow_bonus":"ONE_RARE_RELIC","is_prod":false,"is_daily":false,"chose_seed":false,"campfire_upgraded":3,"win_rate":0,"timestamp":1550446936,"path_taken":["M","?","M","M","$","R","E","R","T","R","?","M","R","?","R","BOSS","M","M","?","$","?","R","?","R","T","M","M","?","M","?","R","BOSS","M","?","M","$","M","R","M","E","T","E","?","?","R","?","R","BOSS","R","$","E","BOSS"],"build_version":"2019-01-23","purchased_purges":2,"victory":false,"max_hp_per_floor":[80,80,80,80,80,80,80,80,80,80,80,80,80,80,80,80,80,80,80,80,80,80,80,80,80,80,80,80,80,80,80,80,80,80,80,80,80,80,80,80,80,80,80,82,82,82,82,84,84,84,84,84,84,84,84],"card_choices":[{"not_picked":["Hemokinesis","Havoc"],"picked":"Shrug It Off","floor":1},{"not_picked":["Searing Blow","Burning Pact"],"picked":"Uppercut","floor":3},{"not_picked":["Flex","Brutality","Iron Wave"],"picked":"SKIP","floor":4},{"not_picked":["Evolve","Intimidate"],"picked":"Entrench","floor":7},{"not_picked":["Thunderclap","Bloodletting","Feel No Pain"],"picked":"SKIP","floor":12},{"not_picked":["Brutality","Exhume"],"picked":"Impervious","floor":16},{"not_picked":["Perfected Strike+1","Spot Weakness"],"picked":"Inflame","floor":18},{"not_picked":["Headbutt","Rage","Dual Wield"],"picked":"SKIP","floor":19},{"not_picked":["Ball Lightning","Defragment"],"picked":"Whirlwind","floor":27},{"not_picked":["Clash","Acrobatics+1","Blade Dance"],"picked":"SKIP","floor":28},{"not_picked":["Accuracy","Hologram+1","Warcry"],"picked":"SKIP","floor":30},{"not_picked":["Violence","Dark Embrace"],"picked":"Adrenaline","floor":33},{"not_picked":["Beam Cell+1","Sucker Punch"],"picked":"Genetic Algorithm+1","floor":35},{"not_picked":["Bandage Up+1","BootSequence+1"],"picked":"Inflame+1","floor":36},{"not_picked":["Backflip","PiercingWail"],"picked":"Madness+1","floor":37},{"not_picked":["White Noise","Calculated Gamble","True Grit"],"picked":"SKIP","floor":39},{"not_picked":["Ball Lightning+1","Deadly Poison"],"picked":"Flame Barrier","floor":41},{"not_picked":["Heavy Blade","Deflect+1","Feed"],"picked":"SKIP","floor":42},{"not_picked":["Rebound","Forethought","Reflex"],"picked":"Singing Bowl","floor":44},{"not_picked":["Rage","Dropkick+1","Dagger Throw"],"picked":"Singing Bowl","floor":48},{"not_picked":["Compile Driver","Beam Cell+1"],"picked":"Cloak And Dagger","floor":54}],"player_experience":1436598,"relics_obtained":[{"floor":7,"key":"Mercury Hourglass"},{"floor":9,"key":"Kunai"},{"floor":26,"key":"Ornamental Fan"},{"floor":29,"key":"Oddly Smooth Stone"},{"floor":42,"key":"Red Skull"},{"floor":44,"key":"Singing Bowl"},{"floor":54,"key":"Letter Opener"}],"event_choices":[{"damage_healed":0,"gold_gain":75,"player_choice":"Gather Gold","damage_taken":11,"max_hp_gain":0,"max_hp_loss":0,"event_name":"World of Goop","floor":11,"gold_loss":0},{"cards_removed":["Strike_R"],"damage_healed":0,"gold_gain":0,"player_choice":"Card Removal","damage_taken":7,"max_hp_gain":0,"max_hp_loss":0,"event_name":"Golden Wing","floor":14,"gold_loss":0},{"damage_healed":0,"gold_gain":99,"player_choice":"Stole From Cult","damage_taken":0,"max_hp_gain":0,"max_hp_loss":0,"event_name":"Nest","floor":20,"gold_loss":0},{"damage_healed":0,"gold_gain":0,"player_choice":"Ignored","damage_taken":0,"max_hp_gain":0,"max_hp_loss":0,"event_name":"Vampires","floor":22,"gold_loss":0},{"damage_healed":0,"gold_gain":0,"player_choice":"Opened","damage_taken":0,"relics_obtained":["Happy Flower"],"max_hp_gain":0,"max_hp_loss":0,"event_name":"The Mausoleum","floor":24,"gold_loss":0},{"damage_healed":0,"gold_gain":0,"player_choice":"Bought 0 Potions","damage_taken":0,"max_hp_gain":0,"max_hp_loss":0,"event_name":"The Woman in Blue","floor":31,"gold_loss":0},{"damage_healed":0,"gold_gain":0,"cards_transformed":["Strike_R"],"player_choice":"Transformed","damage_taken":0,"max_hp_gain":0,"max_hp_loss":0,"event_name":"Transmorgrifier","floor":45,"gold_loss":0,"cards_obtained":["Brutality"]}],"is_beta":false,"boss_relics":[{"not_picked":["Black Blood","Coffee Dripper"],"picked":"Fusion Hammer"},{"not_picked":["Pandora\u0027s Box","Empty Cage"],"picked":"Philosopher\u0027s Stone"}],"items_purged_floors":[2,21],"is_endless":false,"potions_floor_spawned":[4,16,27,30,33,35,37,44,48],"killed_by":"The Heart","ascension_level":6}