{"path_per_floor":["?","?","?","?","?","?","?","?","?","?","?","?","?","?","?","B",null,"?","?","?","?","?","?","?","?","?","?","?","?","?","?","?","B",null,"?","?","?","?","?","?","?","?","?","?","?","?","?","?","?"],"character_chosen":"THE_SILENT","items_purchased":["Noxious Fumes","Calculated Gamble","Apotheosis","Catalyst","Terror","Footwork","Backflip"],"gold_per_floor":[114,114,129,85,85,115,115,130,130,145,160,175,190,205,205,305,305,320,335,350,365,322,322,337,352,352,59,74,74,89,104,104,204,204,219,118,133,148,163,163,178,193,218,218,233,248,35,50,50],"floor_reached":50,"campfire_rested":1,"playtime":2575,"current_hp_per_floor":[70,70,70,70,63,42,42,44,44,59,61,63,65,67,67,69,70,68,70,66,68,68,68,57,46,46,46,48,48,43,45,45,40,70,54,54,64,61,57,57,59,61,61,61,62,55,55,27,48],"items_purged":["Strike_G"],"gold":50,"score":487,"play_id":"25dfc803-b160-4795-ad14-f7ce26a10d66","local_time":"20180309153243","daily_mods":[{"name":"Heirloom","description":"Start with 1 Rare relic.","modID":"Heirloom","img":{"data":{"file":{"file":{"path":"images\\ui\\run_mods\\heirloom.png"},"type":"Internal"},"width":64,"height":64,"format":"RGBA8888","useMipMaps":false,"isPrepared":false},"glTarget":3553,"glHandle":683,"minFilter":"Linear","magFilter":"Linear","uWrap":"ClampToEdge","vWrap":"ClampToEdge"},"positive":true},{"name":"Uncertain Future","description":"The map shows only ?.","modID":"Uncertain Future","img":{"data":{"file":{"file":{"path":"images\\ui\\run_mods\\uncertain_future.png"},"type":"Internal"},"width":64,"height":64,"format":"RGBA8888","useMipMaps":false,"isPrepared":false},"glTarget":3553,"glHandle":679,"minFilter":"Linear","magFilter":"Linear","uWrap":"ClampToEdge","vWrap":"ClampToEdge"},"positive":false},{"name":"Binary","description":"Card rewards contain only 2 cards.","modID":"Binary","img":{"data":{"file":{"file":{"path":"images\\ui\\run_mods\\binary.png"},"type":"Internal"},"width":64,"height":64,"format":"RGBA8888","useMipMaps":false,"isPrepared":false},"glTarget":3553,"glHandle":680,"minFilter":"Linear","magFilter":"Linear","uWrap":"ClampToEdge","vWrap":"ClampToEdge"},"positive":false},{"name":"Vintage","description":"The Merchant\u0027s prices are increased by 25%.","modID":"Vintage","img":{"data":{"file":{"file":{"path":"images\\ui\\run_mods\\vintage.png"},"type":"Internal"},"width":64,"height":64,"format":"RGBA8888","useMipMaps":false,"isPrepared":false},"glTarget":3553,"glHandle":677,"minFilter":"Linear","magFilter":"Linear","uWrap":"ClampToEdge","vWrap":"ClampToEdge"},"positive":false}],"is_prod":false,"is_daily":true,"is_ascension_mode":false,"campfire_upgraded":5,"timestamp":1520577163,"path_taken":["?","?","?","?","?","?","?","?","?","?","?","?","?","?","?","BOSS","?","?","?","?","?","?","?","?","?","?","?","?","?","?","?","BOSS","?","?","?","?","?","?","?","?","?","?","?","?","?","?","?","BOSS"],"build_version":"2018-03-01-PROD1","purchased_purges":1,"victory":false,"master_deck":["Defend_G","Defend_G","Defend_G","Strike_G","Survivor","Neutralize","Dagger Spray+1","Prepared","Noxious Fumes+1","Escape Plan","Bane","Quick Slash","Dagger Spray","Backflip","Caltrops+1","After Image+1","Finisher+1","Phantasmal Killer+1","Dash+1","Noxious Fumes+1","Slice+1","Calculated Gamble+1","Quick Slash+1","PiercingWail+1","Apotheosis+1","Catalyst","Slice","Backstab","Terror","Endless Agony","Slice","Sucker Punch+1","Terror+1","Deflect+1","Footwork","Backflip"],"max_hp_per_floor":[70,70,70,70,70,70,70,70,70,70,70,70,70,70,70,70,70,70,70,70,70,70,70,70,70,70,70,70,70,70,70,70,70,70,70,70,70,70,70,70,70,70,70,70,70,70,70,72,72],"relics":["Ring of the Snake","Thread and Needle","Blood Vial","Ginger","Astrolabe","Toolbox","The Specimen","Singing Bowl"],"card_choices":[{"not_picked":["Prepared"],"picked":"Dagger Spray"},{"not_picked":["Blade Dance"],"picked":"Prepared"},{"not_picked":["Flying Knee"],"picked":"Escape Plan"},{"not_picked":["Dodge and Roll"],"picked":"Bane"},{"not_picked":["Accuracy"],"picked":"Quick Slash"},{"not_picked":["Underhanded Strike"],"picked":"Dagger Spray"},{"not_picked":["Underhanded Strike"],"picked":"Backflip"},{"not_picked":["Flying Knee"],"picked":"Caltrops"},{"not_picked":["Storm of Steel"],"picked":"After Image"},{"not_picked":["Bouncing Flask"],"picked":"Noxious Fumes"},{"not_picked":["Infinite Blades"],"picked":"Slice"},{"not_picked":["Reflex"],"picked":"Quick Slash"},{"not_picked":["Malaise"],"picked":"PiercingWail"},{"not_picked":["Deadly Poison"],"picked":"Slice"},{"not_picked":["Underhanded Strike"],"picked":"Backstab"},{"not_picked":["Predator"],"picked":"Endless Agony"},{"not_picked":["Quick Slash"],"picked":"Slice"},{"not_picked":["Finisher"],"picked":"Sucker Punch"},{"not_picked":["All Out Attack"],"picked":"Terror"},{"not_picked":["PiercingWail"],"picked":"Deflect"}],"player_experience":588668,"potions_floor_usage":[10,14,16,24,28,37,38,45,50,50],"damage_taken":[{"damage":0,"enemies":"Cultist","floor":1,"turns":4},{"damage":0,"enemies":"2 Louse","floor":3,"turns":2},{"damage":21,"enemies":"Lagavulin","floor":6,"turns":8},{"damage":0,"enemies":"Jaw Worm","floor":8,"turns":3},{"damage":2,"enemies":"Large Slime","floor":10,"turns":6},{"damage":0,"enemies":"Exordium Thugs","floor":11,"turns":4},{"damage":0,"enemies":"2 Fungi Beasts","floor":12,"turns":2},{"damage":0,"enemies":"Exordium Wildlife","floor":13,"turns":3},{"damage":0,"enemies":"Gremlin Gang","floor":14,"turns":2},{"damage":0,"enemies":"Hexaghost","floor":16,"turns":9},{"damage":2,"enemies":"Shell Parasite","floor":18,"turns":5},{"damage":0,"enemies":"3 Byrds","floor":19,"turns":3},{"damage":4,"enemies":"Sentry and Sphere","floor":20,"turns":6},{"damage":0,"enemies":"Centurion and Healer","floor":21,"turns":5},{"damage":13,"enemies":"Cultist and Chosen","floor":24,"turns":5},{"damage":13,"enemies":"Snake Plant","floor":25,"turns":3},{"damage":0,"enemies":"Centurion and Healer","floor":28,"turns":4},{"damage":7,"enemies":"Snecko","floor":30,"turns":5},{"damage":0,"enemies":"3 Cultists","floor":31,"turns":5},{"damage":13,"enemies":"Champ","floor":33,"turns":11},{"damage":16,"enemies":"3 Darklings","floor":35,"turns":7},{"damage":1,"enemies":"Orb Walker","floor":37,"turns":4},{"damage":5,"enemies":"Sphere and 2 Shapes","floor":38,"turns":5},{"damage":6,"enemies":"4 Shapes","floor":39,"turns":5},{"damage":0,"enemies":"3 Darklings","floor":41,"turns":4},{"damage":0,"enemies":"Sphere and 2 Shapes","floor":42,"turns":5},{"damage":1,"enemies":"4 Shapes","floor":45,"turns":5},{"damage":9,"enemies":"3 Darklings","floor":46,"turns":5},{"damage":32,"enemies":"Sphere and 2 Shapes","floor":48,"turns":6},{"damage":50,"enemies":"Time Eater","floor":50,"turns":7}],"event_choices":[{"event_name":"Living Wall","player_choice":"Grow","floor":2,"damage_taken":0},{"event_name":"Golden Wing","player_choice":"Card Removal","floor":5,"damage_taken":0},{"event_name":"Beggar","player_choice":"Ignored","floor":29,"damage_taken":0},{"event_name":"Wheel of Change","player_choice":"Card Removal","floor":44,"damage_taken":0}],"boss_relics":[{"not_picked":["Runic Pyramid","Pandora\u0027s Box"],"picked":"Astrolabe"},{"not_picked":["Black Star","White Beast Statue"],"picked":"The Specimen"}],"potions_floor_spawned":[6,10,11,13,18,19,21,30,31,33,35,38,39,45,46],"seed_played":"6419525779391338913","killed_by":"Time Eater","ascension_level":0,"is_trial":false}