{"path_per_floor":["M","M","?","?","M","R","M","T","T","E","?","M","R","?","R","B",null,"M","?","?","?","$","R","E","M","T","R","M","R","M","M","R","B",null,"M","M","?","?","M","R","?","R","T","$","R","M","M","?","R","B"],"character_chosen":"DEFECT","items_purchased":["Redo","Art of War","Rebound+1","Blizzard+1","Bottled Tornado"],"gold_per_floor":[110,129,129,129,141,141,154,201,201,229,179,191,191,191,191,292,292,305,305,305,337,110,110,143,163,237,237,254,254,268,287,287,390,390,401,420,420,420,439,439,489,489,489,87,87,97,114,114,114,114],"floor_reached":51,"campfire_rested":4,"playtime":3300,"item_purchase_floors":[22,22,22,44,44],"current_hp_per_floor":[75,75,63,63,63,63,58,58,58,66,66,66,66,59,59,45,75,74,60,60,54,54,54,15,3,3,27,20,44,57,57,57,45,80,79,62,57,57,37,61,58,58,58,58,58,51,44,39,63,41],"items_purged":["Writhe"],"gold":114,"score":987,"play_id":"94a6840c-ff15-45be-b68f-8e6478c41b1b","local_time":"20180612193648","is_prod":false,"is_daily":false,"chose_seed":false,"is_ascension_mode":true,"campfire_upgraded":7,"win_rate":0,"timestamp":1528803408,"campfire_choices":[{"data":"Zap","floor":6,"key":"SMITH"},{"data":"Genetic Algorithm","floor":13,"key":"SMITH"},{"data":"Dualcast","floor":15,"key":"SMITH"},{"data":"Echo Form","floor":23,"key":"SMITH"},{"floor":27,"key":"REST"},{"floor":29,"key":"REST"},{"data":"Defragment","floor":32,"key":"SMITH"},{"floor":40,"key":"REST"},{"data":"Redo","floor":42,"key":"SMITH"},{"data":"Cold Snap","floor":45,"key":"SMITH"},{"floor":49,"key":"REST"}],"path_taken":["M","M","?","?","?","R","M","?","T","E","?","?","R","?","R","BOSS","M","?","?","?","$","R","E","M","T","R","M","R","M","M","R","BOSS","M","M","?","?","M","R","?","R","T","?","R","M","?","?","R","BOSS"],"build_version":"2018-06-07v3","seed_source_timestamp":350050534274454,"purchased_purges":1,"victory":true,"master_deck":["Strike_B","Strike_B","Strike_B","Defend_B","Defend_B","Zap+1","Dualcast+1","Cold Snap","Steam","Cold Snap+1","Glacier+1","Genetic Algorithm+1","Conserve Battery","Tempest+1","Echo Form+1","Barrage","Writhe","Stack+1","Redo+1","Rebound+1","All For One+1","Defragment+1","Compile Driver+1","Dark Shackles","Blizzard+1","Hologram+1","Defragment+1"],"max_hp_per_floor":[75,75,75,75,75,75,75,75,75,75,75,75,75,75,75,75,75,75,80,80,80,80,80,80,80,80,80,80,80,80,80,80,80,80,80,80,80,80,80,80,80,80,80,80,80,80,80,80,80,80],"relics":["Cracked Core","NeowsBlessing","Boot","Orichalcum","Centennial Puzzle","Bronze Scales","Busted Crown","Molten Egg 2","Red Mask","Art of War","Mummified Hand","Question Card","Cursed Key","Gambling Chip","War Paint","Bottled Tornado","Girya"],"card_choices":[{"not_picked":["Chill","Stack"],"picked":"Cold Snap","floor":1},{"not_picked":["Recycle","Stack"],"picked":"Steam","floor":2},{"not_picked":["Compile Driver","Force Field"],"picked":"Glacier","floor":5},{"not_picked":["Hello World","Ball Lightning"],"picked":"Genetic Algorithm","floor":7},{"not_picked":["Sweeping Beam","Gash"],"picked":"Conserve Battery","floor":10},{"not_picked":["Compile Driver","Chill"],"picked":"Tempest","floor":12},{"not_picked":["Hyperbeam","Creative AI"],"picked":"Echo Form","floor":16},{"not_picked":[],"picked":"Barrage","floor":18},{"not_picked":[],"picked":"Stack+1","floor":21},{"not_picked":["Gash+1"],"picked":"SKIP","floor":24},{"not_picked":[],"picked":"All For One+1","floor":25},{"not_picked":["Leap"],"picked":"Defragment","floor":28},{"not_picked":["Steam","Stack"],"picked":"SKIP","floor":30},{"not_picked":["Doom and Gloom+1"],"picked":"Compile Driver+1","floor":31},{"not_picked":["Chill+1","Doom and Gloom+1"],"picked":"SKIP","floor":35},{"not_picked":["Reprogram+1","Beam Cell+1"],"picked":"SKIP","floor":36},{"not_picked":["Finesse"],"picked":"Dark Shackles","floor":37},{"not_picked":["Streamline+1","Sweeping Beam+1"],"picked":"SKIP","floor":39},{"not_picked":["Steam"],"picked":"Hologram+1","floor":46},{"not_picked":["Coolheaded+1"],"picked":"Defragment+1","floor":47}],"player_experience":446410,"potions_floor_usage":[10,24,30,31,50],"damage_taken":[{"damage":0,"enemies":"2 Louse","floor":1,"turns":1},{"damage":0,"enemies":"Cultist","floor":2,"turns":1},{"damage":0,"enemies":"Jaw Worm","floor":5,"turns":1},{"damage":5,"enemies":"Exordium Thugs","floor":7,"turns":6},{"damage":7,"enemies":"3 Sentries","floor":10,"turns":10},{"damage":0,"enemies":"Exordium Wildlife","floor":12,"turns":6},{"damage":14,"enemies":"The Guardian","floor":16,"turns":14},{"damage":1,"enemies":"Shell Parasite","floor":18,"turns":5},{"damage":6,"floor":21,"turns":6},{"damage":39,"enemies":"Slavers","floor":24,"turns":7},{"damage":12,"enemies":"Chosen","floor":25,"turns":6},{"damage":7,"enemies":"Snake Plant","floor":28,"turns":4},{"damage":1,"enemies":"3 Cultists","floor":30,"turns":5},{"damage":0,"enemies":"Snecko","floor":31,"turns":5},{"damage":12,"enemies":"Automaton","floor":33,"turns":12},{"damage":1,"enemies":"Orb Walker","floor":35,"turns":3},{"damage":17,"enemies":"3 Shapes","floor":36,"turns":5},{"damage":20,"enemies":"Sphere and 2 Shapes","floor":39,"turns":4},{"damage":3,"floor":41,"turns":4},{"damage":7,"enemies":"3 Darklings","floor":46,"turns":3},{"damage":7,"enemies":"4 Shapes","floor":47,"turns":3},{"damage":5,"floor":48,"turns":5},{"damage":22,"enemies":"Time Eater","floor":50,"turns":7}],"relics_obtained":[{"floor":8,"key":"Orichalcum"},{"floor":9,"key":"Centennial Puzzle"},{"floor":10,"key":"Bronze Scales"},{"floor":21,"key":"Red Mask"},{"floor":24,"key":"Mummified Hand"},{"floor":26,"key":"Question Card"},{"floor":41,"key":"Gambling Chip"},{"floor":43,"key":"War Paint"},{"floor":48,"key":"Girya"}],"event_choices":[{"event_name":"Scrap Ooze","player_choice":"success","floor":3,"damage_taken":12},{"event_name":"Match and Keep!","player_choice":"1 cards matched","floor":4,"damage_taken":0},{"event_name":"The Cleric","player_choice":"Card Removal","floor":11,"damage_taken":0},{"event_name":"Golden Wing","player_choice":"Card Removal","floor":14,"damage_taken":0},{"event_name":"Forgotten Altar","player_choice":"Shed Blood","floor":19,"damage_taken":0},{"event_name":"The Mausoleum","player_choice":"Yes","floor":20,"damage_taken":0},{"event_name":"SensoryStone","player_choice":"Memory 2","floor":37,"damage_taken":0},{"event_name":"Falling","player_choice":"Removed Skill","floor":38,"damage_taken":0},{"event_name":"Mysterious Sphere","player_choice":"Fight","floor":41,"damage_taken":0},{"event_name":"MindBloom","player_choice":"Fight","floor":48,"damage_taken":0}],"boss_relics":[{"not_picked":["Inserter","Calling Bell"],"picked":"Busted Crown"},{"not_picked":["White Beast Statue","Sozu"],"picked":"Cursed Key"}],"items_purged_floors":[44],"potions_floor_spawned":[1,5,10,24,28,30,46,47],"seed_played":"6434937233033383107","ascension_level":3,"potions_obtained":[{"floor":1,"key":"Regen Potion"},{"floor":5,"key":"SteroidPotion"},{"floor":10,"key":"EssenceOfSteel"},{"floor":24,"key":"Block Potion"},{"floor":28,"key":"Regen Potion"},{"floor":30,"key":"Energy Potion"},{"floor":46,"key":"FearPotion"}],"is_trial":false}