{"gold_per_floor":[20,31,31,82,257,257,284,284,284,284,297,332,332,367,367,440,440,458,137,149,149,201,201,215,215,215,228,127,146,196,207,207,207],"floor_reached":33,"playtime":1270,"items_purged":["Normality"],"score":447,"play_id":"84da3166-af94-407a-b31b-9ba9bae21d14","local_time":"20190226172925","is_ascension_mode":true,"campfire_choices":[{"floor":6,"key":"REST"},{"floor":8,"key":"REST"},{"data":"Doom and Gloom","floor":13,"key":"SMITH"},{"data":"Redo","floor":15,"key":"SMITH"},{"floor":23,"key":"REST"},{"floor":32,"key":"REST"}],"neow_cost":"NO_GOLD","seed_source_timestamp":942519964045784,"circlet_count":0,"master_deck":["AscendersBane","Strike_B","Strike_B","Defend_B","Defend_B","Defend_B","Defend_B","Zap","Dualcast","Doom and Gloom+1","Static Discharge","Cold Snap","Redo+1","Steam","FTL","Echo Form","Thunder Strike","Hologram","Gash","Defragment","Shame","Biased Cognition","Steam","Gash+1","Gash"],"relics":["Cracked Core","Centennial Puzzle","Du-Vu Doll","Gremlin Horn","Matryoshka","Shuriken","Cursed Key","Bird Faced Urn","Lantern","Bottled Flame","Oddly Smooth Stone","Smiling Mask"],"potions_floor_usage":[12,12,29],"damage_taken":[{"damage":5,"enemies":"Cultist","floor":1,"turns":5},{"damage":4,"enemies":"Small Slimes","floor":2,"turns":3},{"damage":24,"enemies":"3 Sentries","floor":7,"turns":6},{"damage":4,"enemies":"2 Louse","floor":11,"turns":2},{"damage":6,"enemies":"Gremlin Nob","floor":12,"turns":4},{"damage":7,"enemies":"3 Sentries","floor":14,"turns":3},{"damage":33,"enemies":"Hexaghost","floor":16,"turns":8},{"damage":11,"enemies":"Spheric Guardian","floor":18,"turns":4},{"damage":22,"enemies":"3 Byrds","floor":20,"turns":3},{"damage":39,"enemies":"Snake Plant","floor":24,"turns":4},{"damage":17,"enemies":"Snecko","floor":27,"turns":4},{"damage":0,"enemies":"3 Cultists","floor":29,"turns":2},{"damage":35,"enemies":"Centurion and Healer","floor":31,"turns":5},{"damage":39,"enemies":"Champ","floor":33,"turns":3}],"seed_played":"-3813524196075903679","potions_obtained":[{"floor":2,"key":"Dexterity Potion"},{"floor":11,"key":"FocusPotion"},{"floor":16,"key":"Ancient Potion"},{"floor":24,"key":"AttackPotion"}],"is_trial":false,"path_per_floor":["M","M","$","T","?","R","E","R","T","?","M","E","R","E","R","B",null,"M","$","M","?","T","R","M","?","T","M","$","M","?","M","R","B"],"character_chosen":"DEFECT","items_purchased":["Bird Faced Urn","Hologram","Steam"],"campfire_rested":4,"item_purchase_floors":[19,19,28],"current_hp_per_floor":[59,55,55,55,55,71,47,68,68,61,57,51,51,44,44,11,56,45,45,27,27,27,48,13,36,36,25,25,29,29,2,23,0],"gold":207,"neow_bonus":"TRANSFORM_TWO_CARDS","is_prod":false,"is_daily":false,"chose_seed":false,"campfire_upgraded":2,"win_rate":0,"timestamp":1551180565,"path_taken":["M","?","$","?","?","R","E","R","T","?","M","E","R","E","R","BOSS","M","$","M","?","?","R","M","?","T","M","$","?","?","?","R","BOSS"],"build_version":"2019-01-23","purchased_purges":1,"victory":false,"max_hp_per_floor":[71,71,71,71,71,71,71,71,71,71,71,71,71,71,71,71,71,71,71,71,71,71,71,71,71,71,71,71,71,71,71,71,71],"card_choices":[{"not_picked":["Compile Driver","Go for the Eyes"],"picked":"Cold Snap","floor":1},{"not_picked":["Go for the Eyes","Rebound"],"picked":"Redo","floor":2},{"not_picked":["Loop","Sweeping Beam"],"picked":"Steam","floor":7},{"not_picked":["Chaos","Leap","Go for the Eyes"],"picked":"SKIP","floor":11},{"not_picked":["Double Energy","Force Field"],"picked":"FTL","floor":12},{"not_picked":["Redo","Auto Shields"],"picked":"Echo Form","floor":14},{"not_picked":["Fission","Amplify"],"picked":"Thunder Strike","floor":16},{"not_picked":["Ball Lightning","Doom and Gloom","Skim"],"picked":"SKIP","floor":18},{"not_picked":["Beam Cell","Hologram"],"picked":"Gash","floor":20},{"not_picked":["Rebound","Reprogram"],"picked":"Defragment","floor":24},{"not_picked":["Beam Cell","Barrage"],"picked":"Biased Cognition","floor":27},{"not_picked":["Storm","Steam"],"picked":"Gash+1","floor":29},{"not_picked":["Cold Snap","Loop"],"picked":"Gash","floor":31}],"player_experience":893459,"relics_obtained":[{"floor":4,"key":"Centennial Puzzle"},{"floor":7,"key":"Du-Vu Doll"},{"floor":9,"key":"Gremlin Horn"},{"floor":12,"key":"Matryoshka"},{"floor":14,"key":"Shuriken"},{"floor":22,"key":"Lantern"},{"floor":22,"key":"Bottled Flame"},{"floor":26,"key":"Oddly Smooth Stone"},{"floor":26,"key":"Smiling Mask"}],"event_choices":[{"damage_healed":0,"gold_gain":175,"player_choice":"AGREE","damage_taken":0,"max_hp_gain":0,"max_hp_loss":0,"event_name":"Liars Game","floor":5,"gold_loss":0,"cards_obtained":["Doubt"]},{"cards_removed":["Doubt"],"damage_healed":0,"gold_gain":0,"player_choice":"Card Removal","damage_taken":7,"max_hp_gain":0,"max_hp_loss":0,"event_name":"Golden Wing","floor":10,"gold_loss":0},{"damage_healed":0,"gold_gain":0,"player_choice":"Ignored","damage_taken":0,"max_hp_gain":0,"max_hp_loss":0,"event_name":"Vampires","floor":21,"gold_loss":0},{"damage_healed":23,"gold_gain":0,"player_choice":"Heal","damage_taken":0,"max_hp_gain":0,"max_hp_loss":0,"event_name":"The Library","floor":25,"gold_loss":0},{"damage_healed":0,"gold_gain":100,"player_choice":"Bet on Murderer","damage_taken":0,"max_hp_gain":0,"max_hp_loss":0,"event_name":"The Joust","floor":30,"gold_loss":50}],"is_beta":false,"boss_relics":[{"not_picked":["Sozu","Busted Crown"],"picked":"Cursed Key"}],"items_purged_floors":[28],"is_endless":false,"potions_floor_spawned":[2,11,16,24,27],"killed_by":"Champ","ascension_level":14}