{"path_per_floor":["M","M","?","M","M","E","R","E","T","M","M","M","?","M","R","B",null,"M","?","$","?","M"],"character_chosen":"IRONCLAD","items_purchased":["Apotheosis"],"gold_per_floor":[119,130,130,145,162,192,192,219,219,239,250,264,264,277,277,376,376,388,303,35,35,53],"floor_reached":23,"campfire_rested":1,"playtime":1646,"current_hp_per_floor":[80,80,73,79,75,53,53,32,32,36,35,41,34,44,73,28,103,86,86,86,86,55],"items_purged":["Strike_R"],"gold":53,"play_id":"7f46f120-f66d-4ef8-8862-876534ae2c53","is_prod":false,"is_daily":false,"is_ascension_mode":false,"campfire_upgraded":1,"path_taken":["M","M","?","M","M","E","R","E","T","M","M","M","?","M","R","BOSS","M","?","$","?","M","E"],"build_version":"2018-01-25-PROD3","purchased_purges":1,"victory":false,"master_deck":["Strike_R","Strike_R","Strike_R","Defend_R","Defend_R","Defend_R","Defend_R","Bash","Iron Wave","Thunderclap","Headbutt","Feed+1","Battle Trance+1","Clash","Dual Wield","Flex","Uppercut","Inflame","Limit Break","Shrug It Off","Rampage","Spot Weakness","Spot Weakness","Apotheosis","Immolate"],"max_hp_per_floor":[80,80,80,80,80,83,83,87,87,91,95,95,95,99,99,103,103,107,107,107,107,111],"relics":["Burning Blood","NeowsBlessing","Toxic Egg","Dream Catcher","Paper Frog","Du-Vu Doll","Orrery","Pen Nib"],"card_choices":[{"not_picked":["Armaments","Havoc"],"picked":"Iron Wave"},{"not_picked":["Seeing Red","Double Tap"],"picked":"Thunderclap"},{"not_picked":["Pommel Strike","Clothesline"],"picked":"Headbutt"},{"not_picked":["Thunderclap","Rage"],"picked":"Feed"},{"not_picked":["Dark Embrace","Infernal Blade"],"picked":"Battle Trance"},{"not_picked":["Warcry","Perfected Strike"],"picked":"Clash"},{"not_picked":["Ghostly Armor","Armaments"],"picked":"Dual Wield"},{"not_picked":["Armaments","Infernal Blade"],"picked":"Flex"},{"not_picked":["Flame Barrier","Thunderclap"],"picked":"Uppercut"},{"not_picked":["Warcry","Thunderclap"],"picked":"Inflame"},{"not_picked":["Offering","Immolate"],"picked":"Limit Break"},{"not_picked":["Flame Barrier","Metallicize"],"picked":"Shrug It Off"},{"not_picked":["Wild Strike","Heavy Blade"],"picked":"Rampage"},{"not_picked":["Blood for Blood","Rage"],"picked":"Spot Weakness"},{"not_picked":["Clash","Body Slam"],"picked":"Spot Weakness"},{"not_picked":["Ghostly Armor","Corruption"],"picked":"Immolate"}],"player_experience":158015,"potions_floor_usage":[8,16,16,23],"damage_taken":[{"damage":0,"enemies":"Jaw Worm","floor":1,"turns":1},{"damage":0,"enemies":"2 Louse","floor":2,"turns":1},{"damage":0,"enemies":"Blue Slaver","floor":4,"turns":1},{"damage":10,"enemies":"Looter","floor":5,"turns":3},{"damage":31,"enemies":"3 Sentries","floor":6,"turns":8},{"damage":31,"enemies":"Lagavulin","floor":8,"turns":6},{"damage":6,"enemies":"Exordium Wildlife","floor":10,"turns":4},{"damage":11,"enemies":"Large Slime","floor":11,"turns":7},{"damage":0,"enemies":"Looter","floor":12,"turns":4},{"damage":0,"enemies":"Lots of Slimes","floor":14,"turns":3},{"damage":55,"enemies":"Hexaghost","floor":16,"turns":8},{"damage":27,"enemies":"Shell Parasite","floor":18,"turns":6},{"damage":41,"enemies":"2 Thieves","floor":22,"turns":4},{"damage":58,"enemies":"Book of Stabbing","floor":23,"turns":5}],"event_choices":[{"event_name":"Golden Wing","player_choice":"Card Removal","floor":3,"damage_taken":0},{"event_name":"Scrap Ooze","player_choice":"success","floor":13,"damage_taken":7},{"event_name":"Addict","player_choice":"Obtained Relic","floor":19,"damage_taken":0},{"event_name":"Vampires","player_choice":"Ignored","floor":21,"damage_taken":0}],"boss_relics":[{"not_picked":["Pandora\u0027s Box","Cursed Key"],"picked":"Orrery"}],"potions_floor_spawned":[5,6,10,12,14,16],"seed_played":"-1236371019276200812","killed_by":"Book of Stabbing","ascension_level":0,"is_trial":false}