{"gold_per_floor":[115,115,139,139,60,60,88,88,88,118,218,253,268,279,279,377,377,358,358,378,392,42,42,103,103,103,114,114,145,145,187,199,309,321,345,357,369,283,293,321,321,355,355,355,149,149,78,96,96,96],"floor_reached":51,"playtime":5312,"items_purged":["Defend_G"],"score":916,"play_id":"8959519a-a458-4ea0-813a-8eb981b871f5","local_time":"20181031234822","is_ascension_mode":true,"campfire_choices":[{"data":"Noxious Fumes","floor":6,"key":"SMITH"},{"data":"Footwork","floor":8,"key":"SMITH"},{"floor":15,"key":"REST"},{"data":"Caltrops","floor":23,"key":"SMITH"},{"data":"Blur","floor":25,"key":"SMITH"},{"floor":30,"key":"DIG"},{"floor":32,"key":"REST"},{"floor":41,"key":"REST"},{"floor":46,"key":"REST"},{"floor":49,"key":"REST"}],"neow_cost":"NONE","seed_source_timestamp":234153324524938,"circlet_count":0,"master_deck":["Defend_G","Defend_G","Defend_G","Strike_G","Strike_G+1","Strike_G+1","Survivor","Neutralize","Footwork+1","Noxious Fumes+1","Blur+1","Acrobatics","Deadly Poison","Malaise","PiercingWail","Caltrops+1","Adrenaline","Prepared","Leg Sweep","Poisoned Stab","Caltrops+1","PiercingWail","Footwork"],"relics":["Ring of the Snake","Lantern","Anchor","Whetstone","Gremlin Horn","Singing Bowl","Oddly Smooth Stone","Busted Crown","Thread and Needle","Tiny Chest","Shovel","Bottled Lightning","MawBank","Du-Vu Doll","Sozu","Vajra","Bag of Preparation","Pen Nib","Matryoshka","TwistedFunnel"],"potions_floor_usage":[16,20,33,33,35,42],"damage_taken":[{"damage":0,"enemies":"Small Slimes","floor":1,"turns":3},{"damage":9,"enemies":"Lagavulin","floor":7,"turns":8},{"damage":4,"enemies":"3 Sentries","floor":10,"turns":7},{"damage":16,"enemies":"Lagavulin","floor":12,"turns":7},{"damage":0,"enemies":"2 Louse","floor":13,"turns":2},{"damage":0,"enemies":"Jaw Worm","floor":14,"turns":4},{"damage":29,"enemies":"Slime Boss","floor":16,"turns":12},{"damage":1,"enemies":"2 Thieves","floor":18,"turns":4},{"damage":19,"enemies":"Chosen","floor":20,"turns":7},{"damage":9,"enemies":"Centurion and Healer","floor":21,"turns":8},{"damage":0,"enemies":"Gremlin Leader","floor":24,"turns":9},{"damage":0,"enemies":"Snake Plant","floor":27,"turns":5},{"damage":0,"enemies":"Slavers","floor":29,"turns":5},{"damage":2,"enemies":"Book of Stabbing","floor":31,"turns":6},{"damage":18,"enemies":"Champ","floor":33,"turns":15},{"damage":0,"enemies":"3 Darklings","floor":35,"turns":9},{"damage":6,"enemies":"3 Shapes","floor":39,"turns":6},{"damage":70,"enemies":"Giant Head","floor":40,"turns":12},{"damage":19,"enemies":"Nemesis","floor":42,"turns":11},{"damage":2,"enemies":"3 Darklings","floor":48,"turns":4},{"damage":10,"enemies":"Awakened One","floor":50,"turns":19}],"seed_played":"5727911070542755731","potions_obtained":[{"floor":1,"key":"Explosive Potion"},{"floor":7,"key":"FearPotion"},{"floor":14,"key":"SpeedPotion"},{"floor":18,"key":"Dexterity Potion"},{"floor":21,"key":"GamblersBrew"},{"floor":31,"key":"Block Potion"},{"floor":33,"key":"Weak Potion"}],"is_trial":false,"path_per_floor":["M","?","T","?","$","R","E","R","T","E","?","E","M","M","R","B",null,"M","?","M","M","$","R","E","R","T","M","?","E","R","E","R","B",null,"M","T","?","$","M","E","R","E","T","?","$","R","$","M","R","B"],"character_chosen":"THE_SILENT","items_purchased":["Noxious Fumes","Caltrops","Thread and Needle","Poisoned Stab","TwistedFunnel","Footwork"],"campfire_rested":5,"item_purchase_floors":[5,22,22,38,45,47],"current_hp_per_floor":[70,70,70,63,63,63,54,54,54,52,52,36,36,38,60,31,74,75,75,56,49,49,49,51,51,51,53,53,53,53,53,78,62,86,88,88,84,84,80,10,35,16,16,16,16,41,41,41,67,57],"gold":96,"neow_bonus":"RANDOM_COMMON_RELIC","is_prod":false,"is_daily":false,"chose_seed":false,"campfire_upgraded":4,"win_rate":0,"timestamp":1541054902,"path_taken":["M","?","?","?","$","R","E","R","T","E","?","E","?","M","R","BOSS","M","?","M","M","$","R","E","R","T","M","?","E","R","E","R","BOSS","M","?","?","?","?","E","R","E","T","?","$","R","$","?","R","BOSS"],"build_version":"2018-10-25v2","purchased_purges":1,"victory":true,"max_hp_per_floor":[70,70,70,70,70,70,70,70,70,72,72,72,72,74,74,74,74,76,76,76,78,78,78,80,80,80,82,82,82,82,84,84,86,86,88,88,84,84,86,86,86,86,86,86,86,86,86,88,88,88],"card_choices":[{"not_picked":["Sucker Punch","Acrobatics"],"picked":"Footwork","floor":1},{"not_picked":["Backflip","Endless Agony"],"picked":"Blur","floor":7},{"not_picked":["Sucker Punch","Blade Dance","Outmaneuver"],"picked":"Singing Bowl","floor":10},{"not_picked":["Skewer","Distraction"],"picked":"Acrobatics","floor":12},{"not_picked":["Prepared","Escape Plan"],"picked":"Deadly Poison","floor":13},{"not_picked":["Dagger Spray","Expertise","Masterful Stab"],"picked":"Singing Bowl","floor":14},{"not_picked":["Venomology","Tools of the Trade"],"picked":"Malaise","floor":16},{"not_picked":["Dagger Throw"],"picked":"Singing Bowl","floor":18},{"not_picked":[],"picked":"PiercingWail","floor":20},{"not_picked":["Sucker Punch+1"],"picked":"Singing Bowl","floor":21},{"not_picked":["Grand Finale"],"picked":"Singing Bowl","floor":24},{"not_picked":["Dodge and Roll"],"picked":"Singing Bowl","floor":27},{"not_picked":[],"picked":"Leg Sweep","floor":29},{"not_picked":["Riddle With Holes"],"picked":"Singing Bowl","floor":31},{"not_picked":["Tools of the Trade"],"picked":"Singing Bowl","floor":33},{"not_picked":["Blade Dance"],"picked":"Singing Bowl","floor":35},{"not_picked":["Underhanded Strike+1"],"picked":"Singing Bowl","floor":39},{"not_picked":[],"picked":"Caltrops+1","floor":40},{"not_picked":[],"picked":"PiercingWail","floor":42},{"not_picked":["Eviscerate"],"picked":"Singing Bowl","floor":48}],"player_experience":161359,"relics_obtained":[{"floor":3,"key":"Anchor"},{"floor":7,"key":"Whetstone"},{"floor":9,"key":"Gremlin Horn"},{"floor":10,"key":"Singing Bowl"},{"floor":12,"key":"Oddly Smooth Stone"},{"floor":24,"key":"Tiny Chest"},{"floor":26,"key":"Shovel"},{"floor":29,"key":"Bottled Lightning"},{"floor":30,"key":"MawBank"},{"floor":31,"key":"Du-Vu Doll"},{"floor":36,"key":"Vajra"},{"floor":40,"key":"Bag of Preparation"},{"floor":42,"key":"Pen Nib"},{"floor":43,"key":"Matryoshka"}],"event_choices":[{"damage_healed":0,"gold_gain":0,"player_choice":"Ignored","damage_taken":0,"max_hp_gain":0,"max_hp_loss":0,"event_name":"Liars Game","floor":2,"gold_loss":0},{"cards_removed":["Defend_G"],"damage_healed":0,"gold_gain":0,"player_choice":"Card Removal","damage_taken":7,"max_hp_gain":0,"max_hp_loss":0,"event_name":"Golden Wing","floor":4,"gold_loss":0},{"damage_healed":0,"gold_gain":100,"player_choice":"Gold","damage_taken":0,"max_hp_gain":0,"max_hp_loss":0,"event_name":"Wheel of Change","floor":11,"gold_loss":0},{"damage_healed":0,"gold_gain":0,"player_choice":"0 cards matched","damage_taken":0,"max_hp_gain":0,"max_hp_loss":0,"event_name":"Match and Keep!","floor":19,"gold_loss":0,"cards_obtained":[]},{"damage_healed":0,"gold_gain":0,"cards_transformed":["Strike_G","Strike_G"],"player_choice":"Became Test Subject","damage_taken":0,"max_hp_gain":0,"max_hp_loss":0,"event_name":"Drug Dealer","floor":28,"gold_loss":0,"cards_obtained":["Adrenaline","Prepared"]},{"damage_healed":0,"gold_gain":0,"player_choice":"Max HP","damage_taken":0,"max_hp_gain":0,"max_hp_loss":4,"event_name":"Winding Halls","floor":37,"gold_loss":0},{"damage_healed":0,"gold_gain":0,"player_choice":"Ignored","damage_taken":0,"max_hp_gain":0,"max_hp_loss":0,"event_name":"Mysterious Sphere","floor":44,"gold_loss":0}],"is_beta":false,"boss_relics":[{"not_picked":["Tiny House","White Beast Statue"],"picked":"Busted Crown"},{"not_picked":["Orrery","Snecko Eye"],"picked":"Sozu"}],"items_purged_floors":[38],"is_endless":false,"potions_floor_spawned":[1,7,14,18,21,31,33,39,42],"ascension_level":3}