{"gold_per_floor":[113,113,113,128,149,187,187,226,251,2,2,25,25,25,25,25],"floor_reached":16,"playtime":982,"items_purged":[],"score":151,"play_id":"5db896fe-b05c-4524-8c59-c20496a662cf","local_time":"20190203020756","is_ascension_mode":true,"campfire_choices":[{"data":"Neutralize","floor":7,"key":"SMITH"},{"data":"Phantasmal Killer","floor":13,"key":"SMITH"},{"data":"Leg Sweep","floor":15,"key":"SMITH"}],"neow_cost":"NONE","seed_source_timestamp":307408863553580,"circlet_count":0,"master_deck":["Defend_G","Defend_G","Defend_G","Defend_G","Defend_G","Strike_G","Strike_G","Strike_G","Strike_G","Strike_G","Survivor","Neutralize+1","Phantasmal Killer+1","Terror","Flechettes","Poisoned Stab","Leg Sweep+1","Expertise","Predator","Adrenaline","Dagger Throw"],"relics":["Ring of the Snake","Golden Idol","Boot","Centennial Puzzle","Mummified Hand","Omamori"],"potions_floor_usage":[6,16],"damage_taken":[{"damage":0,"enemies":"2 Louse","floor":1,"turns":3},{"damage":0,"enemies":"Small Slimes","floor":4,"turns":5},{"damage":0,"enemies":"Jaw Worm","floor":5,"turns":4},{"damage":31,"enemies":"3 Sentries","floor":6,"turns":14},{"damage":20,"enemies":"Gremlin Nob","floor":8,"turns":5},{"damage":0,"enemies":"Red Slaver","floor":12,"turns":3},{"damage":30,"enemies":"The Guardian","floor":16,"turns":10}],"seed_played":"3993463875859645779","potions_obtained":[{"floor":4,"key":"Fire Potion"},{"floor":8,"key":"Strength Potion"}],"is_trial":false,"path_per_floor":["M","?","?","M","M","E","R","E","T","$","?","M","R","?","R","B"],"character_chosen":"THE_SILENT","items_purchased":["Predator","Adrenaline","PowerPotion"],"campfire_rested":0,"item_purchase_floors":[10,10,10],"current_hp_per_floor":[63,63,60,60,60,29,29,9,9,9,30,30,30,30,30,0],"gold":25,"neow_bonus":"ONE_RANDOM_RARE_CARD","is_prod":false,"is_daily":false,"chose_seed":false,"campfire_upgraded":3,"win_rate":0,"timestamp":1549188476,"path_taken":["M","?","?","M","M","E","R","E","T","$","?","M","R","?","R","BOSS"],"build_version":"2019-01-23","purchased_purges":0,"victory":false,"max_hp_per_floor":[70,65,65,65,65,65,65,65,65,65,65,65,65,65,65,65],"card_choices":[{"not_picked":["Blade Dance","PiercingWail"],"picked":"Terror","floor":1},{"not_picked":["Calculated Gamble","Deflect"],"picked":"Flechettes","floor":4},{"not_picked":["Underhanded Strike","Bane"],"picked":"Poisoned Stab","floor":5},{"not_picked":["Expertise","Predator"],"picked":"Leg Sweep","floor":6},{"not_picked":["Dagger Spray","Prepared"],"picked":"Expertise","floor":8},{"not_picked":["Blade Dance","Slice"],"picked":"Dagger Throw","floor":12}],"player_experience":415879,"relics_obtained":[{"floor":6,"key":"Centennial Puzzle"},{"floor":8,"key":"Mummified Hand"},{"floor":9,"key":"Omamori"}],"event_choices":[{"damage_healed":0,"gold_gain":0,"player_choice":"Lose Max HP","damage_taken":0,"relics_obtained":["Golden Idol"],"max_hp_gain":0,"max_hp_loss":5,"event_name":"Golden Idol","floor":2,"gold_loss":0},{"damage_healed":0,"gold_gain":0,"player_choice":"Success","damage_taken":3,"relics_obtained":["Boot"],"max_hp_gain":0,"max_hp_loss":0,"event_name":"Scrap Ooze","floor":3,"gold_loss":0},{"damage_healed":21,"gold_gain":0,"player_choice":"Banana","damage_taken":0,"max_hp_gain":0,"max_hp_loss":0,"event_name":"Big Fish","floor":11,"gold_loss":0},{"damage_healed":0,"gold_gain":0,"player_choice":"Ignored","damage_taken":0,"max_hp_gain":0,"max_hp_loss":0,"event_name":"Shining Light","floor":14,"gold_loss":0}],"is_beta":false,"boss_relics":[],"items_purged_floors":[],"is_endless":false,"potions_floor_spawned":[4,8],"killed_by":"The Guardian","ascension_level":8}