{"gold_per_floor":[113,133,133,133,151,151,182,182,182,182,132,132,143,154,154,258,258,276,276,293,293,303,303,54,54,54,72,88,88,100,110,110,211,211,228,244,33,133,133,148,175,175,175,175],"floor_reached":44,"playtime":2426,"items_purged":["Strike_R"],"score":676,"play_id":"0227ddf9-ecd5-49a7-b54b-348ec7ef6d9f","local_time":"20190222013256","is_ascension_mode":true,"campfire_choices":[{"floor":6,"key":"RECALL"},{"data":"Flex","floor":8,"key":"SMITH"},{"data":"Heavy Blade","floor":10,"key":"SMITH"},{"data":"Rampage","floor":15,"key":"SMITH"},{"data":"Warcry","floor":23,"key":"SMITH"},{"data":"Bash","floor":25,"key":"SMITH"},{"data":"Demon Form","floor":32,"key":"SMITH"}],"neow_cost":"CURSE","seed_source_timestamp":418977967674374,"circlet_count":0,"master_deck":["Strike_R","Strike_R","Defend_R","Defend_R","Defend_R","Defend_R","Bash+1","Flex+1","Headbutt","Twin Strike","Thunderclap","Warcry+1","Ghostly Armor","Heavy Blade+1","Rampage+1","Offering","Corruption+1","Armaments+1","Reckless Charge","Battle Trance","Disarm+1","Warcry","Shockwave+1","Flex+1","Demon Form+1","Metallicize","Flame Barrier+1","Double Tap","Evolve+1","Second Wind","Limit Break","Discovery","Master of Strategy","Dark Shackles","Shrug It Off+1","Limit Break"],"relics":["Burning Blood","Prayer Wheel","Sundial","Meat on the Bone","Coffee Dripper","Question Card","Mango","Mark of Pain","Ice Cream","Potion Belt","Letter Opener"],"potions_floor_usage":[18,28,30,33,36],"damage_taken":[{"damage":17,"enemies":"Small Slimes","floor":1,"turns":5},{"damage":3,"enemies":"Cultist","floor":2,"turns":4},{"damage":2,"enemies":"Jaw Worm","floor":5,"turns":3},{"damage":40,"enemies":"3 Sentries","floor":7,"turns":8},{"damage":21,"enemies":"Large Slime","floor":13,"turns":5},{"damage":6,"enemies":"Looter","floor":14,"turns":4},{"damage":35,"enemies":"Hexaghost","floor":16,"turns":8},{"damage":8,"enemies":"Chosen","floor":18,"turns":2},{"damage":6,"enemies":"Spheric Guardian","floor":20,"turns":1},{"damage":20,"enemies":"Snake Plant","floor":22,"turns":3},{"damage":21,"enemies":"Snecko","floor":27,"turns":4},{"damage":46,"enemies":"Cultist and Chosen","floor":28,"turns":6},{"damage":16,"enemies":"Snake Plant","floor":30,"turns":3},{"damage":9,"enemies":"Snecko","floor":31,"turns":5},{"damage":41,"enemies":"Automaton","floor":33,"turns":8},{"damage":6,"enemies":"3 Shapes","floor":35,"turns":5},{"damage":14,"enemies":"Orb Walker","floor":36,"turns":4},{"damage":9,"enemies":"Mind Bloom Boss Battle","floor":38,"turns":6},{"damage":19,"enemies":"Writhing Mass","floor":40,"turns":5},{"damage":42,"enemies":"Reptomancer","floor":41,"turns":6},{"damage":39,"enemies":"Nemesis","floor":44,"turns":4}],"seed_played":"-1662569002413995867","potions_obtained":[{"floor":13,"key":"FairyPotion"},{"floor":14,"key":"Ancient Potion"},{"floor":16,"key":"Fire Potion"},{"floor":27,"key":"Dexterity Potion"},{"floor":28,"key":"Strength Potion"},{"floor":33,"key":"Fire Potion"}],"is_trial":false,"path_per_floor":["M","M","?","$","M","R","E","R","T","R","?","?","M","M","R","B",null,"M","?","M","?","M","R","$","R","T","M","M","?","M","M","R","B",null,"M","M","$","?","?","M","E","?","T","E"],"character_chosen":"IRONCLAD","items_purchased":["Question Card","Limit Break"],"campfire_rested":0,"item_purchase_floors":[24,37],"current_hp_per_floor":[61,64,64,64,68,68,34,34,34,34,34,34,31,43,43,26,67,65,65,65,65,51,51,51,51,65,62,34,34,36,45,45,22,76,76,68,68,65,55,54,30,30,30,0],"gold":175,"neow_bonus":"ONE_RARE_RELIC","is_prod":false,"is_daily":false,"chose_seed":false,"campfire_upgraded":6,"win_rate":0,"timestamp":1550766776,"path_taken":["M","M","?","?","?","R","E","R","T","R","?","?","M","M","R","BOSS","M","?","M","?","M","R","$","R","T","?","M","?","M","M","R","BOSS","M","M","$","?","?","M","E","?","T","E"],"build_version":"2019-01-23","purchased_purges":1,"victory":false,"max_hp_per_floor":[80,80,80,80,80,80,80,80,80,80,80,80,80,80,80,80,80,80,80,80,80,80,80,80,80,94,94,94,94,94,94,94,94,94,94,94,94,94,94,94,94,94,94,94],"card_choices":[{"not_picked":["Intimidate","Heavy Blade"],"picked":"Flex","floor":1},{"not_picked":["Havoc","Clothesline"],"picked":"Headbutt","floor":1},{"not_picked":["Disarm","Body Slam"],"picked":"Twin Strike","floor":2},{"not_picked":["Dark Embrace","Intimidate"],"picked":"Thunderclap","floor":2},{"not_picked":["Carnage","Twin Strike"],"picked":"Warcry","floor":5},{"not_picked":["Wild Strike","Anger"],"picked":"Ghostly Armor","floor":5},{"not_picked":["Shrug It Off","Body Slam"],"picked":"Heavy Blade","floor":7},{"not_picked":["Perfected Strike","Dark Embrace"],"picked":"Rampage","floor":13},{"not_picked":["Body Slam","Havoc","Thunderclap"],"picked":"SKIP","floor":13},{"not_picked":["Havoc","Burning Pact","Fire Breathing"],"picked":"SKIP","floor":14},{"not_picked":["Thunderclap","Combust","Warcry"],"picked":"SKIP","floor":14},{"not_picked":["Limit Break","Brutality"],"picked":"Offering","floor":16},{"not_picked":["Cleave","Iron Wave"],"picked":"Corruption+1","floor":18},{"not_picked":["Pommel Strike+1","Twin Strike","Havoc"],"picked":"SKIP","floor":18},{"not_picked":["Intimidate","Wild Strike"],"picked":"Armaments+1","floor":20},{"not_picked":["Clash","Thunderclap","Pommel Strike"],"picked":"SKIP","floor":20},{"not_picked":["Dual Wield","Twin Strike"],"picked":"Battle Trance","floor":22},{"not_picked":["Twin Strike","Wild Strike","Fire Breathing"],"picked":"SKIP","floor":22},{"not_picked":["Power Through","Uppercut","Pommel Strike"],"picked":"Disarm+1","floor":27},{"not_picked":["Twin Strike","Wild Strike+1","True Grit"],"picked":"Warcry","floor":27},{"not_picked":["Carnage","Infernal Blade","Reckless Charge"],"picked":"Shockwave+1","floor":28},{"not_picked":["Heavy Blade+1","Pommel Strike","Clash"],"picked":"Flex+1","floor":28},{"not_picked":["Intimidate","Flex+1","Iron Wave+1"],"picked":"Metallicize","floor":30},{"not_picked":["Bloodletting","Infernal Blade","Barricade","Twin Strike"],"picked":"SKIP","floor":30},{"not_picked":["Iron Wave","Perfected Strike","Rupture"],"picked":"Flame Barrier+1","floor":31},{"not_picked":["Sword Boomerang","Flex","Perfected Strike+1","Headbutt"],"picked":"SKIP","floor":31},{"not_picked":["Berserk","Demon Form","Dark Embrace"],"picked":"Double Tap","floor":33},{"not_picked":["Blood for Blood+1","Bloodletting+1","Body Slam+1","Armaments+1"],"picked":"SKIP","floor":35},{"not_picked":["Wild Strike","Clothesline+1","Clash+1","Rupture"],"picked":"SKIP","floor":35},{"not_picked":["Heavy Blade","Pommel Strike","Clash"],"picked":"Evolve+1","floor":36},{"not_picked":["Bloodletting","Sword Boomerang+1","Clothesline"],"picked":"Second Wind","floor":36},{"not_picked":["Panache","Bandage Up","Transmutation"],"picked":"Discovery","floor":39},{"not_picked":["Mayhem","Swift Strike","Bandage Up"],"picked":"Master of Strategy","floor":39},{"not_picked":["Bandage Up","Good Instincts","Mayhem"],"picked":"Dark Shackles","floor":39},{"not_picked":["True Grit","Warcry","Pummel"],"picked":"Shrug It Off+1","floor":40},{"not_picked":["Metallicize","Flex+1","Clothesline","Twin Strike"],"picked":"SKIP","floor":40},{"not_picked":["Twin Strike+1","Cleave","Bludgeon"],"picked":"Limit Break","floor":41}],"player_experience":44284,"relics_obtained":[{"floor":7,"key":"Sundial"},{"floor":9,"key":"Meat on the Bone"},{"floor":26,"key":"Mango"},{"floor":38,"key":"Ice Cream"},{"floor":41,"key":"Potion Belt"}],"event_choices":[{"cards_removed":["Regret"],"damage_healed":0,"gold_gain":0,"player_choice":"Removed Curses","damage_taken":0,"max_hp_gain":0,"max_hp_loss":0,"event_name":"Fountain of Cleansing","floor":3,"gold_loss":0},{"cards_removed":["Strike_R"],"damage_healed":0,"gold_gain":0,"player_choice":"Card Removal","damage_taken":0,"max_hp_gain":0,"max_hp_loss":0,"event_name":"The Cleric","floor":11,"gold_loss":50},{"damage_healed":0,"gold_gain":0,"player_choice":"Ignored","damage_taken":0,"max_hp_gain":0,"max_hp_loss":0,"event_name":"Liars Game","floor":12,"gold_loss":0},{"damage_healed":0,"gold_gain":0,"player_choice":"Ignored","damage_taken":0,"max_hp_gain":0,"max_hp_loss":0,"event_name":"Vampires","floor":19,"gold_loss":0},{"damage_healed":0,"gold_gain":0,"cards_transformed":["Strike_R"],"player_choice":"Transformed","damage_taken":0,"max_hp_gain":0,"max_hp_loss":0,"event_name":"Transmorgrifier","floor":21,"gold_loss":0,"cards_obtained":["Reckless Charge"]},{"damage_healed":0,"gold_gain":0,"player_choice":"Read","damage_taken":0,"max_hp_gain":0,"max_hp_loss":0,"event_name":"The Library","floor":29,"gold_loss":0,"cards_obtained":["Demon Form"]},{"damage_healed":0,"gold_gain":0,"player_choice":"Fight","damage_taken":0,"max_hp_gain":0,"max_hp_loss":0,"event_name":"MindBloom","floor":38,"gold_loss":0},{"damage_healed":0,"gold_gain":0,"player_choice":"Memory 3","damage_taken":10,"max_hp_gain":0,"max_hp_loss":0,"event_name":"SensoryStone","floor":39,"gold_loss":0},{"damage_healed":0,"gold_gain":0,"player_choice":"Gave Potion","damage_taken":0,"relics_obtained":["Letter Opener"],"max_hp_gain":0,"max_hp_loss":0,"event_name":"WeMeetAgain","floor":42,"gold_loss":0}],"is_beta":false,"boss_relics":[{"not_picked":["Orrery","Tiny House"],"picked":"Coffee Dripper"},{"not_picked":["Busted Crown","Black Star"],"picked":"Mark of Pain"}],"items_purged_floors":[37],"is_endless":false,"potions_floor_spawned":[13,14,16,27,28,33],"killed_by":"Nemesis","ascension_level":8}