{"path_per_floor":["M","?","?","M","?","E","R","M","T","?","M","R","$","?","R","B",null,"M","?","M","$","M","R","M","R","T"],"character_chosen":"DEFECT","items_purchased":["Static Discharge","Hologram","Ball Lightning"],"gold_per_floor":[114,114,64,77,152,183,183,206,230,230,255,255,74,74,74,195,195,219,144,158,132,147,147,167,167,167,167],"floor_reached":27,"campfire_rested":2,"playtime":2625,"item_purchase_floors":[13,13,21],"current_hp_per_floor":[75,57,57,57,46,53,53,53,53,46,36,36,36,36,36,21,82,80,80,34,34,9,33,31,55,55,0],"items_purged":["Strike_B"],"gold":167,"score":248,"play_id":"57e409bc-15d0-4da7-be19-b2bc473b368d","local_time":"20180521200628","is_prod":false,"is_daily":false,"chose_seed":false,"is_ascension_mode":true,"campfire_upgraded":3,"timestamp":1526904388,"campfire_choices":[{"data":"Echo Form","floor":7,"key":"SMITH"},{"data":"Zap","floor":12,"key":"SMITH"},{"data":"Hologram","floor":15,"key":"SMITH"},{"floor":23,"key":"REST"},{"floor":25,"key":"REST"}],"path_taken":["M","?","?","?","?","E","R","M","T","?","M","R","$","?","R","BOSS","M","?","M","$","M","R","M","R","T","E"],"build_version":"2018-05-18","seed_source_timestamp":267112429867335,"purchased_purges":1,"victory":false,"master_deck":["Strike_B","Defend_B","Defend_B","Defend_B","Defend_B","Zap+1","Dualcast","Sweeping Beam","Sunder","Echo Form+1","Defragment","Beam Cell","Static Discharge","Hologram+1","Seek","Leap","Ball Lightning","Self Repair","Go for the Eyes+1"],"max_hp_per_floor":[75,75,75,75,75,82,82,82,82,82,82,82,82,82,82,82,82,82,82,82,82,82,82,82,82,82,82],"relics":["Cracked Core","NeowsBlessing","Golden Idol","Strawberry","Dream Catcher","Vajra","Philosopher\u0027s Stone","Pen Nib"],"card_choices":[{"not_picked":["BootSequence","Barrage"],"picked":"Sweeping Beam","floor":1},{"not_picked":["Chaos","Stack"],"picked":"Sunder","floor":4},{"not_picked":["Sweeping Beam","Ball Lightning"],"picked":"Echo Form","floor":6},{"not_picked":["Hello World","Sweeping Beam"],"picked":"Defragment","floor":8},{"not_picked":["Loop","Sweeping Beam"],"picked":"Beam Cell","floor":11},{"not_picked":["Multi-Cast","All For One"],"picked":"Seek","floor":16},{"not_picked":["Static Discharge","Turbo"],"picked":"Leap","floor":18},{"not_picked":["Stack","Doom and Gloom+1","Skim"],"picked":"SKIP","floor":20},{"not_picked":["Double Energy","Redo"],"picked":"Self Repair","floor":22},{"not_picked":["Turbo","Axe Kick"],"picked":"Go for the Eyes+1","floor":24}],"player_experience":39864,"potions_floor_usage":[8,8,11,18,18,27,27],"damage_taken":[{"damage":0,"enemies":"Jaw Worm","floor":1,"turns":1},{"damage":0,"enemies":"Small Slimes","floor":4,"turns":1},{"damage":0,"enemies":"3 Sentries","floor":6,"turns":1},{"damage":0,"enemies":"2 Louse","floor":8,"turns":2},{"damage":10,"enemies":"Exordium Thugs","floor":11,"turns":4},{"damage":15,"enemies":"Slime Boss","floor":16,"turns":7},{"damage":2,"enemies":"2 Thieves","floor":18,"turns":3},{"damage":46,"enemies":"3 Byrds","floor":20,"turns":4},{"damage":25,"enemies":"Snake Plant","floor":22,"turns":4},{"damage":9,"enemies":"Centurion and Healer","floor":24,"turns":8},{"damage":57,"enemies":"Slavers","floor":27,"turns":3}],"relics_obtained":[{"floor":6,"key":"Strawberry"},{"floor":9,"key":"Dream Catcher"},{"floor":26,"key":"Pen Nib"}],"event_choices":[{"event_name":"Golden Idol","player_choice":"Take Damage","floor":2,"damage_taken":0},{"event_name":"The Cleric","player_choice":"Card Removal","floor":3,"damage_taken":0},{"event_name":"World of Goop","player_choice":"Gather Gold","floor":5,"damage_taken":0},{"event_name":"Scrap Ooze","player_choice":"success","floor":10,"damage_taken":7},{"event_name":"Liars Game","player_choice":"disagreed","floor":14,"damage_taken":0},{"event_name":"Beggar","player_choice":"Gave Gold","floor":19,"damage_taken":0}],"boss_relics":[{"not_picked":["Astrolabe","Runic Pyramid"],"picked":"Philosopher\u0027s Stone"}],"items_purged_floors":[13],"potions_floor_spawned":[1,4,16,22,24],"seed_played":"-6219318066192420693","killed_by":"Slavers","ascension_level":1,"potions_obtained":[{"floor":1,"key":"EntropicBrew"},{"floor":4,"key":"FearPotion"},{"floor":16,"key":"Fire Potion"},{"floor":22,"key":"GamblersBrew"},{"floor":24,"key":"Explosive Potion"}],"is_trial":false}