{"gold_per_floor":[118,128,144,94,111,142,142,158,158,83,83,161,161,186,186,315,315,330,349,349,168,168,168,168,168,191,191,191,212,243,68,68,193,193,214,230,254,254,254,254,289,303,303,328,348,348,348,369,369,369],"floor_reached":50,"playtime":3576,"items_purged":["Strike_B","Strike_B+1","Strike_B+1"],"score":492,"play_id":"32c51a3e-671d-43bc-b916-f05c33d9482e","local_time":"20190210173152","is_ascension_mode":false,"campfire_choices":[{"floor":7,"key":"REST"},{"data":"Zap","floor":13,"key":"SMITH"},{"floor":15,"key":"REST"},{"data":"Dualcast","floor":23,"key":"SMITH"},{"data":"Streamline","floor":25,"key":"SMITH"},{"data":"Scrape","floor":27,"key":"SMITH"},{"floor":32,"key":"REST"},{"data":"Beam Cell","floor":40,"key":"SMITH"},{"floor":46,"key":"REST"},{"floor":49,"key":"RECALL"}],"neow_cost":"NONE","seed_source_timestamp":1999369045669449,"circlet_count":0,"master_deck":["Defend_B+1","Defend_B+1","Defend_B+1","Defend_B+1","Zap+1","Dualcast+1","Streamline+1","Gash","Scrape+1","Impatience+1","Necronomicurse","Beam Cell+1","Chill+1","Parasite","Go for the Eyes"],"relics":["Cracked Core","Whetstone","Strawberry","Golden Idol","Blue Candle","White Beast Statue","Necronomicon","Centennial Puzzle","Turnip","Eternal Feather","Frozen Egg 2","Mummified Hand"],"potions_floor_usage":[30,30,33,33,36,41,50,50],"damage_taken":[{"damage":5,"enemies":"Small Slimes","floor":1,"turns":2},{"damage":0,"enemies":"2 Louse","floor":2,"turns":2},{"damage":1,"enemies":"Jaw Worm","floor":3,"turns":3},{"damage":32,"enemies":"Gremlin Gang","floor":5,"turns":5},{"damage":29,"enemies":"3 Sentries","floor":6,"turns":8},{"damage":7,"enemies":"Blue Slaver","floor":8,"turns":4},{"damage":0,"enemies":"2 Fungi Beasts","floor":14,"turns":3},{"damage":36,"enemies":"Hexaghost","floor":16,"turns":7},{"damage":11,"enemies":"Shell Parasite","floor":18,"turns":6},{"damage":14,"enemies":"Chosen","floor":19,"turns":5},{"damage":13,"enemies":"3 Cultists","floor":29,"turns":5},{"damage":19,"enemies":"Gremlin Leader","floor":30,"turns":4},{"damage":23,"enemies":"Automaton","floor":33,"turns":7},{"damage":0,"enemies":"3 Darklings","floor":35,"turns":3},{"damage":3,"enemies":"3 Shapes","floor":36,"turns":2},{"damage":23,"enemies":"Jaw Worm Horde","floor":37,"turns":5},{"damage":25,"enemies":"Giant Head","floor":41,"turns":7},{"damage":0,"enemies":"4 Shapes","floor":42,"turns":7},{"damage":0,"enemies":"Spire Growth","floor":44,"turns":3},{"damage":22,"enemies":"Writhing Mass","floor":45,"turns":5},{"damage":4,"enemies":"Jaw Worm Horde","floor":48,"turns":4},{"damage":49,"enemies":"Time Eater","floor":50,"turns":3}],"seed_played":"5172230227345620198","potions_obtained":[{"floor":6,"key":"PowerPotion"},{"floor":8,"key":"Swift Potion"},{"floor":18,"key":"LiquidBronze"},{"floor":19,"key":"FocusPotion"},{"floor":29,"key":"Strength Potion"},{"floor":30,"key":"FearPotion"},{"floor":33,"key":"SneckoOil"},{"floor":35,"key":"Block Potion"},{"floor":36,"key":"Explosive Potion"},{"floor":37,"key":"SpeedPotion"},{"floor":41,"key":"Dexterity Potion"},{"floor":44,"key":"Ancient Potion"}],"is_trial":false,"path_per_floor":["?","?","T","M","?","?","?","?","?","?","?","M"],"character_chosen":"DEFECT","items_purchased":["Impatience","Block Potion"],"campfire_rested":4,"item_purchase_floors":[21,31],"current_hp_per_floor":[70,70,69,69,37,15,39,32,32,32,32,32,32,32,54,18,76,65,51,51,51,35,35,35,35,35,35,35,22,3,3,25,2,76,76,73,50,50,50,56,31,31,31,31,9,39,39,35,44,0],"gold":369,"neow_bonus":"RANDOM_COMMON_RELIC","is_prod":false,"is_daily":false,"chose_seed":false,"campfire_upgraded":5,"win_rate":0,"timestamp":1549816312,"path_taken":["M","M","M","?","M","E","R","M","T","$","?","?","R","?","R","BOSS","M","M","?","$","?","R","?","R","T","R","?","M","E","$","R","BOSS","M","M","M","?","?","R","E","M","T","M","M","R","?","?","R","BOSS"],"build_version":"2019-01-23","purchased_purges":3,"victory":false,"max_hp_per_floor":[75,75,75,75,75,82,82,82,82,82,76,76,76,76,76,76,76,76,76,76,76,76,76,76,76,76,76,76,76,76,76,76,76,76,76,76,76,72,72,72,72,72,72,72,72,72,72,72,72,72],"card_choices":[{"not_picked":["Stack","Barrage"],"picked":"Streamline","floor":1},{"not_picked":["Fusion","Barrage","Redo"],"picked":"SKIP","floor":2},{"not_picked":["Hologram","Streamline"],"picked":"Gash","floor":3},{"not_picked":["Go for the Eyes","Leap","Conserve Battery"],"picked":"SKIP","floor":5},{"not_picked":["Hello World","Blizzard","Recycle"],"picked":"SKIP","floor":6},{"not_picked":["Amplify","Glacier","Turbo"],"picked":"SKIP","floor":8},{"not_picked":["Beam Cell","Sweeping Beam"],"picked":"Scrape","floor":14},{"not_picked":["Recycle","Ball Lightning+1","Go for the Eyes"],"picked":"SKIP","floor":18},{"not_picked":["Steam Power","Barrage","Redo"],"picked":"SKIP","floor":19},{"not_picked":["Rainbow","Stack","Conserve Battery+1"],"picked":"SKIP","floor":29},{"not_picked":["Chill","Compile Driver","Stack"],"picked":"SKIP","floor":30},{"not_picked":["Streamline+1","Capacitor+1"],"picked":"Beam Cell","floor":35},{"not_picked":["Ball Lightning","Steam+1","Streamline+1"],"picked":"SKIP","floor":36},{"not_picked":["Barrage+1","Leap"],"picked":"Chill+1","floor":37},{"not_picked":["Force Field+1","Barrage","Conserve Battery+1"],"picked":"SKIP","floor":41},{"not_picked":["Turbo","Redo+1","Cold Snap+1"],"picked":"SKIP","floor":42},{"not_picked":["Rebound+1","Compile Driver","Self Repair+1"],"picked":"SKIP","floor":44},{"not_picked":["Genetic Algorithm","Compile Driver+1"],"picked":"Go for the Eyes","floor":45},{"not_picked":["Tempest+1","Conserve Battery","Steam"],"picked":"SKIP","floor":48}],"player_experience":160075,"relics_obtained":[{"floor":6,"key":"Strawberry"},{"floor":12,"key":"Blue Candle"},{"floor":22,"key":"Necronomicon"},{"floor":26,"key":"Centennial Puzzle"},{"floor":30,"key":"Turnip"},{"floor":41,"key":"Frozen Egg 2"},{"floor":43,"key":"Mummified Hand"}],"event_choices":[{"cards_removed":["Strike_B"],"damage_healed":0,"gold_gain":0,"player_choice":"Card Removal","damage_taken":0,"max_hp_gain":0,"max_hp_loss":0,"event_name":"The Cleric","floor":4,"gold_loss":50},{"damage_healed":0,"gold_gain":0,"player_choice":"Lose Max HP","damage_taken":0,"relics_obtained":["Golden Idol"],"max_hp_gain":0,"max_hp_loss":6,"event_name":"Golden Idol","floor":11,"gold_loss":0},{"damage_healed":0,"gold_gain":0,"player_choice":"Ignored","damage_taken":0,"max_hp_gain":0,"max_hp_loss":0,"event_name":"Ghosts","floor":20,"gold_loss":0},{"damage_healed":0,"gold_gain":0,"player_choice":"Obtained Book","damage_taken":16,"max_hp_gain":0,"max_hp_loss":0,"event_name":"Cursed Tome","floor":22,"gold_loss":0},{"damage_healed":0,"gold_gain":0,"player_choice":"Simplicity","damage_taken":0,"max_hp_gain":0,"max_hp_loss":0,"event_name":"Back to Basics","floor":24,"gold_loss":0,"cards_upgraded":["Defend_B","Defend_B","Defend_B","Defend_B"]},{"damage_healed":0,"gold_gain":0,"player_choice":"Upgraded","damage_taken":0,"max_hp_gain":0,"max_hp_loss":0,"event_name":"Upgrade Shrine","floor":28,"gold_loss":0,"cards_upgraded":["Impatience"]},{"damage_healed":0,"gold_gain":0,"player_choice":"Max HP","damage_taken":0,"max_hp_gain":0,"max_hp_loss":4,"event_name":"Winding Halls","floor":38,"gold_loss":0},{"damage_healed":0,"gold_gain":0,"player_choice":"Ignored","damage_taken":0,"max_hp_gain":0,"max_hp_loss":0,"event_name":"Tomb of Lord Red Mask","floor":39,"gold_loss":0},{"damage_healed":0,"gold_gain":0,"player_choice":"Ignored","damage_taken":0,"max_hp_gain":0,"max_hp_loss":0,"event_name":"SecretPortal","floor":47,"gold_loss":0}],"is_beta":false,"boss_relics":[{"not_picked":["Calling Bell","Runic Pyramid"],"picked":"White Beast Statue"},{"not_picked":["Inserter","Cursed Key"],"picked":"Eternal Feather"}],"items_purged_floors":[10,21,31],"is_endless":false,"potions_floor_spawned":[6,8,18,19,29,30,33,35,36,37,41,42,44,45,48],"killed_by":"Time Eater","ascension_level":0}