{"gold_per_floor":[109,129,204,222,46,78,28,28,110,110,134,134,147,160,160,262,262,276,276,375,385,219,219,234,234,234,244,260,260,276,186,186,290,290,310,324,324,336,51,51,84,104,129,241,272,7,26,41,41,41],"floor_reached":51,"playtime":3684,"items_purged":["Strike_B","Reprogram","Strike_B+1"],"score":706,"play_id":"bc5ff770-c3df-4a11-b3e5-4286cab33f0d","local_time":"20190219220134","is_ascension_mode":false,"campfire_choices":[{"data":"Zap","floor":10,"key":"SMITH"},{"data":"Consume","floor":12,"key":"SMITH"},{"floor":15,"key":"REST"},{"data":"Defragment","floor":23,"key":"SMITH"},{"data":"Reboot","floor":25,"key":"SMITH"},{"data":"Loop","floor":29,"key":"SMITH"},{"data":"Coolheaded","floor":32,"key":"SMITH"},{"data":"Seek","floor":40,"key":"SMITH"},{"floor":49,"key":"REST"}],"neow_cost":"NONE","seed_source_timestamp":3538865066146,"circlet_count":0,"master_deck":["Defend_B+1","Defend_B+1","Defend_B+1","Defend_B+1","Zap+1","Dualcast","Ball Lightning","Gash","Sweeping Beam","Coolheaded+1","Gash+1","Consume+1","Cold Snap","Coolheaded","Reboot+1","Coolheaded+1","Defragment+1","Cold Snap","Auto Shields+1","Loop+1","Loop+1","Core Surge","Coolheaded+1","Conserve Battery+1","Seek+1","Finesse","Recycle+1","Melter+1","Hologram+1"],"relics":["Cracked Core","NeowsBlessing","Pen Nib","Lantern","The Courier","Odd Mushroom","Nuclear Battery","StoneCalendar","Black Star","Darkstone Periapt","Gremlin Horn","MawBank","Turnip","Anchor","Centennial Puzzle"],"potions_floor_usage":[11,16,27,33,41,42,42,50,50,50],"damage_taken":[{"damage":0,"enemies":"Cultist","floor":1,"turns":1},{"damage":0,"enemies":"2 Louse","floor":2,"turns":1},{"damage":0,"enemies":"Small Slimes","floor":4,"turns":1},{"damage":19,"enemies":"Lagavulin","floor":6,"turns":5},{"damage":10,"enemies":"The Mushroom Lair","floor":11,"turns":3},{"damage":7,"enemies":"3 Louse","floor":13,"turns":2},{"damage":7,"enemies":"Blue Slaver","floor":14,"turns":2},{"damage":7,"enemies":"Slime Boss","floor":16,"turns":9},{"damage":3,"enemies":"Shell Parasite","floor":18,"turns":7},{"damage":0,"enemies":"Spheric Guardian","floor":21,"turns":3},{"damage":0,"enemies":"Centurion and Healer","floor":24,"turns":8},{"damage":0,"enemies":"Chosen and Byrds","floor":27,"turns":5},{"damage":1,"enemies":"Shelled Parasite and Fungi","floor":28,"turns":6},{"damage":0,"enemies":"Cultist and Chosen","floor":30,"turns":7},{"damage":6,"enemies":"Champ","floor":33,"turns":15},{"damage":0,"enemies":"Orb Walker","floor":35,"turns":3},{"damage":0,"enemies":"3 Shapes","floor":36,"turns":6},{"damage":7,"enemies":"Spire Growth","floor":38,"turns":7},{"damage":23,"enemies":"Giant Head","floor":41,"turns":19},{"damage":0,"enemies":"Jaw Worm Horde","floor":42,"turns":6},{"damage":0,"enemies":"Mind Bloom Boss Battle","floor":44,"turns":9},{"damage":0,"enemies":"3 Darklings","floor":45,"turns":6},{"damage":21,"enemies":"Maw","floor":47,"turns":11},{"damage":0,"enemies":"Sphere and 2 Shapes","floor":48,"turns":5},{"damage":0,"enemies":"Awakened One","floor":50,"turns":20}],"seed_played":"-7348334348712911731","potions_obtained":[{"floor":2,"key":"Block Potion"},{"floor":4,"key":"FearPotion"},{"floor":16,"key":"PowerPotion"},{"floor":18,"key":"Energy Potion"},{"floor":21,"key":"FearPotion"},{"floor":27,"key":"LiquidBronze"},{"floor":36,"key":"Weak Potion"},{"floor":41,"key":"Fire Potion"},{"floor":45,"key":"Poison Potion"}],"is_trial":false,"path_per_floor":["M","M","?","M","$","E","?","?","T","R","?","R","M","M","R","B",null,"M","?","?","M","$","R","M","R","T","M","M","R","M","?","R","B",null,"M","M","?","M","$","R","E","M","T","?","M","$","M","M","R","B",null],"character_chosen":"DEFECT","items_purchased":["Coolheaded","Gash","Defragment","Cold Snap","Seek","Finesse","Anchor","Centennial Puzzle","Dexterity Potion"],"campfire_rested":2,"item_purchase_floors":[5,5,22,22,39,39,46,46,46],"current_hp_per_floor":[75,75,64,64,64,45,45,45,45,45,35,35,28,21,43,36,75,72,72,72,72,72,72,72,72,72,72,71,71,71,71,71,65,75,75,75,75,68,68,68,45,45,45,45,45,45,24,24,46,46],"gold":41,"neow_bonus":"THREE_ENEMY_KILL","is_prod":false,"is_daily":false,"chose_seed":false,"campfire_upgraded":7,"win_rate":0,"timestamp":1550581294,"path_taken":["M","M","?","M","$","E","?","?","T","R","?","R","?","?","R","BOSS","M","?","?","M","$","R","M","R","T","M","M","R","M","?","R","BOSS","M","?","?","?","$","R","E","M","T","?","M","?","M","M","R","BOSS"],"build_version":"2019-01-23","purchased_purges":3,"victory":true,"max_hp_per_floor":[75,75,75,75,75,75,75,75,75,75,75,75,75,75,75,75,75,75,75,75,75,75,75,75,75,75,75,75,75,75,75,75,75,75,75,75,75,75,75,75,75,75,75,75,75,75,75,75,75,75],"card_choices":[{"not_picked":["Stack","Steam"],"picked":"Ball Lightning","floor":1},{"not_picked":["Skim","Hologram"],"picked":"Gash","floor":2},{"not_picked":["Scrape","Lockon"],"picked":"Sweeping Beam","floor":4},{"not_picked":["Stack","Amplify"],"picked":"Consume","floor":6},{"not_picked":["Steam","Redo"],"picked":"Cold Snap","floor":11},{"not_picked":["Steam","Beam Cell"],"picked":"Coolheaded","floor":13},{"not_picked":["Streamline","Static Discharge"],"picked":"Reprogram","floor":14},{"not_picked":["Hyperbeam","Multi-Cast"],"picked":"Reboot","floor":16},{"not_picked":["Reprogram+1","Storm+1"],"picked":"Coolheaded+1","floor":18},{"not_picked":["Compile Driver","Sweeping Beam","Fusion"],"picked":"SKIP","floor":21},{"not_picked":["Steam","Scrape+1","Ball Lightning"],"picked":"SKIP","floor":24},{"not_picked":["Scrape","Lockon"],"picked":"Auto Shields+1","floor":27},{"not_picked":["Compile Driver","Cold Snap"],"picked":"Loop","floor":28},{"not_picked":["Steam","White Noise+1"],"picked":"Loop+1","floor":30},{"not_picked":["Multi-Cast","Fission"],"picked":"Core Surge","floor":33},{"not_picked":["Compile Driver","Stack+1"],"picked":"Coolheaded+1","floor":35},{"not_picked":["Barrage+1","Coolheaded+1"],"picked":"Conserve Battery+1","floor":36},{"not_picked":["Leap+1","Storm+1","Compile Driver"],"picked":"SKIP","floor":38},{"not_picked":["Redo","Barrage","Creative AI"],"picked":"SKIP","floor":41},{"not_picked":["Streamline","Glacier+1","Heatsinks"],"picked":"SKIP","floor":42},{"not_picked":["Self Repair","Compile Driver+1"],"picked":"Recycle+1","floor":44},{"not_picked":["FTL","Redo"],"picked":"Melter+1","floor":45},{"not_picked":["Recycle","Darkness","Storm+1"],"picked":"SKIP","floor":47},{"not_picked":["Darkness","Beam Cell+1"],"picked":"Hologram+1","floor":48}],"player_experience":479177,"relics_obtained":[{"floor":6,"key":"Pen Nib"},{"floor":9,"key":"The Courier"},{"floor":11,"key":"Odd Mushroom"},{"floor":26,"key":"StoneCalendar"},{"floor":41,"key":"Darkstone Periapt"},{"floor":41,"key":"Gremlin Horn"},{"floor":43,"key":"MawBank"},{"floor":44,"key":"Turnip"}],"event_choices":[{"damage_healed":0,"gold_gain":75,"player_choice":"Gather Gold","damage_taken":11,"max_hp_gain":0,"max_hp_loss":0,"event_name":"World of Goop","floor":3,"gold_loss":0},{"cards_removed":["Strike_B"],"damage_healed":0,"gold_gain":0,"player_choice":"Card Removal","damage_taken":0,"max_hp_gain":0,"max_hp_loss":0,"event_name":"The Cleric","floor":7,"gold_loss":50},{"damage_healed":0,"gold_gain":0,"player_choice":"Searched \u00271\u0027 times","damage_taken":0,"relics_obtained":["Lantern"],"max_hp_gain":0,"max_hp_loss":0,"event_name":"Dead Adventurer","floor":8,"gold_loss":0},{"damage_healed":0,"gold_gain":0,"player_choice":"Fought Mushrooms","damage_taken":0,"max_hp_gain":0,"max_hp_loss":0,"event_name":"Mushrooms","floor":11,"gold_loss":0},{"damage_healed":0,"gold_gain":0,"player_choice":"Simplicity","damage_taken":0,"max_hp_gain":0,"max_hp_loss":0,"event_name":"Back to Basics","floor":19,"gold_loss":0,"cards_upgraded":["Strike_B","Strike_B","Defend_B","Defend_B","Defend_B","Defend_B"]},{"damage_healed":0,"gold_gain":99,"player_choice":"Stole From Cult","damage_taken":0,"max_hp_gain":0,"max_hp_loss":0,"event_name":"Nest","floor":20,"gold_loss":0},{"cards_removed":["Strike_B"],"damage_healed":0,"gold_gain":0,"player_choice":"Upgrade and Remove","damage_taken":0,"max_hp_gain":0,"max_hp_loss":0,"event_name":"Designer","floor":31,"gold_loss":90,"cards_upgraded":["Gash"]},{"damage_healed":0,"gold_gain":0,"player_choice":"Full Heal","damage_taken":0,"max_hp_gain":0,"max_hp_loss":0,"event_name":"Wheel of Change","floor":37,"gold_loss":0},{"damage_healed":0,"gold_gain":0,"player_choice":"Fight","damage_taken":0,"max_hp_gain":0,"max_hp_loss":0,"event_name":"MindBloom","floor":44,"gold_loss":0}],"is_beta":false,"boss_relics":[{"not_picked":["Orrery","Astrolabe"],"picked":"Nuclear Battery"},{"not_picked":["Calling Bell","FrozenCore"],"picked":"Black Star"}],"items_purged_floors":[5,22,39],"is_endless":false,"potions_floor_spawned":[2,4,16,18,21,27,30,36,38,41,45],"ascension_level":0}