{"gold_per_floor":[110,125,125,179,199,199,232,232,286,286,303,319,353,366,366,471,471,489,502,502,528,540,582,594,625,713,740,522,556,8,23,23,127,127,138,152,168,186,196,196,222,222,222,239,239,239,257,275,275,275],"floor_reached":51,"playtime":4009,"items_purged":["Defend_R","Strike_R"],"score":733,"play_id":"23a95ad0-7540-4b44-842c-03f0b1a39c28","local_time":"20181018001723","is_ascension_mode":false,"campfire_choices":[{"data":"1","floor":6,"key":"LIFT"},{"data":"2","floor":8,"key":"LIFT"},{"data":"3","floor":10,"key":"LIFT"},{"data":"Limit Break","floor":15,"key":"SMITH"},{"data":"Double Tap","floor":24,"key":"SMITH"},{"data":"Double Tap","floor":32,"key":"SMITH"},{"data":"Bludgeon","floor":40,"key":"SMITH"},{"data":"Demon Form","floor":46,"key":"SMITH"},{"data":"Uppercut","floor":49,"key":"SMITH"}],"neow_cost":"TEN_PERCENT_HP_LOSS","seed_source_timestamp":675577079976079,"circlet_count":0,"master_deck":["Strike_R","Strike_R","Strike_R","Defend_R","Defend_R+1","Defend_R","Bash+1","Anger","Anger","Uppercut+1","Limit Break+1","Flex+1","Thunderclap","Carnage","Twin Strike","Double Tap+1","Inflame","Iron Wave+1","Bludgeon+1","Double Tap+1","Demon Form+1","Pommel Strike+1","Heavy Blade+1","Pain","Iron Wave+1","Flex+1"],"relics":["Burning Blood","Girya","Bag of Preparation","Omamori","Ancient Tea Set","Bag of Marbles","Cursed Key","MawBank","Paper Frog","Ornamental Fan","Anchor","Pen Nib","War Paint","Lantern","Mark of Pain","Molten Egg 2","Toxic Egg 2"],"potions_floor_usage":[23,33],"damage_taken":[{"damage":2,"enemies":"2 Louse","floor":1,"turns":4},{"damage":8,"enemies":"Jaw Worm","floor":2,"turns":3},{"damage":0,"enemies":"Cultist","floor":5,"turns":2},{"damage":21,"enemies":"3 Sentries","floor":7,"turns":6},{"damage":0,"enemies":"Exordium Thugs","floor":11,"turns":1},{"damage":8,"enemies":"3 Louse","floor":12,"turns":2},{"damage":3,"enemies":"Gremlin Nob","floor":13,"turns":3},{"damage":0,"enemies":"Gremlin Gang","floor":14,"turns":3},{"damage":27,"enemies":"Slime Boss","floor":16,"turns":6},{"damage":10,"enemies":"3 Byrds","floor":18,"turns":3},{"damage":5,"enemies":"Chosen","floor":19,"turns":2},{"damage":7,"enemies":"Slavers","floor":23,"turns":2},{"damage":0,"enemies":"Centurion and Healer","floor":25,"turns":1},{"damage":0,"enemies":"Snecko","floor":27,"turns":2},{"damage":10,"enemies":"Gremlin Leader","floor":29,"turns":2},{"damage":0,"enemies":"Shelled Parasite and Fungi","floor":31,"turns":1},{"damage":0,"enemies":"Champ","floor":33,"turns":4},{"damage":0,"enemies":"3 Darklings","floor":35,"turns":2},{"damage":0,"enemies":"3 Shapes","floor":36,"turns":1},{"damage":1,"enemies":"Maw","floor":37,"turns":4},{"damage":0,"enemies":"Reptomancer","floor":38,"turns":1},{"damage":17,"enemies":"Spire Growth","floor":39,"turns":3},{"damage":8,"enemies":"Giant Head","floor":41,"turns":4},{"damage":3,"enemies":"Maw","floor":44,"turns":4},{"damage":0,"enemies":"Reptomancer","floor":47,"turns":1},{"damage":0,"enemies":"3 Darklings","floor":48,"turns":1},{"damage":4,"enemies":"Donu and Deca","floor":50,"turns":3}],"seed_played":"-3624174410624970538","potions_obtained":[{"floor":5,"key":"PowerPotion"},{"floor":7,"key":"Strength Potion"},{"floor":11,"key":"SkillPotion"},{"floor":12,"key":"Energy Potion"},{"floor":16,"key":"FearPotion"},{"floor":25,"key":"Fire Potion"},{"floor":36,"key":"GamblersBrew"}],"is_trial":false,"path_per_floor":["M","M","?","T","M","R","E","R","T","R","M","M","E","M","R","B",null,"M","M","?","T","?","E","R","M","T","M","$","E","$","M","R","B",null,"M","M","M","M","M","R","E","?","T","M","?","R","M","M","R","B"],"character_chosen":"IRONCLAD","items_purchased":["Anchor","Double Tap","War Paint","Lantern"],"campfire_rested":0,"item_purchase_floors":[28,30,30,30],"current_hp_per_floor":[72,70,70,70,72,72,57,57,57,57,63,61,64,70,70,49,72,68,69,69,69,69,68,68,72,72,72,72,68,68,72,72,72,72,72,72,72,72,61,61,59,59,59,62,62,62,68,68,68,68],"gold":275,"neow_bonus":"ONE_RARE_RELIC","is_prod":false,"is_daily":false,"chose_seed":false,"campfire_upgraded":6,"win_rate":0,"timestamp":1539847043,"path_taken":["M","M","?","?","M","R","E","R","T","R","M","M","E","M","R","BOSS","M","M","?","?","?","E","R","?","T","M","$","E","$","M","R","BOSS","M","M","M","M","M","R","E","?","T","M","?","R","M","M","R","BOSS"],"build_version":"2018-10-11","purchased_purges":2,"victory":true,"max_hp_per_floor":[72,72,72,72,72,72,72,72,72,72,72,72,72,72,72,72,72,72,72,72,72,72,72,72,72,72,72,72,72,72,72,72,72,72,72,72,72,72,72,72,72,72,72,72,68,68,68,68,68,68],"card_choices":[{"not_picked":["Warcry","Body Slam"],"picked":"Anger","floor":1},{"not_picked":["Twin Strike","Whirlwind"],"picked":"Anger","floor":2},{"not_picked":["Hemokinesis","Sword Boomerang"],"picked":"Uppercut","floor":5},{"not_picked":["Rampage","Rage"],"picked":"Limit Break","floor":7},{"not_picked":["Shockwave","Armaments"],"picked":"Flex","floor":11},{"not_picked":["Headbutt","Perfected Strike"],"picked":"Thunderclap","floor":12},{"not_picked":["Rupture","Sword Boomerang"],"picked":"Carnage","floor":13},{"not_picked":["Burning Pact","Flame Barrier"],"picked":"Twin Strike","floor":14},{"not_picked":["Berserk","Impervious"],"picked":"Double Tap","floor":16},{"not_picked":["Shrug It Off","Twin Strike","Entrench"],"picked":"SKIP","floor":18},{"not_picked":["True Grit","Seeing Red","Clothesline"],"picked":"SKIP","floor":19},{"not_picked":["Clothesline+1","Thunderclap"],"picked":"Iron Wave+1","floor":23},{"not_picked":["Corruption+1","Warcry","Rage"],"picked":"SKIP","floor":25},{"not_picked":["Burning Pact+1","Fire Breathing"],"picked":"Bludgeon","floor":27},{"not_picked":["Infernal Blade","Anger+1","Impervious"],"picked":"SKIP","floor":29},{"not_picked":["Disarm","Burning Pact","Shrug It Off"],"picked":"SKIP","floor":31},{"not_picked":["Reaper","Bludgeon"],"picked":"Demon Form","floor":33},{"not_picked":["Warcry","Sever Soul","Second Wind+1"],"picked":"SKIP","floor":35},{"not_picked":["Warcry","Headbutt+1","Body Slam+1"],"picked":"SKIP","floor":36},{"not_picked":["Fire Breathing","Clothesline","Disarm"],"picked":"SKIP","floor":37},{"not_picked":["Flex","Rupture+1"],"picked":"Pommel Strike+1","floor":38},{"not_picked":["Bloodletting+1","Twin Strike","Burning Pact"],"picked":"SKIP","floor":39},{"not_picked":["Sever Soul+1","Power Through"],"picked":"Heavy Blade","floor":41},{"not_picked":["Barricade","Pommel Strike+1"],"picked":"Iron Wave+1","floor":44},{"not_picked":["Armaments+1","Hemokinesis+1"],"picked":"Flex+1","floor":47},{"not_picked":["Shrug It Off+1","Intimidate+1","Flex+1"],"picked":"SKIP","floor":48}],"player_experience":35311,"relics_obtained":[{"floor":4,"key":"Bag of Preparation"},{"floor":7,"key":"Omamori"},{"floor":9,"key":"Ancient Tea Set"},{"floor":13,"key":"Bag of Marbles"},{"floor":21,"key":"MawBank"},{"floor":23,"key":"Paper Frog"},{"floor":26,"key":"Ornamental Fan"},{"floor":29,"key":"Pen Nib"},{"floor":41,"key":"Molten Egg 2"},{"floor":43,"key":"Toxic Egg 2"}],"event_choices":[{"event_name":"Living Wall","player_choice":"Grow","floor":3,"damage_taken":0},{"event_name":"The Library","player_choice":"Read","floor":20,"damage_taken":0},{"event_name":"Vampires","player_choice":"Ignored","floor":22,"damage_taken":0},{"event_name":"Falling","player_choice":"Removed Attack","floor":42,"damage_taken":0},{"event_name":"Winding Halls","player_choice":"Max HP","floor":45,"damage_taken":0}],"is_beta":false,"boss_relics":[{"not_picked":["Tiny House","Runic Dome"],"picked":"Cursed Key"},{"not_picked":["Calling Bell","Runic Cube"],"picked":"Mark of Pain"}],"items_purged_floors":[28,30],"is_endless":false,"potions_floor_spawned":[5,7,11,12,16,25,27,31,36,37,39,44,47],"ascension_level":0}