{"gold_per_floor":[118,136,148,148,75,75,75,85,159,159,185,25,25,49,49,49],"floor_reached":16,"playtime":629,"items_purged":["Strike_G"],"score":172,"play_id":"5601be6d-7d12-42b6-8c4b-8f61469aa720","local_time":"20190202211221","is_ascension_mode":true,"campfire_choices":[{"data":"Neutralize","floor":6,"key":"SMITH"},{"data":"Sucker Punch","floor":10,"key":"SMITH"},{"data":"Distraction","floor":13,"key":"SMITH"},{"data":"Finesse","floor":15,"key":"SMITH"}],"neow_cost":"TEN_PERCENT_HP_LOSS","seed_source_timestamp":786403332394800,"circlet_count":0,"master_deck":["AscendersBane","Defend_G","Defend_G","Defend_G","Defend_G","Defend_G","Strike_G","Strike_G","Strike_G","Strike_G","Survivor","Neutralize+1","Distraction+1","Blade Dance","Sucker Punch+1","Heel Hook","Deflect","Prepared","Finesse+1","Skewer"],"special_seed":0,"relics":["Ring of the Snake","Calipers","Darkstone Periapt","Centennial Puzzle","Odd Mushroom"],"potions_floor_usage":[3,11,11],"damage_taken":[{"damage":4,"enemies":"Jaw Worm","floor":1,"turns":5},{"damage":0,"enemies":"Small Slimes","floor":2,"turns":5},{"damage":0,"enemies":"2 Louse","floor":3,"turns":1},{"damage":5,"enemies":"Blue Slaver","floor":8,"turns":5},{"damage":17,"enemies":"3 Sentries","floor":11,"turns":7},{"damage":18,"enemies":"The Mushroom Lair","floor":14,"turns":5},{"damage":21,"enemies":"Hexaghost","floor":16,"turns":9}],"seed_played":"-843932202778892314","potions_obtained":[{"floor":1,"key":"Explosive Potion"},{"floor":2,"key":"EntropicBrew"},{"floor":3,"key":"PowerPotion"},{"floor":11,"key":"Fire Potion"}],"is_trial":false,"path_per_floor":["M","M","M","?","$","R","?","M","T","R","E","$","R","?","R","B"],"character_chosen":"THE_SILENT","items_purchased":["Heel Hook","Finesse"],"campfire_rested":0,"item_purchase_floors":[5,12],"current_hp_per_floor":[55,55,55,60,60,60,60,55,55,55,38,38,38,20,20,0],"gold":49,"neow_bonus":"ONE_RARE_RELIC","is_prod":false,"is_daily":false,"chose_seed":false,"campfire_upgraded":4,"win_rate":0,"timestamp":1549113141,"path_taken":["M","M","M","?","$","R","?","M","T","R","E","$","R","?","R","BOSS"],"build_version":"2019-01-23","purchased_purges":1,"victory":false,"max_hp_per_floor":[60,60,60,65,65,65,65,65,65,65,65,65,65,65,65,65],"card_choices":[{"not_picked":["Sucker Punch","Slice"],"picked":"Distraction","floor":1},{"not_picked":["Distraction","Endless Agony"],"picked":"Blade Dance","floor":2},{"not_picked":["Slice","Outmaneuver"],"picked":"Sucker Punch","floor":3},{"not_picked":["Dodge and Roll","Sucker Punch"],"picked":"Deflect","floor":8},{"not_picked":["Terror","Slice"],"picked":"Prepared","floor":11},{"not_picked":["Poisoned Stab","Wraith Form v2"],"picked":"Skewer","floor":14}],"player_experience":688665,"relics_obtained":[{"floor":9,"key":"Darkstone Periapt"},{"floor":11,"key":"Centennial Puzzle"},{"floor":14,"key":"Odd Mushroom"}],"event_choices":[{"damage_healed":0,"gold_gain":0,"player_choice":"Donut","damage_taken":0,"max_hp_gain":5,"max_hp_loss":0,"event_name":"Big Fish","floor":4,"gold_loss":0},{"damage_healed":0,"gold_gain":0,"player_choice":"Ignored","damage_taken":0,"max_hp_gain":0,"max_hp_loss":0,"event_name":"Liars Game","floor":7,"gold_loss":0},{"damage_healed":0,"gold_gain":0,"player_choice":"Fought Mushrooms","damage_taken":0,"max_hp_gain":0,"max_hp_loss":0,"event_name":"Mushrooms","floor":14,"gold_loss":0}],"is_beta":false,"boss_relics":[],"items_purged_floors":[12],"is_endless":false,"potions_floor_spawned":[1,2,3,11],"killed_by":"Hexaghost","ascension_level":15}