{"gold_per_floor":[110,110,122,138,148,148,176,176,200,228,228,243,278,278,278,379,379,392,392,410,425,440,471,471,500,500,500,515,532,532,551,551,551],"floor_reached":33,"playtime":2441,"items_purged":[],"score":468,"play_id":"aafe481b-ec72-4311-a779-1a6c772271c5","local_time":"20181119225614","is_ascension_mode":true,"campfire_choices":[{"floor":6,"key":"REST"},{"floor":8,"key":"REST"},{"floor":11,"key":"REST"},{"floor":15,"key":"REST"},{"floor":30,"key":"REST"},{"floor":32,"key":"REST"}],"neow_cost":"PERCENT_DAMAGE","seed_source_timestamp":211050814643360,"circlet_count":0,"master_deck":["Defend_G","Defend_G","Defend_G","Defend_G","Strike_G","Strike_G","Strike_G","Strike_G","Survivor","Neutralize","Bouncing Flask","Escape Plan","Backstab","Dodge and Roll","Dagger Throw","Blur","Burst","Dash","Caltrops","Corpse Explosion","Bouncing Flask","Crippling Poison+1","Burst","Dodge and Roll+1","Decay","Crippling Poison","PiercingWail","Backflip"],"relics":["Ring of the Snake","Lantern","Blood Vial","Velvet Choker","Nloth\u0027s Gift","Paper Crane","Matryoshka","Regal Pillow","Vajra","Bottled Lightning"],"potions_floor_usage":[13,25,25,33],"damage_taken":[{"damage":1,"enemies":"Jaw Worm","floor":1,"turns":3},{"damage":0,"enemies":"Cultist","floor":3,"turns":2},{"damage":0,"enemies":"2 Louse","floor":4,"turns":1},{"damage":6,"enemies":"Blue Slaver","floor":5,"turns":5},{"damage":42,"enemies":"3 Sentries","floor":7,"turns":9},{"damage":22,"enemies":"Gremlin Nob","floor":10,"turns":4},{"damage":13,"enemies":"Exordium Wildlife","floor":12,"turns":6},{"damage":6,"enemies":"3 Sentries","floor":13,"turns":9},{"damage":14,"enemies":"The Guardian","floor":16,"turns":10},{"damage":4,"enemies":"3 Byrds","floor":18,"turns":2},{"damage":0,"enemies":"Spheric Guardian","floor":20,"turns":2},{"damage":4,"enemies":"Cultist and Chosen","floor":21,"turns":3},{"damage":5,"enemies":"Centurion and Healer","floor":22,"turns":5},{"damage":54,"enemies":"Book of Stabbing","floor":23,"turns":6},{"damage":6,"enemies":"Slavers","floor":25,"turns":4},{"damage":1,"enemies":"Snake Plant","floor":28,"turns":4},{"damage":0,"enemies":"Sentry and Sphere","floor":29,"turns":2},{"damage":1,"enemies":"Cultist and Chosen","floor":31,"turns":5},{"damage":73,"enemies":"Automaton","floor":33,"turns":10}],"seed_played":"-5738669451611530680","potions_obtained":[{"floor":3,"key":"Strength Potion"},{"floor":5,"key":"SteroidPotion"},{"floor":13,"key":"SteroidPotion"},{"floor":16,"key":"Explosive Potion"},{"floor":18,"key":"Dexterity Potion"},{"floor":21,"key":"EssenceOfSteel"},{"floor":25,"key":"LiquidBronze"}],"is_trial":false,"path_per_floor":["M","?","M","M","M","R","E","R","T","E","R","M","E","?","R","B",null,"M","?","M","M","M","E","T","E","T","?","M","M","R","M","R","B"],"character_chosen":"THE_SILENT","items_purchased":[],"campfire_rested":6,"item_purchase_floors":[],"current_hp_per_floor":[44,44,44,44,38,59,17,38,38,16,37,26,22,45,66,54,66,64,64,66,64,61,9,9,5,5,5,6,8,44,45,70,0],"gold":551,"neow_bonus":"TRANSFORM_TWO_CARDS","is_prod":false,"is_daily":false,"chose_seed":false,"campfire_upgraded":0,"win_rate":0,"timestamp":1542696974,"path_taken":["M","?","M","M","M","R","E","R","T","E","R","M","E","?","R","BOSS","M","?","?","M","M","E","?","E","T","?","M","M","R","M","R","BOSS"],"build_version":"2018-11-15","purchased_purges":0,"victory":false,"max_hp_per_floor":[70,70,70,70,70,70,70,70,70,70,70,70,70,70,70,70,70,70,70,70,70,70,70,70,70,70,70,70,70,70,70,70,70],"card_choices":[{"not_picked":["Bane","Blade Dance"],"picked":"Backstab","floor":1},{"not_picked":["Eviscerate","Bane","Blade Dance"],"picked":"SKIP","floor":3},{"not_picked":["Bane","Reflex"],"picked":"Dodge and Roll","floor":4},{"not_picked":["Expertise","Slice"],"picked":"Dagger Throw","floor":5},{"not_picked":["Riddle With Holes","Outmaneuver"],"picked":"Blur","floor":7},{"not_picked":["Sucker Punch","Acrobatics"],"picked":"Burst","floor":10},{"not_picked":["Slice","Poisoned Stab"],"picked":"Dash","floor":12},{"not_picked":["Deadly Poison","Flying Knee"],"picked":"Caltrops","floor":13},{"not_picked":["Grand Finale","A Thousand Cuts"],"picked":"Corpse Explosion","floor":16},{"not_picked":["Outmaneuver","Distraction"],"picked":"Bouncing Flask","floor":18},{"not_picked":["Calculated Gamble","Blade Dance"],"picked":"Crippling Poison+1","floor":20},{"not_picked":["Flying Knee+1","Slice+1"],"picked":"Burst","floor":21},{"not_picked":["Slice","Cloak And Dagger","Calculated Gamble"],"picked":"SKIP","floor":22},{"not_picked":["Prepared","Die Die Die"],"picked":"Dodge and Roll+1","floor":23},{"not_picked":["Calculated Gamble","Distraction","Blade Dance"],"picked":"SKIP","floor":25},{"not_picked":["Deadly Poison","Flechettes+1"],"picked":"Crippling Poison","floor":28},{"not_picked":["Dagger Spray","Infinite Blades"],"picked":"PiercingWail","floor":29},{"not_picked":["Outmaneuver","Sucker Punch"],"picked":"Backflip","floor":31}],"player_experience":300256,"relics_obtained":[{"floor":7,"key":"Lantern"},{"floor":10,"key":"Blood Vial"},{"floor":13,"key":"Smiling Mask"},{"floor":23,"key":"Paper Crane"},{"floor":24,"key":"Matryoshka"},{"floor":25,"key":"Regal Pillow"},{"floor":26,"key":"Vajra"},{"floor":26,"key":"Bottled Lightning"}],"event_choices":[{"damage_healed":0,"gold_gain":0,"player_choice":"Ignored","damage_taken":0,"max_hp_gain":0,"max_hp_loss":0,"event_name":"Liars Game","floor":2,"gold_loss":0},{"damage_healed":23,"gold_gain":0,"player_choice":"Banana","damage_taken":0,"max_hp_gain":0,"max_hp_loss":0,"event_name":"Big Fish","floor":14,"gold_loss":0},{"damage_healed":0,"gold_gain":0,"player_choice":"Traded Relic","damage_taken":0,"relics_obtained":["Nloth\u0027s Gift"],"max_hp_gain":0,"max_hp_loss":0,"event_name":"N\u0027loth","floor":19,"relics_lost":["Smiling Mask"],"gold_loss":0},{"damage_healed":0,"gold_gain":0,"player_choice":"Smashed Altar","damage_taken":0,"max_hp_gain":0,"max_hp_loss":0,"event_name":"Forgotten Altar","floor":27,"gold_loss":0,"cards_obtained":["Decay"]}],"is_beta":false,"boss_relics":[{"not_picked":["Tiny House","Coffee Dripper"],"picked":"Velvet Choker"}],"items_purged_floors":[],"is_endless":false,"potions_floor_spawned":[3,5,13,16,18,21,25],"killed_by":"Automaton","ascension_level":8}