{"path_per_floor":["M","?","?","$","?","E","?","E","T","R","E","R","M","M","R"],"character_chosen":"DEFECT","items_purchased":[],"gold_per_floor":[12,12,12,12,12,40,115,448,521,521,552,552,564,583,583,583],"floor_reached":16,"campfire_rested":1,"playtime":650,"item_purchase_floors":[],"current_hp_per_floor":[68,73,73,73,73,40,29,7,7,46,30,30,30,30,30,0],"items_purged":[],"gold":583,"score":133,"play_id":"42519a15-90c9-4ede-8147-6c5ea36bbe6f","local_time":"20180609151828","is_prod":false,"is_daily":false,"chose_seed":false,"is_ascension_mode":true,"campfire_upgraded":2,"win_rate":0,"timestamp":1528528708,"campfire_choices":[{"floor":10,"key":"REST"},{"data":"Genetic Algorithm","floor":12,"key":"SMITH"},{"data":"Hologram","floor":15,"key":"SMITH"}],"path_taken":["M","?","?","$","?","E","?","E","T","R","E","R","M","?","R","BOSS"],"build_version":"2018-06-07v3","seed_source_timestamp":78017909695202,"purchased_purges":0,"victory":false,"master_deck":["Strike_B","Strike_B","Strike_B","Strike_B","Defend_B","Defend_B","Defend_B","Defend_B","Zap+1","Dualcast","Cold Snap","Genetic Algorithm+1","Go for the Eyes","Steam","Hologram+1"],"max_hp_per_floor":[75,80,80,80,80,80,80,80,80,80,85,85,85,85,85,85],"relics":["Cracked Core","Gambling Chip","Regal Pillow","Old Coin","Question Card","Blue Candle"],"card_choices":[{"not_picked":["Capacitor","Hologram"],"picked":"Cold Snap","floor":1},{"not_picked":["FTL","Sweeping Beam"],"picked":"Genetic Algorithm","floor":6},{"not_picked":["Barrage","Stack"],"picked":"Go for the Eyes","floor":8},{"not_picked":["FTL","All For One","Core Surge"],"picked":"Steam","floor":11},{"not_picked":["Rebound","Force Field","Gash","Lockon"],"picked":"SKIP","floor":13},{"not_picked":["Barrage","Beam Cell","Steam"],"picked":"Hologram","floor":14}],"player_experience":443564,"potions_floor_usage":[11,16],"damage_taken":[{"damage":7,"enemies":"Jaw Worm","floor":1,"turns":5},{"damage":33,"enemies":"Lagavulin","floor":6,"turns":8},{"damage":22,"enemies":"3 Sentries","floor":8,"turns":9},{"damage":21,"enemies":"Lagavulin","floor":11,"turns":7},{"damage":0,"enemies":"2 Louse","floor":13,"turns":3},{"damage":0,"enemies":"Small Slimes","floor":14,"turns":3},{"damage":30,"enemies":"Slime Boss","floor":16,"turns":10}],"relics_obtained":[{"floor":6,"key":"Regal Pillow"},{"floor":8,"key":"Old Coin"},{"floor":9,"key":"Question Card"},{"floor":11,"key":"Blue Candle"}],"event_choices":[{"event_name":"Big Fish","player_choice":"Donut","floor":2,"damage_taken":0},{"event_name":"Upgrade Shrine","player_choice":"Upgraded","floor":3,"damage_taken":0},{"event_name":"The Cleric","player_choice":"Leave","floor":5,"damage_taken":0},{"event_name":"World of Goop","player_choice":"Gather Gold","floor":7,"damage_taken":0}],"boss_relics":[],"items_purged_floors":[],"potions_floor_spawned":[1,8,11],"seed_played":"-189907258835396917","killed_by":"Slime Boss","ascension_level":3,"potions_obtained":[{"floor":1,"key":"EssenceOfSteel"},{"floor":8,"key":"Fruit Juice"},{"floor":11,"key":"AttackPotion"}],"is_trial":false}