{"gold_per_floor":[16,16,28,28,48,83,83,99,99,99,174,174,233,252,252,347,347,360,380,380,380,380,380,305,340,340,340,368,384,249,124,124,222,222,238,238,256,106,106,119,119,119,166,166,198,214,39,52,52,52],"floor_reached":51,"playtime":30307,"items_purged":["Defend_B","Strike_B","Defend_B","Strike_B","Defend_B"],"score":755,"play_id":"37671cfa-c5d1-4042-a116-9c65b3fb398f","local_time":"20181119065051","is_ascension_mode":true,"campfire_choices":[{"floor":7,"key":"REST"},{"floor":10,"key":"REST"},{"data":"Defragment","floor":12,"key":"SMITH"},{"floor":15,"key":"REST"},{"floor":23,"key":"REST"},{"floor":32,"key":"REST"},{"data":"Echo Form","floor":42,"key":"SMITH"},{"floor":49,"key":"REST"}],"neow_cost":"NO_GOLD","seed_source_timestamp":365716037255132,"circlet_count":0,"master_deck":["Defend_B","Zap","BootSequence","Defragment","Defragment+1","Cold Snap","Chill","Capacitor+1","RitualDagger","Glacier","Capacitor","Echo Form+1","FTL+1"],"relics":["FrozenCore","Sundial","Singing Bowl","Cables","Orrery","Enchiridion","Bottled Lightning","Turnip","Red Mask","Kunai","Ancient Tea Set","Vajra"],"potions_floor_usage":[6,16,29,33,45,45],"damage_taken":[{"damage":1,"enemies":"Small Slimes","floor":1,"turns":4},{"damage":13,"enemies":"Jaw Worm","floor":3,"turns":5},{"damage":6,"enemies":"Cultist","floor":5,"turns":4},{"damage":34,"enemies":"Gremlin Nob","floor":6,"turns":5},{"damage":5,"enemies":"Looter","floor":8,"turns":4},{"damage":20,"enemies":"Lagavulin Event","floor":13,"turns":5},{"damage":0,"enemies":"Blue Slaver","floor":14,"turns":3},{"damage":25,"enemies":"Hexaghost","floor":16,"turns":11},{"damage":14,"enemies":"Spheric Guardian","floor":18,"turns":4},{"damage":8,"enemies":"3 Byrds","floor":19,"turns":5},{"damage":49,"enemies":"Slavers","floor":25,"turns":6},{"damage":21,"enemies":"Masked Bandits","floor":28,"turns":7},{"damage":0,"enemies":"Sentry and Sphere","floor":29,"turns":6},{"damage":10,"enemies":"Champ","floor":33,"turns":22},{"damage":6,"enemies":"3 Darklings","floor":35,"turns":8},{"damage":0,"enemies":"Orb Walker","floor":37,"turns":7},{"damage":5,"enemies":"Writhing Mass","floor":40,"turns":7},{"damage":65,"enemies":"Reptomancer","floor":45,"turns":12},{"damage":0,"enemies":"Sphere and 2 Shapes","floor":46,"turns":8},{"damage":0,"enemies":"Maw","floor":48,"turns":9},{"damage":6,"enemies":"Time Eater","floor":50,"turns":12}],"seed_played":"7622694210260279112","potions_obtained":[{"floor":5,"key":"AttackPotion"},{"floor":13,"key":"Dexterity Potion"},{"floor":25,"key":"Energy Potion"},{"floor":29,"key":"EssenceOfSteel"},{"floor":33,"key":"Regen Potion"},{"floor":35,"key":"AttackPotion"},{"floor":37,"key":"SmokeBomb"},{"floor":48,"key":"SmokeBomb"}],"is_trial":false,"path_per_floor":["M","?","M","?","M","E","R","M","T","R","?","R","?","M","R","B",null,"M","M","?","?","?","R","$","E","T","?","?","M","$","$","R","B",null,"M","T","M","$","?","M","$","R","T","?","E","M","$","M","R","B",null],"character_chosen":"DEFECT","items_purchased":["Capacitor"],"campfire_rested":6,"item_purchase_floors":[30],"current_hp_per_floor":[74,79,66,66,60,26,50,45,45,69,58,58,38,40,64,41,94,80,72,66,50,50,78,78,29,29,29,10,12,12,12,41,31,98,94,94,96,96,96,93,93,93,93,93,43,45,45,47,77,71],"gold":52,"neow_bonus":"REMOVE_TWO","is_prod":false,"is_daily":false,"chose_seed":false,"campfire_upgraded":2,"win_rate":0,"timestamp":1542631851,"path_taken":["M","?","M","?","?","E","R","M","T","R","?","R","?","M","R","BOSS","M","M","?","?","?","R","?","E","T","?","?","M","?","$","R","BOSS","M","?","M","?","?","M","?","R","T","?","E","M","?","M","R","BOSS"],"build_version":"2018-11-15","purchased_purges":5,"victory":true,"max_hp_per_floor":[75,80,80,80,80,80,80,80,80,80,80,80,80,82,82,84,94,94,94,94,94,94,94,94,94,94,94,96,98,98,98,98,98,98,100,100,102,102,97,99,99,99,99,99,99,101,101,103,103,103],"card_choices":[{"not_picked":["Beam Cell","Recycle","Gash"],"picked":"SKIP","floor":1},{"not_picked":["Turbo","Stack","Conserve Battery"],"picked":"SKIP","floor":3},{"not_picked":["Creative AI","Turbo"],"picked":"BootSequence","floor":5},{"not_picked":["Stack","Compile Driver"],"picked":"Defragment","floor":6},{"not_picked":["Force Field","Cold Snap"],"picked":"Defragment","floor":8},{"not_picked":["Static Discharge","Sweeping Beam"],"picked":"Cold Snap","floor":13},{"not_picked":["Steam","Leap","Turbo"],"picked":"Singing Bowl","floor":14},{"not_picked":["Multi-Cast","All For One","Rainbow"],"picked":"Singing Bowl","floor":16},{"not_picked":["Ball Lightning","Hologram","Beam Cell"],"picked":"Singing Bowl","floor":17},{"not_picked":["Gash","Sweeping Beam","Consume"],"picked":"Singing Bowl","floor":17},{"not_picked":["Leap","Force Field","Streamline"],"picked":"Singing Bowl","floor":17},{"not_picked":["Turbo","Auto Shields","Doom and Gloom"],"picked":"Singing Bowl","floor":17},{"not_picked":["Turbo","Gash","Hologram"],"picked":"Singing Bowl","floor":17},{"not_picked":["Barrage+1","Lockon"],"picked":"Chill","floor":18},{"not_picked":["Go for the Eyes+1","Fission"],"picked":"Capacitor+1","floor":19},{"not_picked":["Sweeping Beam","Ball Lightning"],"picked":"Glacier","floor":25},{"not_picked":["Streamline","Doom and Gloom","Static Discharge"],"picked":"Singing Bowl","floor":28},{"not_picked":["Steam+1","Barrage","White Noise+1"],"picked":"Singing Bowl","floor":29},{"not_picked":["Hyperbeam","Thunder Strike"],"picked":"Echo Form","floor":33},{"not_picked":["Darkness","Leap+1","Beam Cell"],"picked":"Singing Bowl","floor":35},{"not_picked":["Hologram+1","Blizzard+1","Consume"],"picked":"Singing Bowl","floor":37},{"not_picked":["Rebound","Gash","BootSequence+1"],"picked":"Singing Bowl","floor":40},{"not_picked":["Hello World","Static Discharge+1"],"picked":"FTL+1","floor":45},{"not_picked":["Rebound+1","Doom and Gloom","Turbo"],"picked":"Singing Bowl","floor":46},{"not_picked":["Melter+1","Streamline+1","Leap+1"],"picked":"Singing Bowl","floor":48}],"player_experience":377731,"relics_obtained":[{"floor":6,"key":"Sundial"},{"floor":9,"key":"Singing Bowl"},{"floor":21,"key":"Enchiridion"},{"floor":25,"key":"Bottled Lightning"},{"floor":26,"key":"Turnip"},{"floor":28,"key":"Red Mask"},{"floor":36,"key":"Kunai"},{"floor":43,"key":"Ancient Tea Set"},{"floor":45,"key":"Vajra"}],"event_choices":[{"damage_healed":0,"gold_gain":0,"player_choice":"Donut","damage_taken":0,"max_hp_gain":5,"max_hp_loss":0,"event_name":"Big Fish","floor":2,"gold_loss":0},{"damage_healed":0,"gold_gain":0,"player_choice":"Ignored","damage_taken":0,"max_hp_gain":0,"max_hp_loss":0,"event_name":"WeMeetAgain","floor":4,"gold_loss":0},{"damage_healed":0,"gold_gain":75,"player_choice":"Gather Gold","damage_taken":11,"max_hp_gain":0,"max_hp_loss":0,"event_name":"World of Goop","floor":11,"gold_loss":0},{"damage_healed":0,"gold_gain":30,"player_choice":"Searched \u00273\u0027 times","damage_taken":0,"relics_obtained":["Cables"],"max_hp_gain":0,"max_hp_loss":0,"event_name":"Dead Adventurer","floor":13,"gold_loss":0},{"damage_healed":0,"gold_gain":0,"player_choice":"Joined the Cult","damage_taken":6,"max_hp_gain":0,"max_hp_loss":0,"event_name":"Nest","floor":20,"gold_loss":0,"cards_obtained":["RitualDagger"]},{"damage_healed":0,"gold_gain":0,"player_choice":"Obtained Book","damage_taken":16,"max_hp_gain":0,"max_hp_loss":0,"event_name":"Cursed Tome","floor":21,"gold_loss":0},{"damage_healed":0,"gold_gain":0,"player_choice":"Ignored","damage_taken":0,"max_hp_gain":0,"max_hp_loss":0,"event_name":"Vampires","floor":22,"gold_loss":0},{"damage_healed":0,"gold_gain":0,"player_choice":"Ignored","damage_taken":0,"max_hp_gain":0,"max_hp_loss":0,"event_name":"Ghosts","floor":27,"gold_loss":0},{"damage_healed":0,"gold_gain":0,"player_choice":"Fought Bandits","damage_taken":0,"max_hp_gain":0,"max_hp_loss":0,"event_name":"Masked Bandits","floor":28,"gold_loss":0},{"damage_healed":0,"gold_gain":0,"player_choice":"Max HP","damage_taken":0,"max_hp_gain":0,"max_hp_loss":5,"event_name":"Winding Halls","floor":39,"gold_loss":0},{"cards_removed":["Strike_B"],"damage_healed":0,"gold_gain":0,"player_choice":"Removed Attack","damage_taken":0,"max_hp_gain":0,"max_hp_loss":0,"event_name":"Falling","floor":44,"gold_loss":0}],"is_beta":false,"boss_relics":[{"not_picked":["Coffee Dripper","Eternal Feather"],"picked":"Orrery"},{"not_picked":["Black Star","Fusion Hammer"],"picked":"FrozenCore"}],"items_purged_floors":[24,30,31,38,47],"is_endless":false,"potions_floor_spawned":[5,13,25,29,33,35,37,48],"ascension_level":2}