{"gold_per_floor":[218,107,282,292,292,292,303,321,345,361,371,381,89,59,59,59],"floor_reached":16,"playtime":1337,"items_purged":["Strike_G"],"score":94,"play_id":"9fba497f-59d5-4dd3-8bb0-25827f4edd2a","local_time":"20190203024633","is_ascension_mode":false,"campfire_choices":[{"data":"Footwork","floor":6,"key":"SMITH"},{"data":"Accuracy","floor":15,"key":"SMITH"}],"neow_cost":"NONE","seed_source_timestamp":1343657993544815,"circlet_count":0,"master_deck":["Defend_G","Defend_G","Defend_G","Defend_G","Defend_G","Strike_G","Strike_G","Strike_G","Strike_G","Survivor","Neutralize","Accuracy+1","Footwork+1","Parasite","Backflip","Blur","Caltrops","Blade Dance+1"],"relics":["Ring of the Snake","Potion Belt","Toxic Egg 2"],"potions_floor_usage":[10,10,16,16],"damage_taken":[{"damage":0,"enemies":"Cultist","floor":1,"turns":5},{"damage":0,"enemies":"2 Louse","floor":4,"turns":4},{"damage":0,"enemies":"Jaw Worm","floor":7,"turns":7},{"damage":0,"enemies":"Exordium Wildlife","floor":8,"turns":7},{"damage":21,"enemies":"Exordium Thugs","floor":10,"turns":12},{"damage":0,"enemies":"Blue Slaver","floor":11,"turns":7},{"damage":0,"enemies":"2 Fungi Beasts","floor":12,"turns":7},{"damage":2,"enemies":"Looter","floor":14,"turns":4},{"damage":47,"enemies":"Slime Boss","floor":16,"turns":19}],"seed_played":"-3556985903553406015","potions_obtained":[{"floor":1,"key":"GhostInAJar"},{"floor":4,"key":"GamblersBrew"},{"floor":8,"key":"Dexterity Potion"},{"floor":11,"key":"Strength Potion"}],"is_trial":false,"path_per_floor":["?","?","M"],"character_chosen":"THE_SILENT","items_purchased":["Footwork","Caltrops","Toxic Egg 2"],"campfire_rested":0,"item_purchase_floors":[2,13,13],"current_hp_per_floor":[70,70,70,70,70,70,70,70,70,49,49,49,49,47,47,0],"gold":59,"neow_bonus":"HUNDRED_GOLD","is_prod":false,"is_daily":false,"chose_seed":false,"campfire_upgraded":2,"win_rate":0,"timestamp":1549158393,"path_taken":["M","$","?","M","?","R","M","M","T","?","M","M","$","M","R","BOSS"],"build_version":"2019-01-23","purchased_purges":1,"victory":false,"max_hp_per_floor":[70,70,70,70,70,70,70,70,70,70,70,70,70,70,70,70],"card_choices":[{"not_picked":["Expertise","Reflex"],"picked":"Accuracy","floor":1},{"not_picked":["Crippling Poison","Eviscerate","Dagger Throw"],"picked":"SKIP","floor":4},{"not_picked":["Terror","Sucker Punch","Slice"],"picked":"SKIP","floor":7},{"not_picked":["Outmaneuver","Dash","Endless Agony"],"picked":"SKIP","floor":8},{"not_picked":["Flying Knee","Dodge and Roll"],"picked":"Backflip","floor":10},{"not_picked":["Slice","Deflect"],"picked":"Blur","floor":11},{"not_picked":["Deadly Poison","Finisher","Dagger Spray"],"picked":"SKIP","floor":12},{"not_picked":["Flechettes","Eviscerate"],"picked":"Blade Dance+1","floor":14}],"player_experience":94998,"relics_obtained":[{"floor":9,"key":"Potion Belt"}],"event_choices":[{"damage_healed":0,"gold_gain":175,"player_choice":"AGREE","damage_taken":0,"max_hp_gain":0,"max_hp_loss":0,"event_name":"Liars Game","floor":3,"gold_loss":0,"cards_obtained":["Doubt"]},{"damage_healed":0,"gold_gain":0,"cards_transformed":["Doubt"],"player_choice":"Transformed","damage_taken":0,"max_hp_gain":0,"max_hp_loss":0,"event_name":"Transmorgrifier","floor":5,"gold_loss":0,"cards_obtained":["Parasite"]}],"is_beta":false,"boss_relics":[],"items_purged_floors":[2],"is_endless":false,"potions_floor_spawned":[1,4,8,11],"killed_by":"Slime Boss","ascension_level":0}