{"gold_per_floor":[111,121,46,63,74,74,94,94,117,117,127,152,164,6,6,81,81,94,111,111,11,11,11,111,211,211,211,223,73,73,93,93,167,167,177,177,194,194,213,213,244,119,144,175,175,190,215,315,315,315],"floor_reached":51,"playtime":2709,"items_purged":["Strike_R","Strike_R+1","Bash"],"score":1362,"play_id":"d775a60a-d3b6-4b56-9096-28f53bf86db8","local_time":"20190225073057","is_ascension_mode":true,"campfire_choices":[{"data":"Twin Strike","floor":6,"key":"SMITH"},{"data":"Rampage","floor":8,"key":"SMITH"},{"data":"Burning Pact","floor":15,"key":"SMITH"},{"floor":23,"key":"REST"},{"floor":27,"key":"REST"},{"data":"Corruption","floor":32,"key":"SMITH"},{"floor":40,"key":"REST"},{"data":"1","floor":45,"key":"LIFT"},{"floor":49,"key":"REST"}],"neow_cost":"TEN_PERCENT_HP_LOSS","seed_source_timestamp":262383312347676,"circlet_count":0,"master_deck":["AscendersBane","Burning Pact+1","Twin Strike+1","Shrug It Off","Headbutt","Rampage+1","Seeing Red","Offering","Offering","Dropkick","Corruption+1","Dropkick","Whirlwind","Brutality","Shockwave","Flash of Steel","Master of Strategy"],"relics":["Burning Blood","Blood Vial","Red Skull","Sozu","Girya","Bottled Lightning","Paper Frog","Bag of Preparation","Pandora\u0027s Box","Dream Catcher","Juzu Bracelet","Potion Belt","Regal Pillow"],"potions_floor_usage":[5,7,50,50],"damage_taken":[{"damage":7,"enemies":"Small Slimes","floor":1,"turns":4},{"damage":16,"enemies":"Jaw Worm","floor":2,"turns":4},{"damage":12,"enemies":"2 Louse","floor":4,"turns":3},{"damage":0,"enemies":"Large Slime","floor":5,"turns":5},{"damage":5,"enemies":"Exordium Thugs","floor":7,"turns":4},{"damage":21,"enemies":"Lots of Slimes","floor":11,"turns":4},{"damage":18,"enemies":"Gremlin Nob","floor":12,"turns":4},{"damage":0,"enemies":"2 Fungi Beasts","floor":13,"turns":4},{"damage":48,"enemies":"Hexaghost","floor":16,"turns":5},{"damage":12,"enemies":"Spheric Guardian","floor":18,"turns":3},{"damage":22,"enemies":"Shell Parasite","floor":19,"turns":4},{"damage":12,"enemies":"Colosseum Slavers","floor":24,"turns":4},{"damage":18,"enemies":"Colosseum Nobs","floor":24,"turns":3},{"damage":12,"enemies":"3 Cultists","floor":28,"turns":4},{"damage":12,"enemies":"Shelled Parasite and Fungi","floor":31,"turns":2},{"damage":20,"enemies":"Champ","floor":33,"turns":5},{"damage":15,"enemies":"Orb Walker","floor":35,"turns":2},{"damage":12,"enemies":"3 Darklings","floor":37,"turns":2},{"damage":12,"enemies":"Writhing Mass","floor":39,"turns":1},{"damage":12,"enemies":"Nemesis","floor":41,"turns":1},{"damage":12,"enemies":"Giant Head","floor":44,"turns":1},{"damage":12,"enemies":"Jaw Worm Horde","floor":46,"turns":1},{"damage":6,"enemies":"Reptomancer","floor":47,"turns":1},{"damage":54,"enemies":"Time Eater","floor":50,"turns":3}],"seed_played":"-6116610141739548373","potions_obtained":[{"floor":1,"key":"Regen Potion"},{"floor":2,"key":"Energy Potion"},{"floor":7,"key":"LiquidBronze"},{"floor":16,"key":"Dexterity Potion"}],"is_trial":false,"path_per_floor":["M","M","$","M","M","R","M","R","T","?","M","E","M","$","R","B",null,"M","M","?","$","?","R","?","?","T","R","M","$","?","M","R","B",null,"M","$","M","?","M","R","E","$","T","E","R","M","E","?","R","B",null],"character_chosen":"IRONCLAD","items_purchased":["Offering","Bag of Preparation"],"campfire_rested":4,"item_purchase_floors":[14,29],"current_hp_per_floor":[71,61,61,55,72,72,72,72,72,72,57,47,55,55,55,15,58,54,40,40,40,40,61,47,47,47,68,64,64,64,60,60,48,66,59,59,55,45,41,62,58,58,58,54,54,50,52,52,72,24],"gold":315,"neow_bonus":"REMOVE_TWO","is_prod":false,"is_daily":false,"chose_seed":false,"campfire_upgraded":4,"win_rate":0,"timestamp":1551047457,"path_taken":["M","M","$","M","M","R","M","R","T","?","M","E","M","$","R","BOSS","M","M","?","$","?","R","?","?","T","R","?","$","?","M","R","BOSS","M","$","?","?","M","R","E","$","T","E","R","M","E","?","R","BOSS"],"build_version":"2019-01-23","purchased_purges":3,"victory":true,"max_hp_per_floor":[72,72,72,72,72,72,72,72,72,72,72,72,72,72,72,72,72,72,72,72,72,72,72,72,72,72,72,72,72,72,72,72,72,72,72,72,72,72,72,72,72,72,72,72,72,72,72,72,72,72],"card_choices":[{"not_picked":["Carnage","Combust"],"picked":"Burning Pact","floor":1},{"not_picked":["Combust","Body Slam"],"picked":"Twin Strike","floor":2},{"not_picked":["Body Slam","Entrench"],"picked":"Shrug It Off","floor":4},{"not_picked":["Feel No Pain","Pommel Strike"],"picked":"Headbutt","floor":5},{"not_picked":["Body Slam","Wild Strike"],"picked":"Rampage","floor":7},{"not_picked":["Perfected Strike","Body Slam","Clothesline"],"picked":"SKIP","floor":11},{"not_picked":["Hemokinesis","Barricade","Clothesline"],"picked":"SKIP","floor":12},{"not_picked":["Hemokinesis","Barricade","Clothesline"],"picked":"SKIP","floor":12},{"not_picked":["Reckless Charge","Twin Strike"],"picked":"Seeing Red","floor":13},{"not_picked":["Demon Form","Impervious"],"picked":"Offering","floor":16},{"not_picked":["Spot Weakness+1","Pommel Strike"],"picked":"Dropkick","floor":18},{"not_picked":["Wild Strike","Clothesline","Infernal Blade"],"picked":"SKIP","floor":19},{"not_picked":["Perfected Strike","Disarm","Headbutt"],"picked":"SKIP","floor":28},{"not_picked":["Fire Breathing+1","Clash"],"picked":"Corruption","floor":31},{"not_picked":["Anger+1","Iron Wave+1","Clash"],"picked":"SKIP","floor":35},{"not_picked":["Inflame+1","Anger"],"picked":"Shockwave","floor":37},{"not_picked":["Dramatic Entrance","Secret Weapon"],"picked":"Flash of Steel","floor":38},{"not_picked":["Purity","Secret Technique"],"picked":"Master of Strategy","floor":38},{"not_picked":["Pommel Strike+1","Twin Strike","Iron Wave+1"],"picked":"SKIP","floor":39},{"not_picked":["Body Slam","Combust","Second Wind"],"picked":"SKIP","floor":41},{"not_picked":["Body Slam","Combust","Second Wind"],"picked":"SKIP","floor":41},{"not_picked":["Power Through","Sentinel","Dark Embrace"],"picked":"SKIP","floor":44},{"not_picked":["Dropkick","Body Slam","Clash"],"picked":"SKIP","floor":46},{"not_picked":["Infernal Blade+1","Second Wind","Warcry"],"picked":"SKIP","floor":47}],"player_experience":97966,"relics_obtained":[{"floor":9,"key":"Blood Vial"},{"floor":12,"key":"Red Skull"},{"floor":24,"key":"Girya"},{"floor":24,"key":"Bottled Lightning"},{"floor":26,"key":"Paper Frog"},{"floor":41,"key":"Dream Catcher"},{"floor":43,"key":"Juzu Bracelet"},{"floor":44,"key":"Potion Belt"},{"floor":47,"key":"Regal Pillow"}],"event_choices":[{"cards_removed":["Strike_R"],"damage_healed":0,"gold_gain":0,"player_choice":"Forget","damage_taken":0,"max_hp_gain":0,"max_hp_loss":0,"event_name":"Living Wall","floor":10,"gold_loss":0},{"damage_healed":0,"gold_gain":0,"player_choice":"Simplicity","damage_taken":0,"max_hp_gain":0,"max_hp_loss":0,"event_name":"Back to Basics","floor":20,"gold_loss":0,"cards_upgraded":["Strike_R","Strike_R","Defend_R","Defend_R","Defend_R"]},{"damage_healed":0,"gold_gain":0,"player_choice":"Ignored","damage_taken":0,"max_hp_gain":0,"max_hp_loss":0,"event_name":"Cursed Tome","floor":22,"gold_loss":0},{"damage_healed":0,"gold_gain":0,"player_choice":"Fight","damage_taken":0,"max_hp_gain":0,"max_hp_loss":0,"event_name":"Colosseum","floor":24,"gold_loss":0},{"damage_healed":0,"gold_gain":0,"player_choice":"Fought Nobs","damage_taken":0,"max_hp_gain":0,"max_hp_loss":0,"event_name":"Colosseum","floor":24,"gold_loss":0},{"damage_healed":0,"gold_gain":100,"player_choice":"Pray","damage_taken":0,"max_hp_gain":0,"max_hp_loss":0,"event_name":"Golden Shrine","floor":25,"gold_loss":0},{"cards_removed":["Strike_R"],"damage_healed":0,"gold_gain":0,"player_choice":"Card Removal","damage_taken":0,"max_hp_gain":0,"max_hp_loss":0,"event_name":"Wheel of Change","floor":30,"gold_loss":0},{"damage_healed":0,"gold_gain":0,"player_choice":"Memory 3","damage_taken":10,"max_hp_gain":0,"max_hp_loss":0,"event_name":"SensoryStone","floor":38,"gold_loss":0},{"damage_healed":0,"gold_gain":100,"player_choice":"Pray","damage_taken":0,"max_hp_gain":0,"max_hp_loss":0,"event_name":"Golden Shrine","floor":48,"gold_loss":0}],"is_beta":false,"boss_relics":[{"not_picked":["Fusion Hammer","Busted Crown"],"picked":"Sozu"},{"not_picked":["Runic Cube","Velvet Choker"],"picked":"Pandora\u0027s Box"}],"items_purged_floors":[3,21,42],"is_endless":false,"potions_floor_spawned":[1,2,7,16,19,24,31,39,41],"ascension_level":13}