{"gold_per_floor":[118,118,45,62,73,73,105,122,145,145,5,16,16,27,27,27],"floor_reached":16,"playtime":1348,"items_purged":[],"score":102,"play_id":"0708ba46-34bd-42ab-a984-59665486200d","local_time":"20181217201147","is_ascension_mode":false,"campfire_choices":[{"data":"Armaments","floor":6,"key":"SMITH"},{"data":"Double Tap","floor":15,"key":"SMITH"}],"neow_cost":"NONE","seed_source_timestamp":4897211478826,"circlet_count":0,"master_deck":["Strike_R","Strike_R","Strike_R","Defend_R","Defend_R","Defend_R","Bash","Thunderclap","Armaments+1","Pommel Strike","True Grit","Spot Weakness","Shrug It Off","Iron Wave","Double Tap+1","Dropkick"],"relics":["Burning Blood","Red Skull","Oddly Smooth Stone","Boot"],"potions_floor_usage":[],"damage_taken":[{"damage":6,"enemies":"Small Slimes","floor":1,"turns":4},{"damage":5,"enemies":"Cultist","floor":4,"turns":4},{"damage":7,"enemies":"2 Louse","floor":5,"turns":2},{"damage":39,"enemies":"Lagavulin","floor":7,"turns":10},{"damage":35,"enemies":"Gremlin Gang","floor":8,"turns":4},{"damage":1,"enemies":"Looter","floor":12,"turns":2},{"damage":3,"enemies":"2 Fungi Beasts","floor":14,"turns":3},{"damage":26,"enemies":"The Guardian","floor":16,"turns":2}],"seed_played":"6539406378774031462","potions_obtained":[{"floor":1,"key":"Regen Potion"},{"floor":8,"key":"SteroidPotion"},{"floor":14,"key":"Fire Potion"}],"is_trial":false,"path_per_floor":["M","?","$","M","M","R","E","M","T","?","$","M","?","M","R","B"],"character_chosen":"IRONCLAD","items_purchased":["Armaments","Pommel Strike","Double Tap"],"campfire_rested":0,"item_purchase_floors":[3,3,11],"current_hp_per_floor":[80,80,80,80,79,79,46,17,17,17,17,22,22,25,25,0],"gold":27,"neow_bonus":"RANDOM_COMMON_RELIC","is_prod":false,"is_daily":false,"chose_seed":false,"campfire_upgraded":2,"win_rate":0.0,"timestamp":1545099107,"path_taken":["M","?","?","M","M","R","E","M","T","?","$","M","?","M","R","BOSS"],"build_version":"2018-12-13","purchased_purges":0,"victory":false,"max_hp_per_floor":[80,80,80,80,80,80,80,80,80,80,80,80,80,80,80,80],"card_choices":[{"not_picked":["Feel No Pain","Iron Wave"],"picked":"Thunderclap","floor":1},{"not_picked":["Sword Boomerang","Heavy Blade"],"picked":"True Grit","floor":4},{"not_picked":["True Grit","Seeing Red"],"picked":"Spot Weakness","floor":5},{"not_picked":["Sword Boomerang","Barricade"],"picked":"Shrug It Off","floor":7},{"not_picked":["Warcry","Fire Breathing"],"picked":"Iron Wave","floor":8},{"not_picked":["Pommel Strike","Shrug It Off"],"picked":"Dropkick","floor":12},{"not_picked":["Fire Breathing","Armaments","Burning Pact"],"picked":"SKIP","floor":14}],"player_experience":62518,"relics_obtained":[{"floor":7,"key":"Oddly Smooth Stone"},{"floor":9,"key":"Boot"}],"event_choices":[{"cards_removed":["Strike_R"],"damage_healed":0,"gold_gain":0,"player_choice":"Offered Basic","damage_taken":0,"max_hp_gain":0,"max_hp_loss":0,"event_name":"Bonfire Elementals","floor":2,"gold_loss":0},{"cards_removed":["Strike_R"],"damage_healed":0,"gold_gain":0,"player_choice":"Forget","damage_taken":0,"max_hp_gain":0,"max_hp_loss":0,"event_name":"Living Wall","floor":10,"gold_loss":0},{"cards_removed":["Defend_R"],"damage_healed":0,"gold_gain":0,"player_choice":"Purged","damage_taken":0,"max_hp_gain":0,"max_hp_loss":0,"event_name":"Purifier","floor":13,"gold_loss":0}],"is_beta":false,"boss_relics":[],"items_purged_floors":[],"is_endless":false,"potions_floor_spawned":[1,8,14],"killed_by":"The Guardian","ascension_level":0}