{"gold_per_floor":[112,187,112,112,130,130,155,174,174,174,174,192,192,92,92,191,191,207,82,95,95,194,194],"floor_reached":23,"playtime":923,"items_purged":["Dualcast","Strike_B","Defend_B"],"score":215,"play_id":"9d0ae802-7bc9-496b-9571-3a7f8b3a4bcf","local_time":"20181221141457","is_ascension_mode":true,"campfire_choices":[{"floor":6.0,"key":"RECALL"},{"floor":10,"key":"REST"},{"floor":13,"key":"REST"},{"floor":15,"key":"REST"}],"neow_cost":"NONE","seed_source_timestamp":0,"circlet_count":0,"master_deck":["Strike_B","Strike_B","Strike_B","Defend_B","Defend_B","Defend_B","Zap","Sunder","Streamline"],"special_seed":0,"relics":["Cracked Core","Bronze Scales","Bag of Marbles","Bottled Lightning","Vajra","Fusion Hammer"],"potions_floor_usage":[23],"damage_taken":[{"damage":6.0,"enemies":"Cultist","floor":1.0,"turns":3.0},{"damage":0.0,"enemies":"Small Slimes","floor":5.0,"turns":3.0},{"damage":40.0,"enemies":"Gremlin Nob","floor":7.0,"turns":5.0},{"damage":9,"enemies":"Jaw Worm","floor":8,"turns":4},{"damage":8,"enemies":"Blue Slaver","floor":12,"turns":3},{"damage":38,"enemies":"The Guardian","floor":16,"turns":13},{"damage":17,"enemies":"Chosen","floor":18,"turns":4},{"damage":24,"enemies":"Shell Parasite","floor":20,"turns":5},{"damage":46,"enemies":"Slavers","floor":23,"turns":3}],"seed_played":"-4774918531584556853","potions_obtained":[{"floor":1.0,"key":"Block Potion"}],"is_trial":false,"path_per_floor":["M","?","$","T","M","R","E","M","T","R","?","M","R","$","R","B",null,"M","$","M","$","?","E"],"character_chosen":"DEFECT","items_purchased":[],"campfire_rested":3,"item_purchase_floors":[],"current_hp_per_floor":[69,62,62,62,62,62,22,13,13,35,23,15,37,37,59,21,75,58,58,34,34,34,0],"gold":194,"neow_bonus":"RANDOM_COMMON_RELIC","is_prod":false,"is_daily":false,"chose_seed":false,"campfire_upgraded":0,"win_rate":0,"timestamp":1545423297,"path_taken":["M","?","$","?","M","R","E","?","T","R","?","M","R","$","R","BOSS","M","$","M","$","?","E"],"build_version":"2018-12-20","purchased_purges":3,"victory":false,"max_hp_per_floor":[75,75,75,75,75,75,75,75,75,75,75,75,75,75,75,75,75,75,75,75,75,75,75],"card_choices":[{"not_picked":["Genetic Algorithm","Sweeping Beam","Turbo"],"picked":"SKIP","floor":1.0},{"not_picked":["Go for the Eyes","Streamline","Gash"],"picked":"SKIP","floor":5.0},{"not_picked":["Rebound","Hologram","Redo"],"picked":"SKIP","floor":7.0},{"not_picked":["Melter","Recycle"],"picked":"Sunder","floor":8},{"not_picked":["Static Discharge","Chaos","Hologram"],"picked":"SKIP","floor":12},{"not_picked":["Sweeping Beam+1","Barrage","Redo"],"picked":"SKIP","floor":18},{"not_picked":["Turbo","Hologram"],"picked":"Streamline","floor":20}],"player_experience":815668,"relics_obtained":[{"floor":7.0,"key":"Bag of Marbles"},{"floor":9,"key":"Bottled Lightning"}],"event_choices":[{"damage_healed":0.0,"max_hp_gain":0.0,"max_hp_loss":0.0,"gold_gain":75.0,"event_name":"FaceTrader","player_choice":"Touch","floor":2.0,"gold_loss":0.0,"damage_taken":7.0},{"damage_healed":0,"gold_gain":0,"player_choice":"Success","damage_taken":12,"relics_obtained":["Vajra"],"max_hp_gain":0,"max_hp_loss":0,"event_name":"Scrap Ooze","floor":11,"gold_loss":0},{"damage_healed":0,"gold_gain":99,"player_choice":"Stole From Cult","damage_taken":0,"max_hp_gain":0,"max_hp_loss":0,"event_name":"Nest","floor":22,"gold_loss":0}],"is_beta":false,"boss_relics":[{"not_picked":["Velvet Choker","Coffee Dripper"],"picked":"Fusion Hammer"}],"items_purged_floors":[3,14,19],"is_endless":false,"potions_floor_spawned":[1],"killed_by":"Slavers","ascension_level":3}