{"gold_per_floor":[16,91,2,20,95,128,128,148,148,172,172,185,185,229,229,229],"floor_reached":16,"playtime":1000,"items_purged":[],"score":110,"play_id":"c53a7e03-a4cb-4849-8d8a-7bc561df0777","local_time":"20180925101106","is_ascension_mode":false,"campfire_choices":[{"floor":11,"key":"REST"},{"floor":13,"key":"REST"},{"data":"Shockwave","floor":15,"key":"SMITH"}],"neow_cost":"NO_GOLD","seed_source_timestamp":613751103834410,"circlet_count":0,"master_deck":["Strike_R","Strike_R","Strike_R","Strike_R","Strike_R","Defend_R","Defend_R","Bash","Reckless Charge","Bloodletting","Dropkick","Shrug It Off","Inflame","Pommel Strike","Corruption","True Grit","Inflame+1","Shrug It Off","Shockwave+1"],"relics":["Burning Blood","Bottled Flame","Golden Idol","Frozen Egg 2","Juzu Bracelet"],"potions_floor_usage":[10,16,16],"damage_taken":[{"damage":11,"enemies":"Jaw Worm","floor":1,"turns":3},{"damage":1,"enemies":"Cultist","floor":4,"turns":3},{"damage":34,"enemies":"Lagavulin","floor":6,"turns":5},{"damage":5,"enemies":"2 Louse","floor":8,"turns":2},{"damage":9,"enemies":"Exordium Thugs","floor":10,"turns":4},{"damage":16,"enemies":"Large Slime","floor":12,"turns":3},{"damage":21,"enemies":"3 Sentries","floor":14,"turns":10},{"damage":34,"enemies":"The Guardian","floor":16,"turns":7}],"seed_played":"2471722076137591935","potions_obtained":[{"floor":6,"key":"Weak Potion"},{"floor":10,"key":"Energy Potion"},{"floor":12,"key":"SpeedPotion"}],"is_trial":false,"path_per_floor":["M","?","$","M","?","E","?","M","T","M","R","M","R","E","R"],"character_chosen":"IRONCLAD","items_purchased":["Shrug It Off","Inflame"],"campfire_rested":2,"item_purchase_floors":[3,3],"current_hp_per_floor":[75,67,67,72,61,33,13,14,14,11,35,25,49,34,34,0],"gold":229,"neow_bonus":"TRANSFORM_TWO_CARDS","is_prod":false,"is_daily":false,"chose_seed":false,"campfire_upgraded":1,"win_rate":0.0,"timestamp":1537845066,"path_taken":["M","?","?","M","?","E","?","M","T","M","R","M","R","E","R","BOSS"],"build_version":"2018-09-20","purchased_purges":0,"victory":false,"max_hp_per_floor":[80,80,80,80,80,80,80,80,80,80,80,80,80,80,80,80],"card_choices":[{"not_picked":["Cleave","Armaments"],"picked":"Dropkick","floor":1},{"not_picked":["Inflame","True Grit"],"picked":"Pommel Strike","floor":4},{"not_picked":["Seeing Red","Iron Wave"],"picked":"Corruption","floor":6},{"not_picked":["Anger","Dual Wield"],"picked":"True Grit","floor":8},{"not_picked":["Dual Wield","Twin Strike"],"picked":"Inflame+1","floor":10},{"not_picked":["Bloodletting","Twin Strike"],"picked":"Shrug It Off","floor":12},{"not_picked":["Ghostly Armor","Intimidate"],"picked":"Shockwave","floor":14}],"player_experience":129978,"relics_obtained":[{"floor":6,"key":"Bottled Flame"},{"floor":9,"key":"Frozen Egg 2"},{"floor":14,"key":"Juzu Bracelet"}],"event_choices":[{"event_name":"FaceTrader","player_choice":"Touch","floor":2,"damage_taken":0},{"event_name":"World of Goop","player_choice":"Gather Gold","floor":5,"damage_taken":0},{"event_name":"Golden Idol","player_choice":"Take Damage","floor":7,"damage_taken":0}],"is_beta":false,"boss_relics":[],"items_purged_floors":[],"is_endless":false,"potions_floor_spawned":[6,10,12],"killed_by":"The Guardian","ascension_level":0}