{"gold_per_floor":[113,113,127,52,71,98,98,98,172,183,29,62,80,80,80,176,176,192,192,92,106,124,124,144,144,167,167,167,183,183,202,202,304,304,317,36,63,80,80,112,112,112,135,160,160,160,179,197,197,197],"floor_reached":51,"playtime":4049,"items_purged":["Strike_G","Strike_G"],"score":725,"play_id":"1d16e6b9-7be7-4598-ba01-83a0e8a15caa","local_time":"20181019213843","is_ascension_mode":true,"campfire_choices":[{"data":"Noxious Fumes","floor":7,"key":"SMITH"},{"floor":15,"key":"REST"},{"data":"Catalyst","floor":23,"key":"SMITH"},{"data":"Deadly Poison","floor":25,"key":"SMITH"},{"data":"Bane","floor":27,"key":"SMITH"},{"data":"Backflip","floor":30,"key":"SMITH"},{"data":"Poisoned Stab","floor":32,"key":"SMITH"},{"floor":41,"key":"REST"},{"floor":46,"key":"REST"},{"floor":49,"key":"REST"}],"neow_cost":"TEN_PERCENT_HP_LOSS","seed_source_timestamp":838823709022568,"circlet_count":0,"master_deck":["Defend_G","Defend_G","Defend_G+1","Defend_G","Defend_G","Strike_G","Strike_G","Survivor","Neutralize","Backflip+1","Poisoned Stab+1","Noxious Fumes+1","PiercingWail","Footwork+1","Catalyst+1","Bane+1","After Image+1","Deadly Poison+1","Backflip+1","Well Laid Plans+1","Noxious Fumes+1","Madness","Madness","Crippling Poison","Bane","Deadly Poison+1"],"relics":["Ring of the Snake","Thread and Needle","War Paint","Frozen Egg 2","The Specimen","Eternal Feather","Vajra","Busted Crown","TwistedFunnel","Pen Nib","Matryoshka","Smiling Mask","Centennial Puzzle","Incense Burner"],"potions_floor_usage":[16,33,33,50],"damage_taken":[{"damage":0,"enemies":"Jaw Worm","floor":1,"turns":4},{"damage":0,"enemies":"Small Slimes","floor":3,"turns":3},{"damage":0,"enemies":"2 Louse","floor":5,"turns":3},{"damage":2,"enemies":"3 Sentries","floor":6,"turns":7},{"damage":7,"enemies":"Gremlin Gang","floor":10,"turns":5},{"damage":32,"enemies":"Gremlin Nob","floor":12,"turns":6},{"damage":0,"enemies":"Blue Slaver","floor":13,"turns":4},{"damage":19,"enemies":"Slime Boss","floor":16,"turns":13},{"damage":0,"enemies":"Chosen","floor":18,"turns":6},{"damage":6,"enemies":"3 Byrds","floor":21,"turns":4},{"damage":7,"enemies":"Snecko","floor":22,"turns":8},{"damage":10,"enemies":"Chosen and Byrds","floor":24,"turns":7},{"damage":13,"enemies":"Colosseum Slavers","floor":28,"turns":4},{"damage":7,"enemies":"Snake Plant","floor":29,"turns":4},{"damage":3,"enemies":"Centurion and Healer","floor":31,"turns":5},{"damage":13,"enemies":"Automaton","floor":33,"turns":10},{"damage":2,"enemies":"Orb Walker","floor":35,"turns":5},{"damage":9,"enemies":"3 Shapes","floor":38,"turns":4},{"damage":25,"enemies":"Giant Head","floor":40,"turns":8},{"damage":54,"enemies":"Reptomancer","floor":44,"turns":4},{"damage":5,"enemies":"Transient","floor":47,"turns":5},{"damage":6,"enemies":"4 Shapes","floor":48,"turns":3},{"damage":26,"enemies":"Donu and Deca","floor":50,"turns":7}],"seed_played":"8405066534162579336","potions_obtained":[{"floor":3,"key":"SpeedPotion"},{"floor":10,"key":"SkillPotion"},{"floor":12,"key":"SkillPotion"},{"floor":18,"key":"Explosive Potion"},{"floor":24,"key":"FairyPotion"},{"floor":33,"key":"Swift Potion"},{"floor":40,"key":"Ancient Potion"}],"is_trial":false,"path_per_floor":["M","?","M","$","M","E","R","?","T","M","$","E","M","?","R","B",null,"M","?","$","M","M","R","M","R","T","R","?","M","R","M","R","B",null,"M","$","T","M","$","E","R","?","T","E","?","R","M","M","R","B"],"character_chosen":"THE_SILENT","items_purchased":["Noxious Fumes","Footwork+1","Noxious Fumes+1","TwistedFunnel"],"campfire_rested":4,"item_purchase_floors":[4,11,36,36],"current_hp_per_floor":[63,63,63,63,63,61,61,66,66,59,59,27,27,20,40,21,68,68,68,68,62,55,64,54,63,63,68,55,48,57,54,63,50,68,66,66,66,57,57,32,64,55,55,1,1,33,28,22,57,31],"gold":197,"neow_bonus":"ONE_RARE_RELIC","is_prod":false,"is_daily":false,"chose_seed":false,"campfire_upgraded":6,"win_rate":0,"timestamp":1540010323,"path_taken":["M","?","M","$","M","E","R","?","T","M","$","E","M","?","R","BOSS","M","?","$","M","M","R","M","R","T","R","?","M","R","?","R","BOSS","M","$","?","M","?","E","R","?","T","E","?","R","?","M","R","BOSS"],"build_version":"2018-10-18","purchased_purges":2,"victory":true,"max_hp_per_floor":[63,63,63,63,63,63,63,68,68,68,68,68,68,68,68,68,68,68,68,68,68,68,68,68,68,68,68,68,68,68,68,68,68,68,68,68,68,68,68,68,68,68,68,68,68,68,68,68,68,68],"card_choices":[{"not_picked":["Finisher","Acrobatics"],"picked":"Backflip","floor":1},{"not_picked":["Outmaneuver","Dagger Spray"],"picked":"Poisoned Stab","floor":3},{"not_picked":["Blade Dance","Underhanded Strike"],"picked":"PiercingWail","floor":5},{"not_picked":["Slice","Skewer","Underhanded Strike"],"picked":"SKIP","floor":6},{"not_picked":["Heel Hook","Acrobatics","Leg Sweep"],"picked":"SKIP","floor":10},{"not_picked":["Heel Hook","Acrobatics","Leg Sweep"],"picked":"SKIP","floor":10},{"not_picked":["Heel Hook","Acrobatics","Leg Sweep"],"picked":"SKIP","floor":10},{"not_picked":["Masterful Stab","Bane"],"picked":"Catalyst","floor":12},{"not_picked":["Unload","Prepared"],"picked":"Bane","floor":13},{"not_picked":["Malaise","Unload"],"picked":"After Image+1","floor":16},{"not_picked":["Dodge and Roll","Outmaneuver","Underhanded Strike"],"picked":"SKIP","floor":18},{"not_picked":["Underhanded Strike","Dagger Spray+1","Endless Agony"],"picked":"SKIP","floor":21},{"not_picked":["Expertise","Dodge and Roll","Dash"],"picked":"SKIP","floor":22},{"not_picked":["Quick Slash+1","Dash"],"picked":"Deadly Poison","floor":24},{"not_picked":["Deadly Poison","Poisoned Stab+1"],"picked":"Backflip","floor":29},{"not_picked":["Dagger Spray","Terror","Outmaneuver"],"picked":"SKIP","floor":31},{"not_picked":[],"picked":"Well Laid Plans+1","floor":35},{"not_picked":["Endless Agony+1"],"picked":"SKIP","floor":38},{"not_picked":["Dagger Throw"],"picked":"SKIP","floor":40},{"not_picked":[],"picked":"Crippling Poison","floor":44},{"not_picked":[],"picked":"Bane","floor":47},{"not_picked":[],"picked":"Deadly Poison+1","floor":48}],"player_experience":57823,"relics_obtained":[{"floor":6,"key":"War Paint"},{"floor":9,"key":"Frozen Egg 2"},{"floor":12,"key":"The Specimen"},{"floor":26,"key":"Vajra"},{"floor":37,"key":"Pen Nib"},{"floor":40,"key":"Matryoshka"},{"floor":43,"key":"Smiling Mask"},{"floor":43,"key":"Centennial Puzzle"},{"floor":44,"key":"Incense Burner"}],"event_choices":[{"damage_healed":0,"gold_gain":0,"player_choice":"Ignored","damage_taken":0,"max_hp_gain":0,"max_hp_loss":0,"event_name":"Liars Game","floor":2,"gold_loss":0},{"damage_healed":0,"gold_gain":0,"player_choice":"Donut","damage_taken":0,"max_hp_gain":5,"max_hp_loss":0,"event_name":"Big Fish","floor":8,"gold_loss":0},{"cards_removed":["Strike_G"],"damage_healed":0,"gold_gain":0,"player_choice":"Card Removal","damage_taken":7,"max_hp_gain":0,"max_hp_loss":0,"event_name":"Golden Wing","floor":14,"gold_loss":0},{"damage_healed":0,"gold_gain":0,"player_choice":"Ignored","damage_taken":0,"max_hp_gain":0,"max_hp_loss":0,"event_name":"Cursed Tome","floor":19,"gold_loss":0},{"damage_healed":0,"gold_gain":0,"player_choice":"Fight","damage_taken":0,"max_hp_gain":0,"max_hp_loss":0,"event_name":"Colosseum","floor":28,"gold_loss":0},{"damage_healed":0,"gold_gain":0,"player_choice":"Fled From Nobs","damage_taken":0,"max_hp_gain":0,"max_hp_loss":0,"event_name":"Colosseum","floor":28,"gold_loss":0},{"damage_healed":0,"gold_gain":0,"player_choice":"Embrace Madness","damage_taken":9,"max_hp_gain":0,"max_hp_loss":0,"event_name":"Winding Halls","floor":42,"gold_loss":0,"cards_obtained":["Madness","Madness"]},{"damage_healed":0,"gold_gain":0,"player_choice":"Bought 0 Potions","damage_taken":0,"max_hp_gain":0,"max_hp_loss":0,"event_name":"The Woman in Blue","floor":45,"gold_loss":0}],"is_beta":false,"boss_relics":[{"not_picked":["Runic Dome","Velvet Choker"],"picked":"Eternal Feather"},{"not_picked":["Calling Bell","Empty Cage"],"picked":"Busted Crown"}],"items_purged_floors":[11,20],"is_endless":false,"potions_floor_spawned":[3,10,12,18,24,33,40,44,47],"ascension_level":1}