{"gold_per_floor":[111,36,56,56,66,92,112,140,164,164,164,164,175,195,195,195],"floor_reached":16,"playtime":1098,"items_purged":["Strike_R"],"score":118,"play_id":"2a544cb1-9d33-4a0a-a964-5e7ce7e90bc8","local_time":"20181110001617","is_ascension_mode":true,"campfire_choices":[{"floor":10,"key":"REST"},{"data":"Metallicize","floor":12,"key":"SMITH"},{"floor":15,"key":"REST"}],"neow_cost":"NONE","seed_source_timestamp":2681029781060283,"circlet_count":0,"master_deck":["Strike_R","Strike_R","Strike_R","Defend_R","Defend_R","Defend_R","Defend_R","Bash","Metallicize+1","Uppercut"],"relics":["Burning Blood","Self Forming Clay","Potion Belt","Pen Nib","Regal Pillow"],"potions_floor_usage":[16,16],"damage_taken":[{"damage":4,"enemies":"Cultist","floor":1,"turns":6},{"damage":0,"enemies":"Small Slimes","floor":3,"turns":3},{"damage":1,"enemies":"Jaw Worm","floor":5,"turns":6},{"damage":51,"enemies":"Lagavulin","floor":6,"turns":6},{"damage":13,"enemies":"Gremlin Gang","floor":7,"turns":6},{"damage":34,"enemies":"3 Sentries","floor":8,"turns":14},{"damage":14,"enemies":"Lots of Slimes","floor":13,"turns":8},{"damage":9,"enemies":"Large Slime","floor":14,"turns":11},{"damage":93,"enemies":"Hexaghost","floor":16,"turns":18}],"seed_played":"-5520105462127998769","potions_obtained":[{"floor":3,"key":"LiquidBronze"},{"floor":5,"key":"FairyPotion"},{"floor":6,"key":"SpeedPotion"},{"floor":8,"key":"Weak Potion"}],"is_trial":false,"path_per_floor":["M","$","M","?","M","E","M","E","T","R","?","R","M","M","R","B"],"character_chosen":"IRONCLAD","items_purchased":[],"campfire_rested":2,"item_purchase_floors":[],"current_hp_per_floor":[88,88,88,88,88,43,36,8,8,49,49,49,41,38,79,0],"gold":195,"neow_bonus":"TEN_PERCENT_HP_BONUS","is_prod":false,"is_daily":false,"chose_seed":false,"campfire_upgraded":1,"win_rate":0,"timestamp":1541830577,"path_taken":["M","?","M","?","M","E","?","E","T","R","?","R","?","M","R","BOSS"],"build_version":"2018-11-08","purchased_purges":1,"victory":false,"max_hp_per_floor":[88,88,88,88,88,88,88,88,88,88,88,88,88,88,88,88],"card_choices":[{"not_picked":["Pommel Strike","Havoc","Body Slam"],"picked":"SKIP","floor":1},{"not_picked":["Havoc","Entrench","Armaments"],"picked":"SKIP","floor":3},{"not_picked":["Body Slam","Anger","Entrench"],"picked":"SKIP","floor":5},{"not_picked":["Havoc","Pummel","Rage"],"picked":"SKIP","floor":6},{"not_picked":["Infernal Blade","Intimidate"],"picked":"Metallicize","floor":7},{"not_picked":["Limit Break","Twin Strike","Searing Blow"],"picked":"SKIP","floor":8},{"not_picked":["Spot Weakness","Iron Wave","Power Through"],"picked":"SKIP","floor":13},{"not_picked":["Hemokinesis","Infernal Blade"],"picked":"Uppercut","floor":14}],"player_experience":54476,"relics_obtained":[{"floor":6,"key":"Potion Belt"},{"floor":8,"key":"Pen Nib"},{"floor":9,"key":"Regal Pillow"}],"event_choices":[{"damage_healed":0,"gold_gain":0,"player_choice":"Gave Potion","damage_taken":0,"relics_obtained":["Self Forming Clay"],"max_hp_gain":0,"max_hp_loss":0,"event_name":"WeMeetAgain","floor":4,"gold_loss":0},{"cards_removed":["Strike_R"],"damage_healed":0,"gold_gain":0,"player_choice":"Purged","damage_taken":0,"max_hp_gain":0,"max_hp_loss":0,"event_name":"Purifier","floor":11,"gold_loss":0}],"is_beta":false,"boss_relics":[],"items_purged_floors":[2],"is_endless":false,"potions_floor_spawned":[3,5,6,8],"killed_by":"Hexaghost","ascension_level":1}