{"gold_per_floor":[363,374,15,15,15,44,44,44,67,83,115,115,115,135,135,211,211,131,149,199,219,249,249,283,283,283,299,299,299],"floor_reached":29,"playtime":1385,"items_purged":["Decay"],"score":486,"play_id":"a064d574-1488-425f-bbd7-083aaa0cf6ae","local_time":"20181221090024","is_ascension_mode":true,"campfire_choices":[{"floor":8.0,"key":"REST"},{"data":"Zap","floor":15.0,"key":"SMITH"},{"floor":23.0,"key":"REST"},{"floor":28.0,"key":"REST"}],"neow_cost":"CURSE","seed_source_timestamp":0,"circlet_count":0,"master_deck":["AscendersBane","Strike_B","Strike_B","Strike_B","Defend_B","Defend_B","Defend_B","Defend_B","Zap+1","Dualcast","Genetic Algorithm+1","Static Discharge+1","Conserve Battery","Static Discharge+1","Parasite","Glacier+1","Echo Form+1","Echo Form+1","Cold Snap","Undo+1"],"special_seed":0,"relics":["Cracked Core","Frozen Egg 2","Anchor","Smiling Mask","Pantograph","Mummified Hand","Snecko Eye","Red Mask","Darkstone Periapt","Dodecahedron"],"potions_floor_usage":[29,29],"damage_taken":[{"damage":9.0,"enemies":"Small Slimes","floor":1.0,"turns":4.0},{"damage":0.0,"enemies":"2 Louse","floor":2.0,"turns":4.0},{"damage":44.0,"enemies":"Gremlin Nob","floor":6.0,"turns":4.0},{"damage":1.0,"enemies":"Cultist","floor":10.0,"turns":3.0},{"damage":26.0,"enemies":"3 Sentries","floor":11.0,"turns":7.0},{"damage":0.0,"enemies":"2 Fungi Beasts","floor":14.0,"turns":4.0},{"damage":41.0,"enemies":"Slime Boss","floor":16.0,"turns":9.0},{"damage":17.0,"enemies":"2 Thieves","floor":18.0,"turns":4.0},{"damage":3.0,"enemies":"3 Byrds","floor":19.0,"turns":5.0},{"damage":5.0,"enemies":"Snecko","floor":21.0,"turns":5.0},{"damage":16.0,"enemies":"Masked Bandits","floor":22.0,"turns":2.0},{"damage":19.0,"enemies":"Book of Stabbing","floor":24.0,"turns":5.0},{"damage":4.0,"enemies":"Sentry and Sphere","floor":27.0,"turns":10.0},{"damage":36,"enemies":"Gremlin Leader","floor":29,"turns":12}],"seed_played":"6229407943958622208","potions_obtained":[{"floor":2.0,"key":"Fire Potion"},{"floor":6.0,"key":"Energy Potion"},{"floor":14.0,"key":"SpeedPotion"},{"floor":24.0,"key":"Explosive Potion"},{"floor":27.0,"key":"LiquidBronze"}],"is_trial":false,"path_per_floor":["M","M","$","?","?","E","$","R","T","M","E","?","T","M","R","B",null,"M","M","?","M","?","R","E","?","T","M","R","E"],"character_chosen":"DEFECT","items_purchased":["Frozen Egg 2"],"campfire_rested":3,"item_purchase_floors":[3],"current_hp_per_floor":[55,55,55,55,55,11,11,32,32,31,5,22,22,22,22,6,55,38,35,35,30,14,35,16,16,16,12,33,0],"gold":299,"neow_bonus":"TWO_FIFTY_GOLD","is_prod":false,"is_daily":false,"chose_seed":false,"campfire_upgraded":1,"win_rate":0,"timestamp":1545379224,"path_taken":["M","M","$","?","?","E","$","R","T","?","E","?","?","M","R","BOSS","M","?","?","M","?","R","E","?","T","M","R","E"],"build_version":"2018-12-20","purchased_purges":1,"victory":false,"max_hp_per_floor":[71,71,71,71,71,71,71,71,71,71,71,71,71,71,71,71,71,71,71,71,71,71,71,71,71,71,71,71,71],"card_choices":[{"not_picked":["Stack","Tempest"],"picked":"Genetic Algorithm","floor":1.0},{"not_picked":["Streamline","Aggregate","Redo"],"picked":"SKIP","floor":2.0},{"not_picked":["Doom and Gloom","Genetic Algorithm"],"picked":"Static Discharge+1","floor":6.0},{"not_picked":["Stack","Force Field"],"picked":"Conserve Battery","floor":10.0},{"not_picked":["Cold Snap","Redo"],"picked":"Static Discharge+1","floor":11.0},{"not_picked":["Streamline","Conserve Battery"],"picked":"Glacier","floor":14.0},{"not_picked":["Biased Cognition+1","Meteor Strike"],"picked":"Echo Form+1","floor":16.0},{"not_picked":["Steam","Darkness","Leap"],"picked":"SKIP","floor":18.0},{"not_picked":["Redo","Gash","Stack"],"picked":"SKIP","floor":19.0},{"not_picked":["Go for the Eyes","White Noise"],"picked":"Echo Form+1","floor":21.0},{"not_picked":["Scrape","Turbo"],"picked":"Cold Snap","floor":22.0},{"not_picked":["FTL","Redo","Rebound"],"picked":"SKIP","floor":24.0},{"not_picked":["Force Field","Sweeping Beam"],"picked":"Undo+1","floor":27.0}],"player_experience":849396,"relics_obtained":[{"floor":6.0,"key":"Anchor"},{"floor":9.0,"key":"Smiling Mask"},{"floor":11.0,"key":"Pantograph"},{"floor":13.0,"key":"Mummified Hand"},{"floor":22.0,"key":"Red Mask"},{"floor":24.0,"key":"Darkstone Periapt"},{"floor":26.0,"key":"Dodecahedron"}],"event_choices":[{"damage_healed":0.0,"max_hp_gain":0.0,"max_hp_loss":0.0,"gold_gain":0.0,"event_name":"Living Wall","player_choice":"Grow","floor":4.0,"gold_loss":0.0,"damage_taken":0.0,"cards_upgraded":["Genetic Algorithm"]},{"cards_removed":["Strike_B"],"damage_healed":0.0,"max_hp_gain":0.0,"max_hp_loss":0.0,"gold_gain":0.0,"event_name":"Bonfire Elementals","player_choice":"Offered Basic","floor":5.0,"gold_loss":0.0,"damage_taken":0.0},{"damage_healed":17.0,"max_hp_gain":0.0,"max_hp_loss":0.0,"gold_gain":0.0,"event_name":"Mushrooms","player_choice":"Healed and dodged fight","floor":12.0,"gold_loss":0.0,"damage_taken":0.0,"cards_obtained":["Parasite"]},{"damage_healed":0.0,"max_hp_gain":0.0,"max_hp_loss":0.0,"gold_gain":50.0,"event_name":"Nest","player_choice":"Stole From Cult","floor":20.0,"gold_loss":0.0,"damage_taken":0.0},{"damage_healed":0.0,"max_hp_gain":0.0,"max_hp_loss":0.0,"gold_gain":0.0,"event_name":"Masked Bandits","player_choice":"Fought Bandits","floor":22.0,"gold_loss":0.0,"damage_taken":0.0},{"damage_healed":0.0,"max_hp_gain":0.0,"max_hp_loss":0.0,"gold_gain":0.0,"event_name":"Upgrade Shrine","player_choice":"Upgraded","floor":25.0,"gold_loss":0.0,"damage_taken":0.0,"cards_upgraded":["Glacier"]}],"is_beta":true,"boss_relics":[{"not_picked":["Fusion Hammer","Inserter"],"picked":"Snecko Eye"}],"items_purged_floors":[3],"is_endless":false,"potions_floor_spawned":[2,6,14,19,24,27],"killed_by":"Gremlin Leader","ascension_level":19}