{"gold_per_floor":[117,127,127,127,137,137,237,251,301,301,301,318,243,257,257,358,358,373,373,393,412,412,412,430,330,354,354,374,374,374,249,249,249],"floor_reached":33,"playtime":2339,"items_purged":["Strike_G","Defend_G","Pain"],"score":237,"play_id":"b8d25649-b5ef-4b6d-bfb2-c7cd0574c512","local_time":"20181111152210","is_ascension_mode":false,"campfire_choices":[{"data":"Dash","floor":6,"key":"SMITH"},{"data":"Neutralize","floor":11,"key":"SMITH"},{"data":"Backstab","floor":15,"key":"SMITH"},{"data":"Survivor","floor":23,"key":"SMITH"},{"data":"Strike_G","floor":27,"key":"SMITH"},{"floor":32,"key":"REST"}],"neow_cost":"NONE","seed_source_timestamp":2820540717052632,"circlet_count":0,"master_deck":["Defend_G+1","Defend_G+1","Defend_G","Strike_G","Strike_G","Strike_G","Strike_G+1","Survivor+1","Neutralize+1","Dash+1","Footwork+1","Backstab+1","Adrenaline+1","Normality","Footwork","Cloak And Dagger"],"relics":["Ring of the Snake","War Paint","Dream Catcher","Cursed Key","Centennial Puzzle","Blue Candle"],"potions_floor_usage":[16,16,16,33,33],"damage_taken":[{"damage":0,"enemies":"2 Louse","floor":1,"turns":3},{"damage":2,"enemies":"Jaw Worm","floor":2,"turns":4},{"damage":0,"enemies":"Cultist","floor":5,"turns":4},{"damage":0,"enemies":"Looter","floor":8,"turns":4},{"damage":3,"enemies":"Gremlin Gang","floor":12,"turns":7},{"damage":0,"enemies":"2 Fungi Beasts","floor":14,"turns":3},{"damage":60,"enemies":"Slime Boss","floor":16,"turns":23},{"damage":0,"enemies":"Shell Parasite","floor":18,"turns":6},{"damage":9,"enemies":"Chosen","floor":20,"turns":6},{"damage":0,"enemies":"Snecko","floor":21,"turns":5},{"damage":2,"enemies":"Centurion and Healer","floor":24,"turns":13},{"damage":5,"enemies":"Snake Plant","floor":28,"turns":8},{"damage":20,"enemies":"Colosseum Slavers","floor":29,"turns":6},{"damage":66,"enemies":"Champ","floor":33,"turns":24}],"seed_played":"-5003867157131721084","potions_obtained":[{"floor":1,"key":"GhostInAJar"},{"floor":2,"key":"Regen Potion"},{"floor":14,"key":"Ancient Potion"},{"floor":20,"key":"Explosive Potion"},{"floor":24,"key":"Poison Potion"}],"is_trial":false,"path_per_floor":["M","M","?","?","M","R","?","M","T","?","R","M","$","M","R","B",null,"M","?","M","M","?","R","M","$","T","R","M","?","T","$","R","B"],"character_chosen":"THE_SILENT","items_purchased":[],"campfire_rested":1,"item_purchase_floors":[],"current_hp_per_floor":[70,68,73,73,73,73,73,73,73,66,66,63,63,63,63,15,75,75,75,66,66,66,66,64,64,64,64,59,39,39,39,61,0],"gold":249,"neow_bonus":"RANDOM_COMMON_RELIC","is_prod":false,"is_daily":false,"chose_seed":false,"campfire_upgraded":5,"win_rate":0.0,"timestamp":1541971330,"path_taken":["M","M","?","?","?","R","?","?","T","?","R","M","$","M","R","BOSS","M","?","M","?","?","R","M","?","T","R","?","?","?","$","R","BOSS"],"build_version":"2018-11-08","purchased_purges":3,"victory":false,"max_hp_per_floor":[70,70,75,75,75,75,75,75,75,75,75,75,75,75,75,75,75,75,75,75,75,75,75,75,75,75,75,75,75,75,75,75,75],"card_choices":[{"not_picked":["Underhanded Strike","Outmaneuver"],"picked":"Dash","floor":1},{"not_picked":["Accuracy","Flechettes"],"picked":"Footwork","floor":2},{"not_picked":["Dodge and Roll","Dagger Throw","Sucker Punch"],"picked":"SKIP","floor":5},{"not_picked":["Heel Hook","Expertise","Deadly Poison"],"picked":"SKIP","floor":8},{"not_picked":["Expertise","Dagger Throw"],"picked":"Backstab","floor":12},{"not_picked":["Sucker Punch","Dagger Spray","Quick Slash"],"picked":"SKIP","floor":14},{"not_picked":["Bullet Time","Corpse Explosion"],"picked":"Adrenaline","floor":16},{"not_picked":["Distraction","Dodge and Roll+1","Blade Dance"],"picked":"SKIP","floor":18},{"not_picked":["Riddle With Holes","Dagger Throw","Quick Slash+1"],"picked":"SKIP","floor":20},{"not_picked":["Prepared+1","Cloak And Dagger","Flying Knee+1"],"picked":"SKIP","floor":21},{"not_picked":["Slice","Dagger Throw","Heel Hook+1"],"picked":"SKIP","floor":24},{"not_picked":["Flechettes","Wraith Form v2"],"picked":"Footwork","floor":28},{"not_picked":["Bane","Dodge and Roll"],"picked":"Cloak And Dagger","floor":32}],"player_experience":131232,"relics_obtained":[{"floor":9,"key":"Dream Catcher"},{"floor":26,"key":"Centennial Puzzle"},{"floor":30,"key":"Blue Candle"}],"event_choices":[{"damage_healed":0,"gold_gain":0,"player_choice":"Donut","damage_taken":0,"max_hp_gain":5,"max_hp_loss":0,"event_name":"Big Fish","floor":3,"gold_loss":0},{"damage_healed":0,"gold_gain":0,"player_choice":"Upgraded","damage_taken":0,"max_hp_gain":0,"max_hp_loss":0,"event_name":"Upgrade Shrine","floor":4,"gold_loss":0,"cards_upgraded":["Footwork"]},{"damage_healed":0,"gold_gain":100,"player_choice":"Pray","damage_taken":0,"max_hp_gain":0,"max_hp_loss":0,"event_name":"Golden Shrine","floor":7,"gold_loss":0},{"cards_removed":["Defend_G"],"damage_healed":0,"gold_gain":0,"player_choice":"Card Removal","damage_taken":7,"max_hp_gain":0,"max_hp_loss":0,"event_name":"Golden Wing","floor":10,"gold_loss":0},{"damage_healed":0,"gold_gain":0,"player_choice":"Upgraded","damage_taken":0,"max_hp_gain":0,"max_hp_loss":0,"event_name":"Upgrade Shrine","floor":19,"gold_loss":0,"cards_upgraded":["Adrenaline"]},{"damage_healed":0,"gold_gain":0,"player_choice":"Ignored","damage_taken":0,"max_hp_gain":0,"max_hp_loss":0,"event_name":"Transmorgrifier","floor":22,"gold_loss":0},{"damage_healed":0,"gold_gain":0,"player_choice":"Fight","damage_taken":0,"max_hp_gain":0,"max_hp_loss":0,"event_name":"Colosseum","floor":29,"gold_loss":0},{"damage_healed":0,"gold_gain":0,"player_choice":"Fled From Nobs","damage_taken":0,"max_hp_gain":0,"max_hp_loss":0,"event_name":"Colosseum","floor":29,"gold_loss":0}],"is_beta":false,"boss_relics":[{"not_picked":["Runic Dome","WristBlade"],"picked":"Cursed Key"}],"items_purged_floors":[13,25,31],"is_endless":false,"potions_floor_spawned":[1,2,14,20,24],"killed_by":"Champ","ascension_level":0}