{"gold_per_floor":[116,17,17,36,50,85,85,13,13,13,41,66,104,191,203,310,322,352,364,203,203,219,219,236,236,236,250,262,276,276,296,296,399,399,411,425,115,115],"floor_reached":38,"playtime":2801,"items_purged":[],"score":520,"play_id":"0250df7e-a89b-40c5-a4c8-146dbdd1de0c","local_time":"20190116182937","is_ascension_mode":true,"campfire_choices":[{"data":"Limit Break","floor":7,"key":"SMITH"},{"floor":10,"key":"REST"},{"floor":15,"key":"REST"},{"data":"True Grit","floor":23,"key":"SMITH"},{"floor":25,"key":"RECALL"},{"floor":30,"key":"REST"},{"data":"Armaments","floor":32,"key":"SMITH"}],"neow_cost":"NONE","seed_source_timestamp":47820604011769,"circlet_count":0,"master_deck":["Defend_R","Bash","Twin Strike","Shrug It Off","Pummel","Armaments+1","Heavy Blade","Limit Break+1","Twin Strike","True Grit+1","Headbutt","Flame Barrier","Spot Weakness","Offering","Warcry+1","Bite","Bite","Bite","Bite","Bite","Twin Strike","Shrug It Off","Impervious","Uppercut","Inflame","Whirlwind","Demon Form","Reaper+1","Evolve+1","Headbutt+1"],"relics":["Burning Blood","Vajra","Question Card","MawBank","Matryoshka","Sozu","Incense Burner","Bag of Marbles","Mummified Hand","Astrolabe","Thread and Needle"],"potions_floor_usage":[13,13,18],"damage_taken":[{"damage":4,"enemies":"2 Louse","floor":1,"turns":3},{"damage":2,"enemies":"Jaw Worm","floor":4,"turns":3},{"damage":1,"enemies":"Cultist","floor":5,"turns":3},{"damage":26,"enemies":"Gremlin Nob","floor":6,"turns":4},{"damage":45,"enemies":"Lagavulin","floor":11,"turns":8},{"damage":0,"enemies":"Exordium Wildlife","floor":12,"turns":3},{"damage":23,"enemies":"3 Sentries","floor":13,"turns":6},{"damage":42,"enemies":"Hexaghost","floor":16,"turns":10},{"damage":6,"enemies":"Spheric Guardian","floor":18,"turns":3},{"damage":18,"enemies":"Chosen","floor":22,"turns":4},{"damage":24,"enemies":"Shelled Parasite and Fungi","floor":24,"turns":4},{"damage":7,"enemies":"3 Cultists","floor":27,"turns":5},{"damage":13,"enemies":"Chosen and Byrds","floor":28,"turns":5},{"damage":28,"enemies":"Sentry and Sphere","floor":29,"turns":4},{"damage":0,"enemies":"Snake Plant","floor":31,"turns":3},{"damage":33,"enemies":"Champ","floor":33,"turns":6},{"damage":22,"enemies":"Orb Walker","floor":35,"turns":3},{"damage":17,"enemies":"3 Shapes","floor":36,"turns":3},{"damage":53,"enemies":"Transient","floor":38,"turns":4}],"seed_played":"6380848165349878757","potions_obtained":[{"floor":4,"key":"Explosive Potion"},{"floor":11,"key":"PowerPotion"},{"floor":12,"key":"Explosive Potion"},{"floor":16,"key":"SkillPotion"}],"is_trial":false,"path_per_floor":["M","$","?","M","M","E","R","$","T","R","E","M","E","?","R","B",null,"M","?","$","?","M","R","M","R","T","M","M","M","R","M","R","B",null,"M","M","$","M"],"character_chosen":"IRONCLAD","items_purchased":["Shrug It Off","Pummel","Twin Strike","True Grit","Twin Strike","Shrug It Off","Impervious","Thread and Needle"],"campfire_rested":3,"item_purchase_floors":[2,2,8,8,20,20,20,37],"current_hp_per_floor":[80,80,80,80,80,60,60,60,60,80,41,47,30,19,43,7,62,62,56,56,56,50,50,36,36,36,45,38,24,40,52,52,39,52,46,41,41,0],"gold":115,"neow_bonus":"RANDOM_COMMON_RELIC","is_prod":false,"is_daily":false,"chose_seed":false,"campfire_upgraded":3,"win_rate":0,"timestamp":1547692177,"path_taken":["M","$","?","M","M","E","R","$","T","R","E","M","E","?","R","BOSS","M","?","$","?","M","R","M","R","T","M","M","M","R","?","R","BOSS","M","M","$","M"],"build_version":"2019-01-10","purchased_purges":0,"victory":false,"max_hp_per_floor":[80,80,80,80,80,80,80,80,80,80,80,80,80,80,80,80,80,80,56,56,56,56,56,56,56,56,56,56,56,56,56,56,56,56,56,56,56,56],"card_choices":[{"not_picked":["Havoc","Anger"],"picked":"Twin Strike","floor":1},{"not_picked":["Wild Strike","Seeing Red"],"picked":"Armaments","floor":4},{"not_picked":["Combust","Flex"],"picked":"Heavy Blade","floor":5},{"not_picked":["Armaments","Twin Strike"],"picked":"Limit Break","floor":6},{"not_picked":["Cleave","True Grit","Iron Wave"],"picked":"Headbutt","floor":11},{"not_picked":["Sword Boomerang","Sever Soul","Anger"],"picked":"Flame Barrier","floor":12},{"not_picked":["Anger","Warcry","Shockwave"],"picked":"Spot Weakness","floor":13},{"not_picked":["Exhume","Reaper","Immolate"],"picked":"Offering","floor":16},{"not_picked":["Sentinel","Havoc+1","Sever Soul"],"picked":"Warcry+1","floor":18},{"not_picked":["Perfected Strike+1","Burning Pact","Armaments+1"],"picked":"Uppercut","floor":22},{"not_picked":["Clash","Armaments","Blood for Blood"],"picked":"Inflame","floor":24},{"not_picked":["Second Wind","Iron Wave","Blood for Blood+1"],"picked":"Whirlwind","floor":27},{"not_picked":["Second Wind","Flame Barrier","Spot Weakness","Body Slam"],"picked":"SKIP","floor":28},{"not_picked":["Carnage","Perfected Strike","Exhume","Heavy Blade"],"picked":"SKIP","floor":29},{"not_picked":["Warcry","Iron Wave+1","Barricade","Clash"],"picked":"SKIP","floor":31},{"not_picked":["Double Tap","Bludgeon","Barricade"],"picked":"Demon Form","floor":33},{"not_picked":["Warcry","Thunderclap+1","Wild Strike+1","True Grit+1"],"picked":"SKIP","floor":35},{"not_picked":["Perfected Strike","Flex+1","True Grit+1","Sword Boomerang"],"picked":"SKIP","floor":36}],"player_experience":322520,"relics_obtained":[{"floor":6,"key":"Question Card"},{"floor":11,"key":"MawBank"},{"floor":13,"key":"Matryoshka"},{"floor":26,"key":"Bag of Marbles"},{"floor":26,"key":"Mummified Hand"}],"event_choices":[{"damage_healed":0,"gold_gain":0,"player_choice":"Leave","damage_taken":0,"max_hp_gain":0,"max_hp_loss":0,"event_name":"The Cleric","floor":3,"gold_loss":0},{"damage_healed":0,"gold_gain":75,"player_choice":"Gather Gold","damage_taken":11,"max_hp_gain":0,"max_hp_loss":0,"event_name":"World of Goop","floor":14,"gold_loss":0},{"damage_healed":0,"gold_gain":0,"player_choice":"Became a vampire","damage_taken":0,"max_hp_gain":0,"max_hp_loss":24,"event_name":"Vampires","floor":19,"gold_loss":0,"cards_obtained":["Bite","Bite","Bite","Bite","Bite"]},{"damage_healed":0,"gold_gain":0,"player_choice":"Gave Potion","damage_taken":0,"relics_obtained":["Incense Burner"],"max_hp_gain":0,"max_hp_loss":0,"event_name":"WeMeetAgain","floor":21,"gold_loss":0}],"is_beta":false,"boss_relics":[{"not_picked":["Runic Pyramid","Tiny House"],"picked":"Sozu"},{"not_picked":["White Beast Statue","Calling Bell"],"picked":"Astrolabe"}],"items_purged_floors":[],"is_endless":false,"potions_floor_spawned":[4,11,12,16,18,22,27,31],"killed_by":"Transient","ascension_level":5}