{"gold_per_floor":[110,60,60,75,39,39,39,39,63,76,76,26,37,48,48,152,152,169,169,119,133,83,101,120,120,143,143,143,158,191,141,141,237,237,257,257,257,274,150,150,163,163,242,242,276,72,85,85,85,85],"floor_reached":51,"playtime":1306,"items_purged":["Strike_R","Strike_R","Defend_R","Writhe","Defend_R","Strike_R+1"],"score":708,"play_id":"84d8be8e-9627-41bd-9b5a-c4c5b001c01b","local_time":"20190301003506","is_ascension_mode":false,"campfire_choices":[{"data":"Armaments","floor":6.0,"key":"SMITH"},{"data":"Rampage","floor":8.0,"key":"SMITH"},{"data":"Bash","floor":11.0,"key":"SMITH"},{"data":"Uppercut","floor":15.0,"key":"SMITH"},{"data":"Bludgeon","floor":25.0,"key":"SMITH"},{"data":"Battle Trance","floor":27.0,"key":"SMITH"},{"data":"Demon Form","floor":32.0,"key":"SMITH"},{"data":"Limit Break","floor":40.0,"key":"SMITH"},{"floor":42.0,"key":"REST"},{"data":"Whirlwind","floor":49,"key":"SMITH"}],"neow_cost":"CURSE","seed_source_timestamp":8331435429573,"circlet_count":0,"master_deck":["Defend_R","Bash+1","Armaments+1","Battle Trance+1","Rampage+1","Headbutt+1","Uppercut+1","Seeing Red","Bludgeon+1","Shrug It Off+1","Spot Weakness+1","Demon Form+1","Limit Break+1","Whirlwind+1","Whirlwind","Infernal Blade+1","Twin Strike+1"],"special_seed":0,"relics":["Burning Blood","Gambling Chip","Smiling Mask","Mark of Pain","Whetstone","Matryoshka","Meat on the Bone","Runic Cube","Bag of Marbles","Self Forming Clay","Dodecahedron"],"potions_floor_usage":[45,45,46,47,50],"damage_taken":[{"damage":5.0,"enemies":"Small Slimes","floor":1.0,"turns":3.0},{"damage":0.0,"enemies":"Jaw Worm","floor":4.0,"turns":6.0},{"damage":0.0,"enemies":"2 Louse","floor":10.0,"turns":3.0},{"damage":0.0,"enemies":"Red Slaver","floor":13.0,"turns":3.0},{"damage":0.0,"enemies":"Exordium Wildlife","floor":14.0,"turns":3.0},{"damage":44.0,"enemies":"The Guardian","floor":16.0,"turns":8.0},{"damage":9.0,"enemies":"2 Thieves","floor":18.0,"turns":3.0},{"damage":6.0,"enemies":"Chosen","floor":21.0,"turns":3.0},{"damage":0.0,"enemies":"Snecko","floor":23.0,"turns":5.0},{"damage":5.0,"enemies":"Snake Plant","floor":24.0,"turns":2.0},{"damage":4.0,"enemies":"Centurion and Healer","floor":29.0,"turns":5.0},{"damage":22.0,"enemies":"Book of Stabbing","floor":30.0,"turns":4.0},{"damage":40.0,"enemies":"Collector","floor":33.0,"turns":7.0},{"damage":41.0,"enemies":"3 Darklings","floor":35.0,"turns":7.0},{"damage":23.0,"enemies":"Orb Walker","floor":38.0,"turns":4.0},{"damage":57.0,"enemies":"Spire Growth","floor":41.0,"turns":6.0},{"damage":17,"enemies":"Reptomancer","floor":45,"turns":4},{"damage":32,"enemies":"Transient","floor":47,"turns":5},{"damage":48,"enemies":"Awakened One","floor":50,"turns":6}],"seed_played":"-2544949938095862091","potions_obtained":[{"floor":1.0,"key":"FearPotion"},{"floor":10.0,"key":"Explosive Potion"},{"floor":14.0,"key":"Weak Potion"},{"floor":21.0,"key":"Block Potion"},{"floor":23.0,"key":"Strength Potion"},{"floor":29.0,"key":"Energy Potion"},{"floor":33.0,"key":"BloodPotion"},{"floor":38.0,"key":"Strength Potion"},{"floor":45,"key":"Explosive Potion"}],"is_trial":false,"path_per_floor":["M","?","?","M","$","R","?","R","T","M","R","$","M","M","R","B",null,"M","?","$","M","$","M","M","R","T","R","?","M","E","$","R","B",null,"M","?","?","M","$","R","M","R","T","?","E","$","M","?","R","B",null],"character_chosen":"IRONCLAD","items_purchased":["Rampage","Whirlwind","Strength Potion","Fruit Juice"],"campfire_rested":1,"item_purchase_floors":[5,39,46,46],"current_hp_per_floor":[80,80,73,79,79,79,79,79,79,80,80,80,80,80,80,42,80,77,77,77,77,77,80,80,80,80,80,80,80,64,64,64,42,80,57,57,57,52,52,52,20,42,42,42,43,48,34,71,71,41],"gold":85,"neow_bonus":"ONE_RARE_RELIC","is_prod":false,"is_daily":false,"chose_seed":false,"campfire_upgraded":9,"win_rate":0,"timestamp":1551422106,"path_taken":["M","?","?","M","$","R","?","R","T","M","R","$","?","M","R","BOSS","M","?","$","M","$","M","M","R","T","R","?","M","E","$","R","BOSS","M","?","?","M","$","R","M","R","T","?","E","$","M","?","R","BOSS"],"build_version":"2019-01-23","purchased_purges":6,"victory":true,"max_hp_per_floor":[80,80,80,80,80,80,80,80,80,80,80,80,80,80,80,80,80,80,80,80,80,80,80,80,80,80,80,80,80,80,80,80,80,80,80,76,76,76,76,76,76,76,76,76,76,81,81,71,71,71],"card_choices":[{"not_picked":["Warcry","Rage"],"picked":"Armaments","floor":1.0},{"not_picked":["Thunderclap","Burning Pact"],"picked":"Battle Trance","floor":4.0},{"not_picked":["Flex","Sentinel"],"picked":"Headbutt","floor":10.0},{"not_picked":["Sword Boomerang","Blood for Blood"],"picked":"Uppercut","floor":13.0},{"not_picked":["Sever Soul","Rage"],"picked":"Seeing Red","floor":14.0},{"not_picked":["Berserk","Impervious"],"picked":"Bludgeon","floor":16.0},{"not_picked":["Body Slam","Power Through"],"picked":"Shrug It Off+1","floor":18.0},{"not_picked":["Twin Strike","Rampage"],"picked":"Spot Weakness+1","floor":21.0},{"not_picked":["Clash","Combust","Entrench"],"picked":"SKIP","floor":23.0},{"not_picked":["Intimidate","Clash+1","Shrug It Off"],"picked":"SKIP","floor":24.0},{"not_picked":["Pummel","Cleave","Perfected Strike+1"],"picked":"SKIP","floor":29.0},{"not_picked":["Armaments+1","Thunderclap"],"picked":"Demon Form","floor":30.0},{"not_picked":["Dark Embrace","Brutality"],"picked":"Limit Break","floor":33.0},{"not_picked":["Iron Wave","Flex"],"picked":"Whirlwind","floor":35.0},{"not_picked":["Warcry+1","Anger","Twin Strike"],"picked":"SKIP","floor":38.0},{"not_picked":["Perfected Strike+1","Twin Strike"],"picked":"Infernal Blade+1","floor":41.0},{"not_picked":["Clash","Headbutt+1"],"picked":"Twin Strike+1","floor":45},{"not_picked":["Cleave+1","Havoc","Hemokinesis+1"],"picked":"SKIP","floor":47}],"player_experience":955096,"relics_obtained":[{"floor":9.0,"key":"Smiling Mask"},{"floor":26.0,"key":"Whetstone"},{"floor":30.0,"key":"Meat on the Bone"},{"floor":43.0,"key":"Bag of Marbles"},{"floor":43.0,"key":"Self Forming Clay"},{"floor":45,"key":"Dodecahedron"}],"event_choices":[{"cards_removed":["Doubt"],"damage_healed":0.0,"max_hp_gain":0.0,"max_hp_loss":0.0,"gold_gain":0.0,"event_name":"The Cleric","player_choice":"Card Removal","floor":2.0,"gold_loss":50.0,"damage_taken":0.0},{"cards_removed":["Strike_R"],"damage_healed":0.0,"max_hp_gain":0.0,"max_hp_loss":0.0,"gold_gain":0.0,"event_name":"Golden Wing","player_choice":"Card Removal","floor":3.0,"gold_loss":0.0,"damage_taken":7.0},{"damage_healed":0.0,"max_hp_gain":0.0,"max_hp_loss":0.0,"gold_gain":0.0,"event_name":"NoteForYourself","player_choice":"Ignored","floor":7.0,"gold_loss":0.0,"damage_taken":0.0},{"cards_removed":["Strike_R"],"damage_healed":0.0,"max_hp_gain":0.0,"max_hp_loss":0.0,"gold_gain":0.0,"event_name":"Back to Basics","player_choice":"Elegance","floor":19.0,"gold_loss":0.0,"damage_taken":0.0},{"damage_healed":0.0,"max_hp_gain":0.0,"max_hp_loss":0.0,"gold_gain":0.0,"event_name":"The Mausoleum","player_choice":"Opened","floor":28.0,"gold_loss":0.0,"damage_taken":0.0,"relics_obtained":["Matryoshka"],"cards_obtained":["Writhe"]},{"damage_healed":0.0,"max_hp_gain":0.0,"max_hp_loss":4.0,"gold_gain":0.0,"event_name":"Winding Halls","player_choice":"Max HP","floor":36.0,"gold_loss":0.0,"damage_taken":0.0},{"damage_healed":0.0,"max_hp_gain":0.0,"max_hp_loss":0.0,"gold_gain":0.0,"event_name":"Mysterious Sphere","player_choice":"Ignored","floor":37.0,"gold_loss":0.0,"damage_taken":0.0},{"cards_removed":["Defend_R"],"damage_healed":0.0,"max_hp_gain":0.0,"max_hp_loss":0.0,"gold_gain":0.0,"event_name":"Falling","player_choice":"Removed Skill","floor":44.0,"gold_loss":0.0,"damage_taken":0.0},{"damage_healed":71,"gold_gain":0,"player_choice":"Heal","damage_taken":0,"max_hp_gain":0,"max_hp_loss":10,"event_name":"The Moai Head","floor":48,"gold_loss":0}],"is_beta":false,"boss_relics":[{"not_picked":["Runic Dome","Runic Pyramid"],"picked":"Mark of Pain"},{"not_picked":["White Beast Statue","Black Star"],"picked":"Runic Cube"}],"items_purged_floors":[12,20,22,31,39,46],"is_endless":false,"potions_floor_spawned":[1,10,14,21,23,29,33,38,45],"ascension_level":0}