{"gold_per_floor":[110,110,57,7,24,56,56,70,116,116,132,162,162,202,214,356,368,293,293,293,293,293,293,293,293,293,293,21,21,21,21,21,21,21,21,21,21,21,21,21,21,21,21,21,21,21,21,21,21,21],"floor_reached":50,"playtime":3160,"items_purged":["Strike_B"],"score":783,"play_id":"6be4c2db-e78d-4ccc-afd2-2c2f82188dda","local_time":"20181111143554","is_ascension_mode":true,"campfire_choices":[{"data":"Zap","floor":7,"key":"SMITH"},{"data":"Conserve Battery","floor":10,"key":"SMITH"},{"floor":15,"key":"REST"},{"floor":23,"key":"REST"},{"data":"Echo Form","floor":27,"key":"SMITH"},{"floor":30,"key":"REST"},{"floor":32,"key":"REST"},{"floor":40,"key":"REST"},{"data":"Buffer","floor":42,"key":"SMITH"},{"floor":49,"key":"REST"}],"neow_cost":"NONE","seed_source_timestamp":157846308437284,"circlet_count":0,"master_deck":["Zap+1","Dualcast","Ball Lightning","Cold Snap","Conserve Battery+1","Coolheaded","Auto Shields","Injury","Coolheaded","Hologram","Echo Form+1","Cold Snap","Ball Lightning","Loop+1","Capacitor","Defragment+1","Echo Form","Buffer+1","Gash","Static Discharge","Rebound","Beam Cell","Gash","Beam Cell","Gash","Seek","All For One","Writhe","Gash+1"],"relics":["Cracked Core","NeowsBlessing","Bronze Scales","Dream Catcher","Juzu Bracelet","Golden Idol","MawBank","Ectoplasm","Singing Bowl","Bottled Lightning","Mummified Hand","Runic Capacitor","Pandora\u0027s Box","Orichalcum","Dodecahedron","Question Card","Incense Burner"],"potions_floor_usage":[14,16,24,44,44,44,47],"damage_taken":[{"damage":0,"enemies":"Small Slimes","floor":1,"turns":1},{"damage":0,"enemies":"Jaw Worm","floor":5,"turns":1},{"damage":0,"enemies":"3 Sentries","floor":6,"turns":1},{"damage":0,"enemies":"Cultist","floor":8,"turns":2},{"damage":5,"enemies":"Large Slime","floor":11,"turns":4},{"damage":15,"enemies":"Lagavulin","floor":12,"turns":5},{"damage":12,"enemies":"3 Sentries","floor":14,"turns":6},{"damage":44,"enemies":"Hexaghost","floor":16,"turns":10},{"damage":23,"enemies":"2 Thieves","floor":18,"turns":5},{"damage":13,"enemies":"Spheric Guardian","floor":20,"turns":4},{"damage":21,"enemies":"3 Cultists","floor":21,"turns":6},{"damage":35,"enemies":"Book of Stabbing","floor":24,"turns":6},{"damage":20,"enemies":"Snake Plant","floor":31,"turns":4},{"damage":12,"enemies":"Automaton","floor":33,"turns":9},{"damage":9,"enemies":"3 Shapes","floor":35,"turns":4},{"damage":20,"enemies":"Orb Walker","floor":36,"turns":4},{"damage":13,"enemies":"Spire Growth","floor":39,"turns":5},{"damage":0,"enemies":"Giant Head","floor":41,"turns":7},{"damage":5,"enemies":"Reptomancer","floor":44,"turns":5},{"damage":23,"enemies":"Transient","floor":45,"turns":5},{"damage":0,"enemies":"Jaw Worm Horde","floor":46,"turns":5},{"damage":9,"enemies":"Mind Bloom Boss Battle","floor":47,"turns":6},{"damage":84,"enemies":"Awakened One","floor":50,"turns":5}],"seed_played":"-4699141446327824484","potions_obtained":[{"floor":8,"key":"PowerPotion"},{"floor":11,"key":"SpeedPotion"},{"floor":12,"key":"Regen Potion"},{"floor":16,"key":"Regen Potion"},{"floor":31,"key":"PowerPotion"},{"floor":36,"key":"Fire Potion"},{"floor":39,"key":"EssenceOfSteel"},{"floor":41,"key":"PowerPotion"},{"floor":46,"key":"Strength Potion"}],"is_trial":false,"path_per_floor":["M","?","$","?","M","E","R","M","T","R","M","E","?","E","R","B",null,"M","?","M","M","?","R","E","?","T","R","$","?","R","M","R","B",null,"M","M","?","?","M","R","E","R","T","E","M","M","?","?","R","B"],"character_chosen":"DEFECT","items_purchased":["Cold Snap","Runic Capacitor"],"campfire_rested":6,"item_purchase_floors":[3,28],"current_hp_per_floor":[75,75,75,75,75,75,75,75,75,75,70,55,55,43,65,36,65,42,42,29,10,35,58,39,39,39,39,39,39,62,44,68,56,75,68,50,50,50,39,67,67,67,67,64,41,43,34,57,84,0],"gold":21,"neow_bonus":"THREE_ENEMY_KILL","is_prod":false,"is_daily":false,"chose_seed":false,"campfire_upgraded":4,"win_rate":0,"timestamp":1541975754,"path_taken":["M","?","$","?","M","E","R","M","T","R","M","E","?","E","R","BOSS","M","?","M","M","?","R","E","?","T","R","$","?","R","M","R","BOSS","M","M","?","?","M","R","E","R","T","E","M","M","?","?","R","BOSS"],"build_version":"2018-11-08","purchased_purges":1,"victory":false,"max_hp_per_floor":[75,75,75,75,75,75,75,75,75,75,75,75,75,75,75,75,75,75,75,75,77,77,77,79,79,79,79,79,79,79,81,81,81,81,83,85,85,85,87,89,89,89,89,91,91,93,93,93,93,93],"card_choices":[{"not_picked":["Redo","Leap"],"picked":"Ball Lightning","floor":1},{"not_picked":["Beam Cell","Coolheaded"],"picked":"Conserve Battery","floor":5},{"not_picked":["Streamline","Hologram"],"picked":"Coolheaded","floor":6},{"not_picked":["Reprogram","Barrage"],"picked":"Auto Shields","floor":8},{"not_picked":["Fusion","Melter","Turbo"],"picked":"SKIP","floor":11},{"not_picked":["Coolheaded","Thunder Strike","Sweeping Beam"],"picked":"SKIP","floor":12},{"not_picked":["Leap","Self Repair"],"picked":"Coolheaded","floor":14},{"not_picked":["Chaos","Redo"],"picked":"Hologram","floor":15},{"not_picked":["Machine Learning","Buffer"],"picked":"Echo Form","floor":16},{"not_picked":["Recycle","Skim"],"picked":"Cold Snap","floor":18},{"not_picked":["Rebound","Static Discharge"],"picked":"Ball Lightning","floor":20},{"not_picked":["Steam Power","Lockon","Steam"],"picked":"Singing Bowl","floor":21},{"not_picked":["Ball Lightning","Coolheaded+1"],"picked":"Loop+1","floor":23},{"not_picked":["Recycle","Tempest","Force Field"],"picked":"Singing Bowl","floor":24},{"not_picked":["Streamline","Cold Snap+1"],"picked":"Defragment+1","floor":30},{"not_picked":["Steam","Sunder","Stack"],"picked":"Singing Bowl","floor":31},{"not_picked":["Barrage+1","Ball Lightning"],"picked":"Echo Form","floor":32},{"not_picked":["Reboot","All For One"],"picked":"Buffer","floor":33},{"not_picked":["Compile Driver","Cold Snap","Streamline+1"],"picked":"Singing Bowl","floor":35},{"not_picked":["Rebound","Conserve Battery","Beam Cell+1"],"picked":"Singing Bowl","floor":36},{"not_picked":["Reprogram+1","Lockon","Chaos+1"],"picked":"Singing Bowl","floor":39},{"not_picked":["Beam Cell+1","Chaos","Rainbow"],"picked":"Singing Bowl","floor":40},{"not_picked":["Sweeping Beam","All For One"],"picked":"Gash","floor":41},{"not_picked":["FTL","Steam+1","Sunder"],"picked":"Singing Bowl","floor":44},{"not_picked":["Turbo+1","Darkness+1","Streamline+1"],"picked":"Seek","floor":45},{"not_picked":["Ball Lightning","Leap","Fusion","Redo+1"],"picked":"Singing Bowl","floor":46},{"not_picked":["Conserve Battery","Gash","Undo"],"picked":"All For One","floor":47},{"not_picked":["Lockon","Coolheaded+1","Ball Lightning"],"picked":"Gash+1","floor":49}],"player_experience":204327,"relics_obtained":[{"floor":6,"key":"Bronze Scales"},{"floor":9,"key":"Dream Catcher"},{"floor":12,"key":"Juzu Bracelet"},{"floor":14,"key":"MawBank"},{"floor":19,"key":"Singing Bowl"},{"floor":24,"key":"Bottled Lightning"},{"floor":26,"key":"Mummified Hand"},{"floor":41,"key":"Orichalcum"},{"floor":43,"key":"Dodecahedron"},{"floor":44,"key":"Question Card"},{"floor":47,"key":"Incense Burner"}],"event_choices":[{"damage_healed":0,"gold_gain":0,"player_choice":"Ignored","damage_taken":0,"max_hp_gain":0,"max_hp_loss":0,"event_name":"Liars Game","floor":2,"gold_loss":0},{"cards_removed":["Strike_B"],"damage_healed":0,"gold_gain":0,"player_choice":"Card Removal","damage_taken":0,"max_hp_gain":0,"max_hp_loss":0,"event_name":"The Cleric","floor":4,"gold_loss":50},{"damage_healed":0,"gold_gain":0,"player_choice":"Take Wound","damage_taken":0,"relics_obtained":["Golden Idol"],"max_hp_gain":0,"max_hp_loss":0,"event_name":"Golden Idol","floor":13,"gold_loss":0,"cards_obtained":["Injury"]},{"damage_healed":0,"gold_gain":0,"player_choice":"Relic","damage_taken":0,"max_hp_gain":0,"max_hp_loss":0,"event_name":"Wheel of Change","floor":19,"gold_loss":0},{"damage_healed":25,"gold_gain":0,"player_choice":"Heal","damage_taken":0,"max_hp_gain":0,"max_hp_loss":0,"event_name":"The Library","floor":22,"gold_loss":0},{"damage_healed":0,"gold_gain":0,"player_choice":"1 cards matched","damage_taken":0,"max_hp_gain":0,"max_hp_loss":0,"event_name":"Match and Keep!","floor":25,"gold_loss":0,"cards_obtained":["Capacitor"]},{"damage_healed":0,"gold_gain":0,"player_choice":"Ignored","damage_taken":0,"max_hp_gain":0,"max_hp_loss":0,"event_name":"Vampires","floor":29,"gold_loss":0},{"damage_healed":0,"gold_gain":0,"player_choice":"0 cards matched","damage_taken":0,"max_hp_gain":0,"max_hp_loss":0,"event_name":"Match and Keep!","floor":37,"gold_loss":0,"cards_obtained":[]},{"damage_healed":0,"gold_gain":0,"player_choice":"Ignored","damage_taken":0,"max_hp_gain":0,"max_hp_loss":0,"event_name":"SecretPortal","floor":38,"gold_loss":0},{"damage_healed":0,"gold_gain":0,"player_choice":"Fight","damage_taken":0,"max_hp_gain":0,"max_hp_loss":0,"event_name":"MindBloom","floor":47,"gold_loss":0},{"damage_healed":23,"gold_gain":0,"player_choice":"Writhe","damage_taken":0,"max_hp_gain":0,"max_hp_loss":0,"event_name":"Winding Halls","floor":48,"gold_loss":0,"cards_obtained":["Writhe"]}],"is_beta":false,"boss_relics":[{"not_picked":["Eternal Feather","Fusion Hammer"],"picked":"Ectoplasm"},{"not_picked":["Orrery","Inserter"],"picked":"Pandora\u0027s Box"}],"items_purged_floors":[28],"is_endless":false,"potions_floor_spawned":[8,11,12,16,31,36,39,41,46],"killed_by":"Awakened One","ascension_level":5}