{"gold_per_floor":[218,218,237,253,8,19,19,34,34,34,34,34,52,75,75,175,175,187,204,214,49,0,0,13,13,13,31,130,142,142,153,153,251,251,261,272,272,286,306,306,306,124,124,157,157,170,73,87,87,87],"floor_reached":50,"playtime":8414,"items_purged":["Strike_B"],"score":543,"play_id":"1f77652c-907e-4619-be54-7dd838d3929b","local_time":"20190204185248","is_ascension_mode":false,"campfire_choices":[{"data":"Turbo","floor":10.0,"key":"SMITH"},{"data":"Loop","floor":15.0,"key":"SMITH"},{"data":"Metamorphosis","floor":23.0,"key":"SMITH"},{"data":"Seek","floor":25.0,"key":"SMITH"},{"data":"Streamline","floor":32.0,"key":"SMITH"},{"data":"Good Instincts","floor":40.0,"key":"SMITH"},{"floor":49.0,"key":"REST"}],"neow_cost":"NONE","seed_source_timestamp":0,"circlet_count":0,"master_deck":["Strike_B","Defend_B","Defend_B","Defend_B","Defend_B","Zap","Rebound","Strike_B","Loop+1","Hologram","FTL+1","Good Instincts+1","Turbo+1","Go for the Eyes+1","Hello World","Seek+1","Hologram","Conserve Battery+1","Metamorphosis+1","Streamline+1","Seek","Redo+1","Gash+1","Streamline+1","The Bomb","Leap","Tempest","Discovery"],"special_seed":0,"relics":["Cracked Core","Singing Bowl","Bag of Marbles","Darkstone Periapt","Thread and Needle","Whetstone","Dead Branch","White Beast Statue","Bottled Flame","Art of War"],"potions_floor_usage":[50,50],"damage_taken":[{"damage":2.0,"enemies":"Small Slimes","floor":1.0,"turns":4.0},{"damage":1.0,"enemies":"Cultist","floor":3.0,"turns":4.0},{"damage":0.0,"enemies":"2 Louse","floor":4.0,"turns":3.0},{"damage":7.0,"enemies":"Looter","floor":6.0,"turns":3.0},{"damage":0.0,"enemies":"Blue Slaver","floor":8.0,"turns":4.0},{"damage":0.0,"enemies":"Large Slime","floor":13.0,"turns":4.0},{"damage":0.0,"enemies":"Hexaghost","floor":16.0,"turns":10.0},{"damage":11.0,"enemies":"2 Thieves","floor":18.0,"turns":5.0},{"damage":3.0,"enemies":"Shell Parasite","floor":19.0,"turns":6.0},{"damage":4.0,"enemies":"Shelled Parasite and Fungi","floor":20.0,"turns":8.0},{"damage":0.0,"enemies":"3 Cultists","floor":24.0,"turns":5.0},{"damage":5.0,"enemies":"Snecko","floor":27.0,"turns":6.0},{"damage":0.0,"enemies":"Cultist and Chosen","floor":29.0,"turns":4.0},{"damage":0.0,"enemies":"Snake Plant","floor":31.0,"turns":4.0},{"damage":42.0,"enemies":"Champ","floor":33.0,"turns":9.0},{"damage":6.0,"enemies":"3 Darklings","floor":35.0,"turns":4.0},{"damage":25.0,"enemies":"3 Shapes","floor":36.0,"turns":4.0},{"damage":1.0,"enemies":"Maw","floor":38.0,"turns":5.0},{"damage":3.0,"enemies":"Spire Growth","floor":39.0,"turns":3.0},{"damage":14.0,"enemies":"Reptomancer","floor":44.0,"turns":4.0},{"damage":4.0,"enemies":"Sphere and 2 Shapes","floor":46.0,"turns":4.0},{"damage":9.0,"enemies":"Jaw Worm Horde","floor":48.0,"turns":4.0},{"damage":66,"enemies":"Donu and Deca","floor":50,"turns":5}],"seed_played":"859711352668824949","potions_obtained":[{"floor":1.0,"key":"FearPotion"},{"floor":8.0,"key":"Swift Potion"},{"floor":20.0,"key":"Swift Potion"},{"floor":31.0,"key":"LiquidBronze"},{"floor":35.0,"key":"Fire Potion"},{"floor":36.0,"key":"EssenceOfSteel"},{"floor":38.0,"key":"GamblersBrew"},{"floor":39.0,"key":"Weak Potion"},{"floor":44.0,"key":"LiquidBronze"},{"floor":48.0,"key":"SkillPotion"}],"is_trial":false,"path_per_floor":["M","?","M","M","$","M","T","M","T","R","?","?","M","T","R","B",null,"M","M","M","$","?","R","M","R","T","M","?","M","?","M","R","B",null,"M","M","?","M","M","R","?","$","T","E","?","M","$","M","R","B"],"character_chosen":"DEFECT","items_purchased":["FTL","Good Instincts","Metamorphosis","The Bomb","Discovery"],"campfire_rested":1,"item_purchase_floors":[5,5,21,42,47],"current_hp_per_floor":[73,73,72,72,72,65,65,65,65,65,65,53,53,53,53,53,75,64,63,59,59,59,59,61,61,61,58,58,60,60,60,60,18,83,77,54,54,53,50,50,50,50,50,36,36,32,32,25,51,0],"gold":87,"neow_bonus":"HUNDRED_GOLD","is_prod":false,"is_daily":false,"chose_seed":false,"campfire_upgraded":6,"win_rate":0.0,"timestamp":1549302768,"path_taken":["M","?","M","?","$","M","?","M","T","R","?","?","M","?","R","BOSS","M","M","M","$","?","R","M","R","T","M","?","M","?","M","R","BOSS","M","M","?","M","M","R","?","$","T","E","?","M","$","M","R","BOSS"],"build_version":"2019-01-23","purchased_purges":1,"victory":false,"max_hp_per_floor":[75,75,75,75,75,75,75,75,75,75,75,75,75,75,75,75,75,75,77,77,77,77,77,79,79,79,81,81,83,83,83,83,83,83,83,85,85,85,85,85,85,85,85,85,85,85,85,87,87,87],"card_choices":[{"not_picked":["Chaos","Steam"],"picked":"Rebound","floor":1.0},{"not_picked":["Doom and Gloom","Sweeping Beam"],"picked":"Loop","floor":3.0},{"not_picked":["Conserve Battery","Gash"],"picked":"Hologram","floor":4.0},{"not_picked":["Streamline","Compile Driver"],"picked":"Turbo","floor":6.0},{"not_picked":["Echo Form","Beam Cell"],"picked":"Go for the Eyes","floor":8.0},{"not_picked":["Steam","Blizzard"],"picked":"Hello World","floor":13.0},{"not_picked":["Thunder Strike","Electrodynamics"],"picked":"Seek","floor":16.0},{"not_picked":["Leap","Blizzard"],"picked":"Hologram","floor":18.0},{"not_picked":["Ball Lightning","Heatsinks+1","Redo"],"picked":"Singing Bowl","floor":19.0},{"not_picked":["Recycle","Tempest"],"picked":"Conserve Battery+1","floor":20.0},{"not_picked":["Conserve Battery","Melter+1","BootSequence"],"picked":"Singing Bowl","floor":24.0},{"not_picked":["Rip and Tear","Cold Snap","Redo"],"picked":"Singing Bowl","floor":27.0},{"not_picked":["Go for the Eyes","Melter","Stack+1"],"picked":"Singing Bowl","floor":29.0},{"not_picked":["Capacitor","Scrape"],"picked":"Streamline","floor":31.0},{"not_picked":["Amplify","Core Surge"],"picked":"Seek","floor":33.0},{"not_picked":["Consume","Stack"],"picked":"Redo+1","floor":35.0},{"not_picked":["Undo+1","Leap","Go for the Eyes+1"],"picked":"Singing Bowl","floor":36.0},{"not_picked":["Echo Form","Leap"],"picked":"Gash+1","floor":38.0},{"not_picked":["Beam Cell","Doom and Gloom+1"],"picked":"Streamline+1","floor":39.0},{"not_picked":["Conserve Battery","Coolheaded"],"picked":"Leap","floor":44.0},{"not_picked":["Streamline","Auto Shields"],"picked":"Tempest","floor":46.0},{"not_picked":["Stack","Tempest","Turbo+1"],"picked":"Singing Bowl","floor":48.0}],"player_experience":114575,"relics_obtained":[{"floor":7.0,"key":"Singing Bowl"},{"floor":9.0,"key":"Bag of Marbles"},{"floor":14.0,"key":"Whetstone"},{"floor":26.0,"key":"Dead Branch"},{"floor":43.0,"key":"Bottled Flame"},{"floor":44.0,"key":"Art of War"}],"event_choices":[{"cards_removed":["Dualcast"],"damage_healed":0.0,"max_hp_gain":0.0,"max_hp_loss":0.0,"gold_gain":0.0,"event_name":"NoteForYourself","player_choice":"Took Card","floor":2.0,"gold_loss":0.0,"damage_taken":0.0,"cards_obtained":["Strike_B"]},{"damage_healed":0.0,"max_hp_gain":0.0,"max_hp_loss":0.0,"gold_gain":0.0,"event_name":"Dead Adventurer","player_choice":"Searched \u00271\u0027 times","floor":11.0,"gold_loss":0.0,"damage_taken":0.0,"relics_obtained":["Darkstone Periapt"]},{"damage_healed":0.0,"max_hp_gain":0.0,"max_hp_loss":0.0,"gold_gain":0.0,"event_name":"Dead Adventurer","player_choice":"Searched \u00271\u0027 times","floor":11.0,"gold_loss":0.0,"damage_taken":0.0,"relics_obtained":["Darkstone Periapt"]},{"damage_healed":0.0,"max_hp_gain":0.0,"max_hp_loss":0.0,"gold_gain":0.0,"event_name":"Scrap Ooze","player_choice":"Success","floor":12.0,"gold_loss":0.0,"damage_taken":12.0,"relics_obtained":["Thread and Needle"]},{"damage_healed":0.0,"max_hp_gain":0.0,"max_hp_loss":0.0,"gold_gain":0.0,"event_name":"Masked Bandits","player_choice":"Paid Fearfully","floor":22.0,"gold_loss":49.0,"damage_taken":0.0},{"damage_healed":0.0,"max_hp_gain":0.0,"max_hp_loss":0.0,"gold_gain":99.0,"event_name":"Nest","player_choice":"Stole From Cult","floor":28.0,"gold_loss":0.0,"damage_taken":0.0},{"damage_healed":0.0,"max_hp_gain":0.0,"max_hp_loss":0.0,"gold_gain":0.0,"event_name":"The Mausoleum","player_choice":"Ignored","floor":30.0,"gold_loss":0.0,"damage_taken":0.0},{"cards_removed":["Strike_B"],"damage_healed":0.0,"max_hp_gain":0.0,"max_hp_loss":0.0,"gold_gain":0.0,"event_name":"Falling","player_choice":"Removed Attack","floor":37.0,"gold_loss":0.0,"damage_taken":0.0},{"damage_healed":0.0,"max_hp_gain":0.0,"max_hp_loss":0.0,"gold_gain":0.0,"event_name":"Tomb of Lord Red Mask","player_choice":"Ignored","floor":41.0,"gold_loss":0.0,"damage_taken":0.0},{"cards_removed":["Strike_B"],"damage_healed":0.0,"max_hp_gain":0.0,"max_hp_loss":0.0,"gold_gain":0.0,"event_name":"Bonfire Elementals","player_choice":"Offered Basic","floor":45.0,"gold_loss":0.0,"damage_taken":0.0}],"is_beta":false,"boss_relics":[{"not_picked":["Velvet Choker","Runic Dome","Fusion Hammer"]},{"not_picked":["Snecko Eye","Coffee Dripper"],"picked":"White Beast Statue"}],"items_purged_floors":[5],"is_endless":false,"potions_floor_spawned":[1,8,20,31,35,36,38,39,44,46,48],"killed_by":"Donu and Deca","ascension_level":0}