{"gold_per_floor":[13,13,32,46,62,62,80,80,80,112,112,37,212,222,222,322,322,337,47,47,63,13,13,23,23,70,97,115,149,149,0,0,100,100,111,111,131,131,63,63,74,74,104,104,135,78,113,133,133,133],"floor_reached":51,"playtime":6021,"items_purged":["Strike_R","Strike_R","Doubt"],"score":817,"play_id":"733f87cc-797d-4c2f-8700-0b2ab9e94d51","local_time":"20180827190208","is_ascension_mode":true,"campfire_choices":[{"data":"Iron Wave","floor":6,"key":"SMITH"},{"data":"Uppercut","floor":8,"key":"SMITH"},{"data":"Double Tap","floor":11,"key":"SMITH"},{"data":"Inflame","floor":15,"key":"SMITH"},{"data":"Shrug It Off","floor":23,"key":"SMITH"},{"data":"Immolate","floor":25,"key":"SMITH"},{"floor":32,"key":"REST"},{"data":"Reaper","floor":40,"key":"SMITH"},{"data":"Carnage","floor":42,"key":"SMITH"},{"data":"Metallicize","floor":44,"key":"SMITH"},{"data":"Feel No Pain","floor":49,"key":"SMITH"}],"neow_cost":"NO_GOLD","seed_source_timestamp":1035207749531653,"circlet_count":0,"master_deck":["Defend_R","Bash","Anger+1","Iron Wave+1","Rampage","True Grit","Uppercut+1","Double Tap+1","Inflame+1","Immolate+1","Pommel Strike+1","Battle Trance","True Grit","Shrug It Off+1","Anger","Reaper+1","Shrug It Off","Armaments","Necronomicurse","Flex","Fiend Fire","Flame Barrier+1","Sentinel+1","Uppercut+1","Carnage+1","Shrug It Off+1","Metallicize+1","Heavy Blade+1","Feel No Pain+1","Battle Trance+1"],"relics":["Burning Blood","Orichalcum","Pen Nib","Sozu","Lantern","Happy Flower","Paper Frog","Juzu Bracelet","Necronomicon","Astrolabe","Tiny Chest","Ancient Tea Set","Ice Cream","Dodecahedron"],"potions_floor_usage":[10,27,50],"damage_taken":[{"damage":6,"enemies":"Cultist","floor":1,"turns":4},{"damage":1,"enemies":"2 Louse","floor":3,"turns":3},{"damage":5,"enemies":"Small Slimes","floor":4,"turns":3},{"damage":3,"enemies":"Exordium Thugs","floor":5,"turns":5},{"damage":10,"enemies":"3 Louse","floor":7,"turns":4},{"damage":8,"enemies":"Gremlin Nob","floor":10,"turns":4},{"damage":5,"enemies":"Blue Slaver","floor":14,"turns":3},{"damage":14,"enemies":"Slime Boss","floor":16,"turns":8},{"damage":6,"enemies":"3 Byrds","floor":18,"turns":4},{"damage":15,"enemies":"2 Thieves","floor":21,"turns":2},{"damage":11,"enemies":"Snecko","floor":24,"turns":4},{"damage":14,"enemies":"Gremlin Leader","floor":27,"turns":4},{"damage":7,"enemies":"Cultist and Chosen","floor":28,"turns":4},{"damage":11,"enemies":"Book of Stabbing","floor":29,"turns":3},{"damage":12,"enemies":"Champ","floor":33,"turns":5},{"damage":20,"enemies":"Orb Walker","floor":35,"turns":4},{"damage":0,"enemies":"Flame Bruiser 1 Orb","floor":37,"turns":3},{"damage":13,"enemies":"Maw","floor":41,"turns":6},{"damage":29,"enemies":"2 Orb Walkers","floor":45,"turns":4},{"damage":0,"enemies":"Giant Head","floor":47,"turns":5},{"damage":12,"enemies":"3 Darklings","floor":48,"turns":3},{"damage":50,"enemies":"Donu and Deca","floor":50,"turns":8}],"seed_played":"7141107839126544909","potions_obtained":[{"floor":3,"key":"Regen Potion"},{"floor":5,"key":"SpeedPotion"},{"floor":7,"key":"EssenceOfSteel"}],"is_trial":false,"path_per_floor":["M","?","M","M","M","R","M","R","T","E","R","$","?","M","R","B",null,"M","$","?","M","$","R","M","R","T","E","M","E","?","$","R","B",null,"M","?","M","$","$","R","M","R","T","R","E","?","E","M","R","B"],"character_chosen":"IRONCLAD","items_purchased":["Battle Trance","Lantern","Shrug It Off","Flex","Metallicize"],"campfire_rested":1,"item_purchase_floors":[19,19,22,31,39],"current_hp_per_floor":[80,80,80,80,80,80,76,76,76,74,74,74,74,75,75,67,80,80,80,65,56,56,56,51,51,51,43,56,58,42,42,67,61,85,75,75,81,81,81,81,85,85,85,85,62,62,85,79,79,70],"gold":133,"neow_bonus":"REMOVE_TWO","is_prod":false,"is_daily":false,"chose_seed":false,"campfire_upgraded":10,"win_rate":0,"timestamp":1535421728,"path_taken":["M","?","?","M","M","R","M","R","T","E","R","$","?","M","R","BOSS","M","$","?","M","$","R","M","R","T","E","M","E","?","?","R","BOSS","M","?","M","?","$","R","M","R","T","R","E","?","E","M","R","BOSS"],"build_version":"2018-08-23v2","purchased_purges":3,"victory":true,"max_hp_per_floor":[80,80,80,80,80,80,80,80,80,80,80,80,80,80,80,80,80,80,80,85,85,85,85,85,85,85,85,85,85,85,85,85,85,85,85,85,85,85,85,85,85,85,85,85,85,85,85,85,85,85],"card_choices":[{"not_picked":["Clash","Wild Strike"],"picked":"Anger","floor":1},{"not_picked":["Pommel Strike","Burning Pact"],"picked":"Iron Wave","floor":3},{"not_picked":["Iron Wave","Entrench"],"picked":"Rampage","floor":4},{"not_picked":["Clash","Body Slam"],"picked":"True Grit","floor":5},{"not_picked":["True Grit","Iron Wave"],"picked":"Uppercut","floor":7},{"not_picked":["Power Through","Blood for Blood"],"picked":"Double Tap","floor":10},{"not_picked":["Perfected Strike","Anger"],"picked":"Inflame","floor":14},{"not_picked":["Exhume","Fiend Fire"],"picked":"Immolate","floor":16},{"not_picked":["Combust","Feel No Pain+1"],"picked":"Pommel Strike+1","floor":18},{"not_picked":["Sword Boomerang","Havoc+1"],"picked":"True Grit","floor":21},{"not_picked":["True Grit","Clash"],"picked":"Anger","floor":24},{"not_picked":["Sword Boomerang","Havoc"],"picked":"Reaper","floor":27},{"not_picked":["Warcry+1","Entrench"],"picked":"Shrug It Off","floor":28},{"not_picked":["Searing Blow","Feel No Pain"],"picked":"Armaments","floor":29},{"not_picked":["Exhume","Brutality"],"picked":"Fiend Fire","floor":33},{"not_picked":["Reckless Charge","Rampage+1"],"picked":"Carnage","floor":35},{"not_picked":["Clash+1","True Grit"],"picked":"Shrug It Off+1","floor":37},{"not_picked":["Entrench","Havoc"],"picked":"Heavy Blade+1","floor":41},{"not_picked":["Sword Boomerang+1","Blood for Blood"],"picked":"Feel No Pain","floor":45},{"not_picked":["Twin Strike+1","Havoc+1"],"picked":"Battle Trance+1","floor":47},{"not_picked":["Clothesline+1","Power Through","Iron Wave"],"picked":"SKIP","floor":48}],"player_experience":126526,"relics_obtained":[{"floor":9,"key":"Orichalcum"},{"floor":10,"key":"Pen Nib"},{"floor":26,"key":"Happy Flower"},{"floor":27,"key":"Paper Frog"},{"floor":29,"key":"Juzu Bracelet"},{"floor":30,"key":"Necronomicon"},{"floor":43,"key":"Tiny Chest"},{"floor":45,"key":"Ancient Tea Set"},{"floor":47,"key":"Dodecahedron"}],"event_choices":[{"event_name":"Living Wall","player_choice":"Grow","floor":2,"damage_taken":0},{"event_name":"Liars Game","player_choice":"agreed","floor":13,"damage_taken":0},{"event_name":"Forgotten Altar","player_choice":"Shed Blood","floor":20,"damage_taken":0},{"event_name":"Cursed Tome","player_choice":"Obtained Book","floor":30,"damage_taken":0},{"event_name":"Purifier","player_choice":"One Purge","floor":36,"damage_taken":0},{"event_name":"WeMeetAgain","player_choice":"Gold","floor":46,"damage_taken":0}],"is_beta":false,"boss_relics":[{"not_picked":["Mark of Pain","Philosopher\u0027s Stone"],"picked":"Sozu"},{"not_picked":["Busted Crown","Fusion Hammer"],"picked":"Astrolabe"}],"items_purged_floors":[12,19,31],"is_endless":false,"potions_floor_spawned":[3,5,7,18,21,27,35,37,45,48],"ascension_level":2}