{"gold_per_floor":[118,193,193,209,229,229,249,249,249,304,304,46,79,49,49,49],"floor_reached":16,"playtime":809,"items_purged":["Strike_G"],"score":132,"play_id":"ddc88a14-2194-4d1c-bf8e-b902a087681c","local_time":"20190225175745","is_ascension_mode":true,"campfire_choices":[{"floor":6,"key":"REST"},{"floor":11,"key":"REST"},{"floor":15,"key":"REST"}],"neow_cost":"PERCENT_DAMAGE","seed_source_timestamp":14120510388843,"circlet_count":0,"master_deck":["Defend_G","Defend_G","Defend_G","Defend_G","Strike_G","Strike_G","Strike_G","Survivor","Neutralize","Deflect","Infinite Blades","Bullet Time","PiercingWail","Deflect","Burst","Cloak And Dagger"],"relics":["Ring of the Snake","Question Card","Golden Idol","Ancient Tea Set","Tiny Chest","Vajra","Lantern"],"potions_floor_usage":[13],"damage_taken":[{"damage":7,"enemies":"Small Slimes","floor":1,"turns":5},{"damage":0,"enemies":"Jaw Worm","floor":4,"turns":5},{"damage":4,"enemies":"2 Louse","floor":5,"turns":4},{"damage":0,"enemies":"Blue Slaver","floor":7,"turns":6},{"damage":41,"enemies":"3 Sentries","floor":13,"turns":11},{"damage":0,"enemies":"Looter","floor":14,"turns":4},{"damage":26,"enemies":"Hexaghost","floor":16,"turns":11}],"seed_played":"-3833211216465968514","potions_obtained":[{"floor":5,"key":"Fire Potion"},{"floor":13,"key":"SteroidPotion"}],"is_trial":false,"path_per_floor":["M","?","?","M","M","R","M","?","T","T","R","$","E","M","R","B"],"character_chosen":"THE_SILENT","items_purchased":["Deflect","Vajra"],"campfire_rested":3,"item_purchase_floors":[12,12],"current_hp_per_floor":[38,27,24,24,20,41,41,24,24,24,45,45,4,4,25,0],"gold":49,"neow_bonus":"REMOVE_TWO","is_prod":false,"is_daily":false,"chose_seed":false,"campfire_upgraded":0,"win_rate":0,"timestamp":1551092265,"path_taken":["M","?","?","M","M","R","M","?","T","?","R","$","E","M","R","BOSS"],"build_version":"2019-01-23","purchased_purges":1,"victory":false,"max_hp_per_floor":[70,70,70,70,70,70,70,70,70,70,70,70,70,70,70,70],"card_choices":[{"not_picked":["Poisoned Stab","Slice"],"picked":"Deflect","floor":1},{"not_picked":["Setup","Underhanded Strike","Slice"],"picked":"Infinite Blades","floor":4},{"not_picked":["Endless Agony","Quick Slash","Underhanded Strike"],"picked":"Bullet Time","floor":5},{"not_picked":["Flying Knee","Blade Dance","Sucker Punch"],"picked":"PiercingWail","floor":7},{"not_picked":["Flying Knee","Blade Dance","PiercingWail"],"picked":"Burst","floor":13},{"not_picked":["Underhanded Strike","Blade Dance","Heel Hook"],"picked":"Cloak And Dagger","floor":14}],"player_experience":263603,"relics_obtained":[{"floor":9,"key":"Ancient Tea Set"},{"floor":10,"key":"Tiny Chest"},{"floor":13,"key":"Lantern"}],"event_choices":[{"damage_healed":0,"gold_gain":75,"player_choice":"Gather Gold","damage_taken":11,"max_hp_gain":0,"max_hp_loss":0,"event_name":"World of Goop","floor":2,"gold_loss":0},{"damage_healed":0,"gold_gain":0,"player_choice":"Success","damage_taken":3,"relics_obtained":["Question Card"],"max_hp_gain":0,"max_hp_loss":0,"event_name":"Scrap Ooze","floor":3,"gold_loss":0},{"damage_healed":0,"gold_gain":0,"player_choice":"Take Damage","damage_taken":17,"relics_obtained":["Golden Idol"],"max_hp_gain":0,"max_hp_loss":0,"event_name":"Golden Idol","floor":8,"gold_loss":0}],"is_beta":false,"boss_relics":[],"items_purged_floors":[12],"is_endless":false,"potions_floor_spawned":[5,13],"killed_by":"Hexaghost","ascension_level":7}