{"gold_per_floor":[217,217,55,66,79,79,113,113,162,177,52,68,80,10,10,10],"floor_reached":16,"playtime":2044,"items_purged":["Decay","Strike_G"],"score":112,"play_id":"e01c3a4a-41a0-415c-8099-293ae524003a","local_time":"20190222185941","is_ascension_mode":true,"campfire_choices":[{"data":"Distraction","floor":6,"key":"SMITH"},{"data":"Bandage Up","floor":8,"key":"SMITH"},{"floor":15,"key":"REST"}],"neow_cost":"NONE","seed_source_timestamp":258093117508400,"circlet_count":0,"master_deck":["Defend_G","Defend_G","Defend_G","Defend_G","Defend_G","Strike_G","Strike_G","Strike_G","Strike_G","Survivor","Neutralize","Backflip","Bandage Up+1","Poisoned Stab","Distraction+1","All Out Attack","Backflip","Deflect","Catalyst","Leg Sweep","Footwork"],"relics":["Ring of the Snake","Boot","Orichalcum"],"potions_floor_usage":[7,16],"damage_taken":[{"damage":2,"enemies":"Small Slimes","floor":1,"turns":5},{"damage":0,"enemies":"Cultist","floor":4,"turns":5},{"damage":2,"enemies":"Jaw Worm","floor":5,"turns":4},{"damage":34,"enemies":"3 Sentries","floor":7,"turns":17},{"damage":0,"enemies":"2 Fungi Beasts","floor":10,"turns":2},{"damage":22,"enemies":"Large Slime","floor":12,"turns":9},{"damage":11,"enemies":"Exordium Wildlife","floor":13,"turns":6},{"damage":54,"enemies":"Hexaghost","floor":16,"turns":16}],"seed_played":"453215479756239323","potions_obtained":[{"floor":4,"key":"SkillPotion"},{"floor":12,"key":"GamblersBrew"},{"floor":13,"key":"Ancient Potion"}],"is_trial":false,"path_per_floor":["M","?","$","M","M","R","E","R","T","M","$","M","M","$","R","B"],"character_chosen":"THE_SILENT","items_purchased":["Bandage Up","Deflect","Footwork"],"campfire_rested":1,"item_purchase_floors":[3,11,14],"current_hp_per_floor":[68,68,68,70,70,70,40,40,40,46,46,30,25,25,46,0],"gold":10,"neow_bonus":"HUNDRED_GOLD","is_prod":false,"is_daily":false,"chose_seed":false,"campfire_upgraded":2,"win_rate":0,"timestamp":1550883581,"path_taken":["M","?","$","M","M","R","E","R","T","M","$","M","M","$","R","BOSS"],"build_version":"2019-01-23","purchased_purges":2,"victory":false,"max_hp_per_floor":[70,70,70,70,70,70,70,70,70,70,70,70,70,70,70,70],"card_choices":[{"not_picked":["Predator","Cloak And Dagger"],"picked":"Backflip","floor":1},{"not_picked":["Flechettes","Quick Slash"],"picked":"Poisoned Stab","floor":4},{"not_picked":["Underhanded Strike","Expertise"],"picked":"Distraction","floor":5},{"not_picked":["Sucker Punch","Die Die Die"],"picked":"All Out Attack","floor":7},{"not_picked":["Prepared","Outmaneuver"],"picked":"Backflip","floor":10},{"not_picked":["Bane","Storm of Steel"],"picked":"Catalyst","floor":12},{"not_picked":["Riddle With Holes","Dash"],"picked":"Leg Sweep","floor":13}],"player_experience":136900,"relics_obtained":[{"floor":7,"key":"Boot"},{"floor":9,"key":"Orichalcum"}],"event_choices":[{"damage_healed":0,"gold_gain":0,"player_choice":"Cursed","damage_taken":0,"max_hp_gain":0,"max_hp_loss":0,"event_name":"Wheel of Change","floor":2,"gold_loss":0,"cards_obtained":["Decay"]}],"is_beta":false,"boss_relics":[],"items_purged_floors":[3,11],"is_endless":false,"potions_floor_spawned":[4,12,13],"killed_by":"Hexaghost","ascension_level":2}