{"gold_per_floor":[209,209,227,238,248,248,265,265,333,333,368,368,443,160,160,259,259,277,15,15,15,32,32,43,43,43,90,90,102,114,128,128,233,233,253,273,273,139,139,139,149,149,149,81,99,99,113,123,123,123],"floor_reached":51,"playtime":1304,"items_purged":["Strike_R","Berserk"],"score":699,"play_id":"bfcd148a-6900-4e95-a9c0-0997884d34c9","local_time":"20190301031952","is_ascension_mode":false,"campfire_choices":[{"data":"True Grit","floor":6,"key":"SMITH"},{"data":"Clothesline","floor":8,"key":"SMITH"},{"data":"Bash","floor":10,"key":"SMITH"},{"data":"Rampage","floor":12,"key":"SMITH"},{"data":"Limit Break","floor":15,"key":"SMITH"},{"data":"Flame Barrier","floor":23,"key":"SMITH"},{"data":"Sword Boomerang","floor":28,"key":"SMITH"},{"data":"Uppercut","floor":32,"key":"SMITH"},{"data":"Flame Barrier","floor":40,"key":"SMITH"},{"data":"Bludgeon","floor":42,"key":"SMITH"},{"data":"Carnage","floor":46,"key":"SMITH"},{"data":"Whirlwind","floor":49,"key":"SMITH"}],"neow_cost":"NONE","seed_source_timestamp":18263163867798,"circlet_count":0,"master_deck":["Bash+1","True Grit+1","Shrug It Off+1","Clothesline+1","Headbutt","Rampage+1","Limit Break+1","Sword Boomerang+1","Demon Form+1","Flame Barrier+1","Sword Boomerang","Whirlwind+1","Uppercut+1","Sword Boomerang","Sword Boomerang","Bludgeon+1","Rampage","Carnage+1","Disarm","Flex","Infernal Blade","Whirlwind+1","Flame Barrier+1","Inflame+1"],"relics":["Burning Blood","Gremlin Horn","FossilizedHelix","Snecko Eye","Brimstone","Shuriken","War Paint","Pandora\u0027s Box","Frozen Egg 2"],"potions_floor_usage":[7,16,35,45,48,50,50],"damage_taken":[{"damage":1,"enemies":"Cultist","floor":1,"turns":4},{"damage":0,"enemies":"2 Louse","floor":3,"turns":4},{"damage":0,"enemies":"Jaw Worm","floor":4,"turns":3},{"damage":6,"enemies":"Large Slime","floor":5,"turns":10},{"damage":0,"enemies":"Lots of Slimes","floor":7,"turns":5},{"damage":25,"enemies":"Gremlin Nob","floor":11,"turns":5},{"damage":18,"enemies":"The Guardian","floor":16,"turns":12},{"damage":22,"enemies":"2 Thieves","floor":18,"turns":4},{"damage":0,"enemies":"Chosen","floor":22,"turns":3},{"damage":6,"enemies":"Snake Plant","floor":24,"turns":3},{"damage":0,"enemies":"Centurion and Healer","floor":29,"turns":3},{"damage":0,"enemies":"Cultist and Chosen","floor":30,"turns":4},{"damage":11,"enemies":"Snake Plant","floor":31,"turns":3},{"damage":22,"enemies":"Collector","floor":33,"turns":4},{"damage":12,"enemies":"3 Darklings","floor":35,"turns":4},{"damage":11,"enemies":"3 Shapes","floor":36,"turns":2},{"damage":0,"enemies":"Spire Growth","floor":41,"turns":2},{"damage":0,"enemies":"4 Shapes","floor":45,"turns":1},{"damage":0,"enemies":"3 Darklings","floor":47,"turns":3},{"damage":0,"enemies":"Spire Growth","floor":48,"turns":3},{"damage":23,"enemies":"Awakened One","floor":50,"turns":5}],"seed_played":"5952621543970633653","potions_obtained":[{"floor":3,"key":"SkillPotion"},{"floor":7,"key":"LiquidBronze"},{"floor":24,"key":"FearPotion"},{"floor":33,"key":"Fire Potion"},{"floor":35,"key":"Dexterity Potion"},{"floor":36,"key":"SkillPotion"},{"floor":47,"key":"AttackPotion"},{"floor":48,"key":"SpeedPotion"}],"is_trial":false,"path_per_floor":["M","?","M","M","M","R","M","R","T","R","E","R","?","$","R","B",null,"M","$","?","?","M","R","M","?","T","T","R","M","M","M","R","B",null,"M","M","?","$","?","R","M","R","T","$","M","R","M","M","R","B",null],"character_chosen":"IRONCLAD","items_purchased":["Limit Break","Sword Boomerang","Flame Barrier","Brimstone","Flame Barrier","Inflame+1"],"campfire_rested":0,"item_purchase_floors":[14,14,19,19,38,44],"current_hp_per_floor":[80,80,80,80,80,80,80,80,80,80,61,61,50,50,50,38,80,64,64,64,64,70,70,70,70,70,70,70,76,80,75,75,59,80,74,69,69,69,69,69,75,75,75,75,76,76,76,76,76,59],"gold":123,"neow_bonus":"HUNDRED_GOLD","is_prod":false,"is_daily":false,"chose_seed":false,"campfire_upgraded":12,"win_rate":0,"timestamp":1551431992,"path_taken":["M","?","M","M","M","R","M","R","T","R","E","R","?","$","R","BOSS","M","$","?","?","?","R","M","?","T","?","R","M","?","M","R","BOSS","M","M","?","$","?","R","M","R","T","$","M","R","M","?","R","BOSS"],"build_version":"2019-01-23","purchased_purges":2,"victory":true,"max_hp_per_floor":[80,80,80,80,80,80,80,80,80,80,80,80,80,80,80,80,80,80,80,80,80,80,80,80,80,80,80,80,80,80,80,80,80,80,80,80,76,76,76,76,76,76,76,76,76,76,76,76,76,76],"card_choices":[{"not_picked":["Thunderclap","Entrench"],"picked":"True Grit","floor":1},{"not_picked":["Body Slam","Headbutt"],"picked":"Clothesline","floor":3},{"not_picked":["Corruption","Second Wind"],"picked":"Headbutt","floor":4},{"not_picked":["Entrench","Clash","Thunderclap"],"picked":"SKIP","floor":5},{"not_picked":["Entrench","Perfected Strike","Cleave"],"picked":"SKIP","floor":7},{"not_picked":["Reckless Charge","Iron Wave"],"picked":"Rampage","floor":11},{"not_picked":["Double Tap","Exhume"],"picked":"Demon Form","floor":16},{"not_picked":["Evolve","Iron Wave","Anger+1"],"picked":"SKIP","floor":18},{"not_picked":["Shockwave","Armaments"],"picked":"Whirlwind+1","floor":22},{"not_picked":["Wild Strike","Cleave","Iron Wave"],"picked":"SKIP","floor":24},{"not_picked":["Pommel Strike","Infernal Blade+1"],"picked":"Uppercut","floor":29},{"not_picked":["Bloodletting","Sword Boomerang","Body Slam"],"picked":"SKIP","floor":30},{"not_picked":["Bloodletting","Body Slam"],"picked":"Sword Boomerang","floor":30},{"not_picked":["Clash+1","Armaments"],"picked":"Sword Boomerang","floor":31},{"not_picked":["Double Tap","Berserk"],"picked":"Bludgeon","floor":33},{"not_picked":["Cleave+1","Thunderclap+1","Perfected Strike+1"],"picked":"SKIP","floor":35},{"not_picked":["Evolve","Pommel Strike"],"picked":"Whirlwind","floor":36},{"not_picked":["Bloodletting","Iron Wave","True Grit"],"picked":"SKIP","floor":41},{"not_picked":["Twin Strike","Headbutt+1","Brutality+1"],"picked":"SKIP","floor":45},{"not_picked":["Burning Pact","Havoc","Reckless Charge"],"picked":"SKIP","floor":47},{"not_picked":["Shrug It Off+1","Cleave+1","Fire Breathing+1"],"picked":"SKIP","floor":48}],"player_experience":964300,"relics_obtained":[{"floor":9,"key":"Gremlin Horn"},{"floor":11,"key":"FossilizedHelix"},{"floor":26,"key":"Shuriken"},{"floor":27,"key":"War Paint"},{"floor":43,"key":"Frozen Egg 2"}],"event_choices":[{"damage_healed":0,"gold_gain":0,"cards_transformed":["Strike_R"],"player_choice":"Change","damage_taken":0,"max_hp_gain":0,"max_hp_loss":0,"event_name":"Living Wall","floor":2,"gold_loss":0,"cards_obtained":["Shrug It Off"]},{"damage_healed":0,"gold_gain":75,"player_choice":"Gather Gold","damage_taken":11,"max_hp_gain":0,"max_hp_loss":0,"event_name":"World of Goop","floor":13,"gold_loss":0},{"damage_healed":0,"gold_gain":0,"player_choice":"Read","damage_taken":0,"max_hp_gain":0,"max_hp_loss":0,"event_name":"The Library","floor":20,"gold_loss":0,"cards_obtained":["Sword Boomerang"]},{"damage_healed":0,"gold_gain":0,"player_choice":"Forge","damage_taken":0,"max_hp_gain":0,"max_hp_loss":0,"event_name":"Accursed Blacksmith","floor":21,"gold_loss":0,"cards_upgraded":["Demon Form"]},{"damage_healed":0,"gold_gain":0,"player_choice":"Ignored","damage_taken":0,"max_hp_gain":0,"max_hp_loss":0,"event_name":"Beggar","floor":25,"gold_loss":0},{"damage_healed":0,"gold_gain":0,"player_choice":"Max HP","damage_taken":0,"max_hp_gain":0,"max_hp_loss":4,"event_name":"Winding Halls","floor":37,"gold_loss":0},{"cards_removed":["Berserk"],"damage_healed":0,"gold_gain":0,"player_choice":"Purged","damage_taken":0,"max_hp_gain":0,"max_hp_loss":0,"event_name":"Purifier","floor":39,"gold_loss":0}],"is_beta":false,"boss_relics":[{"not_picked":["Lizard Tail","Black Star"],"picked":"Snecko Eye"},{"not_picked":["Tiny House","White Beast Statue"],"picked":"Pandora\u0027s Box"}],"items_purged_floors":[14,38],"is_endless":false,"potions_floor_spawned":[3,7,24,33,35,36,47,48],"ascension_level":0}