{"gold_per_floor":[109,184,184,23,37,37,66,66,93,93,110,60,80,62,62,164,164,104,65,65,65,65,65,65,65,65,65,65,65,65,65,65,65,65,65,65,65,65,65,65,65,65,65,65,65,65,65,65,65,65],"floor_reached":50,"playtime":7040,"items_purged":["Strike_B"],"score":546,"play_id":"df402e67-0cd8-49d1-b847-677b92767e2b","local_time":"20181026192020","is_ascension_mode":true,"campfire_choices":[{"data":"Dualcast","floor":6.0,"key":"SMITH"},{"data":"Zap","floor":8.0,"key":"SMITH"},{"data":"Self Repair","floor":10.0,"key":"SMITH"},{"data":"Ball Lightning","floor":15.0,"key":"SMITH"},{"data":"Hologram","floor":25.0,"key":"SMITH"},{"data":"Go for the Eyes","floor":28.0,"key":"SMITH"},{"data":"Sunder","floor":32,"key":"SMITH"},{"floor":40,"key":"REST"},{"data":"Electrodynamics","floor":42,"key":"SMITH"},{"floor":47,"key":"REST"},{"data":"White Noise","floor":49,"key":"SMITH"}],"neow_cost":"NONE","seed_source_timestamp":116622306580269,"circlet_count":0,"master_deck":["Defend_B+1","Defend_B+1","Defend_B","Defend_B","Zap+1","Dualcast+1","Ball Lightning+1","Glacier","Self Repair+1","FTL","Leap","Core Surge","Sunder+1","Hologram+1","Glacier","Go for the Eyes+1","Skim","Electrodynamics+1","Chill+1","White Noise+1"],"special_seed":0,"relics":["FrozenCore","The Courier","Boot","War Paint","Ectoplasm","Matryoshka","Regal Pillow","Mercury Hourglass","Dodecahedron","Art of War"],"potions_floor_usage":[33,33,37,39],"damage_taken":[{"damage":2.0,"enemies":"Jaw Worm","floor":1.0,"turns":3.0},{"damage":2.0,"enemies":"2 Louse","floor":5.0,"turns":2.0},{"damage":17.0,"enemies":"Gremlin Nob","floor":7.0,"turns":4.0},{"damage":0.0,"enemies":"Small Slimes","floor":11.0,"turns":2.0},{"damage":0.0,"enemies":"2 Fungi Beasts","floor":13.0,"turns":3.0},{"damage":29.0,"enemies":"Hexaghost","floor":16.0,"turns":12.0},{"damage":1.0,"enemies":"2 Thieves","floor":18.0,"turns":4.0},{"damage":0.0,"enemies":"Chosen","floor":20.0,"turns":4.0},{"damage":0.0,"enemies":"3 Cultists","floor":23.0,"turns":5.0},{"damage":2.0,"enemies":"Centurion and Healer","floor":24.0,"turns":11.0},{"damage":4.0,"enemies":"Book of Stabbing","floor":27.0,"turns":9.0},{"damage":8,"enemies":"Snake Plant","floor":29,"turns":6},{"damage":0,"enemies":"Shelled Parasite and Fungi","floor":30,"turns":8},{"damage":11,"enemies":"Snecko","floor":31,"turns":6},{"damage":42,"enemies":"Automaton","floor":33,"turns":14},{"damage":18,"enemies":"Orb Walker","floor":35,"turns":5},{"damage":0,"enemies":"3 Shapes","floor":36,"turns":4},{"damage":2,"enemies":"Jaw Worm Horde","floor":37,"turns":4},{"damage":51,"enemies":"Maw","floor":39,"turns":11},{"damage":9,"enemies":"3 Darklings","floor":41,"turns":4},{"damage":19,"enemies":"Reptomancer","floor":44,"turns":8},{"damage":19,"enemies":"Spire Growth","floor":46,"turns":6},{"damage":0,"enemies":"4 Shapes","floor":48,"turns":2},{"damage":87,"enemies":"Time Eater","floor":50,"turns":17}],"seed_played":"-7598537948964073560","potions_obtained":[{"floor":5.0,"key":"SkillPotion"},{"floor":16.0,"key":"Explosive Potion"},{"floor":18.0,"key":"Weak Potion"},{"floor":24.0,"key":"SpeedPotion"},{"floor":30,"key":"LiquidBronze"},{"floor":31,"key":"FocusPotion"},{"floor":35,"key":"SmokeBomb"},{"floor":36,"key":"PowerPotion"},{"floor":46,"key":"GamblersBrew"}],"is_trial":false,"path_per_floor":["M","?","T","$","M","R","E","R","T","R","M","?","M","$","R","B",null,"M","$","M","?","?","M","M","R","T","E","R","M","M","M","R","B",null,"M","M","M","?","M","R","M","R","T","E","?","M","R","M","R"],"character_chosen":"DEFECT","items_purchased":["Ball Lightning","Glacier","Leap","Hologram"],"campfire_rested":2,"item_purchase_floors":[4,4,14,19],"current_hp_per_floor":[73,62,62,62,60,60,43,43,43,43,53,53,63,63,63,44,75,75,75,75,75,75,75,75,75,75,75,75,75,75,74,74,42,75,67,75,75,75,34,71,72,72,72,63,63,44,75,75,75,0],"gold":65,"neow_bonus":"REMOVE_CARD","is_prod":false,"is_daily":false,"chose_seed":false,"campfire_upgraded":9,"win_rate":0,"timestamp":1540606820,"path_taken":["M","?","?","?","M","R","E","R","T","R","M","?","M","$","R","BOSS","M","$","M","?","?","M","M","R","T","E","R","?","M","M","R","BOSS","M","M","M","?","M","R","M","R","T","E","?","M","R","M","R","BOSS"],"build_version":"2018-10-25v2","purchased_purges":1,"victory":false,"max_hp_per_floor":[75,75,75,75,75,75,75,75,75,75,75,75,75,75,75,75,75,75,75,75,75,75,75,75,75,75,75,75,75,75,75,75,75,75,75,75,75,75,75,75,75,75,75,75,75,75,75,75,75,75],"card_choices":[{"not_picked":["Rebound","Turbo","Hologram"],"picked":"SKIP","floor":1.0},{"not_picked":["Streamline","Doom and Gloom","Rebound"],"picked":"SKIP","floor":5.0},{"not_picked":["Darkness","Force Field"],"picked":"Self Repair","floor":7.0},{"not_picked":["Conserve Battery","Stack"],"picked":"FTL","floor":11.0},{"not_picked":["Sweeping Beam","Hologram","Redo"],"picked":"SKIP","floor":13.0},{"not_picked":["Amplify","Fission"],"picked":"Core Surge","floor":16.0},{"not_picked":["White Noise","Rebound"],"picked":"Sunder","floor":18.0},{"not_picked":["Hello World","Steam+1","Storm+1"],"picked":"SKIP","floor":20.0},{"not_picked":["Redo+1","Chaos","Ball Lightning"],"picked":"SKIP","floor":23.0},{"not_picked":["Hologram","Steam","Coolheaded"],"picked":"SKIP","floor":24.0},{"not_picked":["Redo+1","Sweeping Beam+1"],"picked":"Go for the Eyes","floor":27.0},{"not_picked":["Turbo","Stack+1"],"picked":"Skim","floor":29},{"not_picked":["Streamline","Go for the Eyes","Darkness"],"picked":"SKIP","floor":30},{"not_picked":["Chaos","Turbo+1","Go for the Eyes"],"picked":"SKIP","floor":31},{"not_picked":["Rainbow","Biased Cognition"],"picked":"Electrodynamics","floor":33},{"not_picked":["Turbo","Lockon","Coolheaded+1"],"picked":"SKIP","floor":35},{"not_picked":["Rip and Tear","Coolheaded+1"],"picked":"Chill+1","floor":36},{"not_picked":["Recycle+1","Turbo","Redo"],"picked":"SKIP","floor":37},{"not_picked":["Stack+1","Hologram","BootSequence"],"picked":"SKIP","floor":39},{"not_picked":["Cold Snap+1","Coolheaded+1","Undo"],"picked":"SKIP","floor":41},{"not_picked":["Leap","White Noise","Rebound+1"],"picked":"SKIP","floor":44},{"not_picked":["Chill+1","Hologram"],"picked":"White Noise","floor":46},{"not_picked":["Leap+1","Double Energy","Sweeping Beam+1"],"picked":"SKIP","floor":48}],"player_experience":284235,"relics_obtained":[{"floor":3.0,"key":"The Courier"},{"floor":7.0,"key":"Boot"},{"floor":9.0,"key":"War Paint"},{"floor":26.0,"key":"Matryoshka"},{"floor":27.0,"key":"Regal Pillow"},{"floor":43,"key":"Mercury Hourglass"},{"floor":43,"key":"Dodecahedron"},{"floor":44,"key":"Art of War"}],"event_choices":[{"damage_healed":0.0,"max_hp_gain":0.0,"max_hp_loss":0.0,"gold_gain":75.0,"event_name":"World of Goop","player_choice":"Gather Gold","floor":2.0,"gold_loss":0.0,"damage_taken":11.0},{"cards_removed":["Strike_B"],"damage_healed":0.0,"max_hp_gain":0.0,"max_hp_loss":0.0,"gold_gain":0.0,"event_name":"The Cleric","player_choice":"Card Removal","floor":12.0,"gold_loss":50.0,"damage_taken":0.0},{"damage_healed":0.0,"max_hp_gain":0.0,"max_hp_loss":0.0,"gold_gain":0.0,"event_name":"Duplicator","player_choice":"Copied","floor":21.0,"gold_loss":0.0,"damage_taken":0.0,"cards_obtained":["Glacier"]},{"damage_healed":0.0,"max_hp_gain":0.0,"max_hp_loss":0.0,"gold_gain":0.0,"event_name":"The Mausoleum","player_choice":"Ignored","floor":22.0,"gold_loss":0.0,"damage_taken":0.0},{"damage_healed":0,"gold_gain":0,"player_choice":"Memory 1","damage_taken":0,"max_hp_gain":0,"max_hp_loss":0,"event_name":"SensoryStone","floor":38,"gold_loss":0},{"cards_removed":["Strike_B"],"damage_healed":0,"gold_gain":0,"player_choice":"Removed Attack","damage_taken":0,"max_hp_gain":0,"max_hp_loss":0,"event_name":"Falling","floor":45,"gold_loss":0}],"is_beta":false,"boss_relics":[{"not_picked":["Nuclear Battery","Runic Pyramid"],"picked":"Ectoplasm"},{"not_picked":["Black Star","Eternal Feather"],"picked":"FrozenCore"}],"items_purged_floors":[4],"is_endless":false,"potions_floor_spawned":[5,16,18,24,30,31,35,36,46],"killed_by":"Time Eater","ascension_level":2}