{"path_per_floor":["M","M","?","?","T","R","?","E","T","?","?","$","M","M","R","B",null,"M","?","$","M","?","R","E","R","T","R","T","$","?","M","R","B",null,"M","?","?","?","$","R","E","R","T","$","?"],"character_chosen":"DEFECT","items_purchased":["Defragment","Kunai","Streamline","Bandage Up","Blizzard","Self Repair+1"],"gold_per_floor":[111,126,126,126,151,151,151,191,191,191,565,116,131,144,144,274,274,287,202,102,123,123,123,157,157,181,181,232,10,10,24,24,144,144,159,159,159,159,85,85,125,125,125,57,57,57],"floor_reached":46,"campfire_rested":3,"playtime":2196,"item_purchase_floors":[12,12,12,29,39,44],"current_hp_per_floor":[74,74,56,41,41,41,41,38,38,38,38,38,36,36,36,29,75,62,62,62,48,73,73,23,45,45,45,52,52,52,47,71,70,82,66,66,66,69,69,69,27,51,51,51,51,0],"items_purged":["Strike_B","Strike_B","Strike_B"],"gold":57,"score":722,"play_id":"cbd17616-95a1-4bfc-b6c0-d8fa4e7cd6f5","local_time":"20180610123712","is_prod":false,"is_daily":false,"chose_seed":false,"is_ascension_mode":true,"campfire_upgraded":5,"win_rate":0,"timestamp":1528605432,"campfire_choices":[{"data":"Zap","floor":6,"key":"SMITH"},{"data":"Redo","floor":15,"key":"SMITH"},{"data":"Echo Form","floor":23,"key":"SMITH"},{"floor":25,"key":"REST"},{"data":"Defragment","floor":27,"key":"SMITH"},{"floor":32,"key":"REST"},{"data":"Blizzard","floor":40,"key":"SMITH"},{"floor":42,"key":"REST"}],"path_taken":["M","M","?","?","?","R","?","E","T","?","?","$","M","M","R","BOSS","M","?","$","M","?","R","E","R","T","R","?","$","?","M","R","BOSS","M","?","?","?","?","R","E","R","T","$","?","BOSS"],"build_version":"2018-06-07v3","seed_source_timestamp":153197277722350,"purchased_purges":3,"victory":false,"master_deck":["Defend_B","Defend_B+1","Defend_B","Zap+1","Dualcast+1","Glacier+1","Cold Snap","Redo+1","Defragment+1","Streamline","Go for the Eyes","Gash","Echo Form+1","Conserve Battery+1","Bandage Up","Sunder","Beam Cell","Electrodynamics+1","Blizzard+1","Consume+1","Self Repair+1"],"max_hp_per_floor":[75,75,75,75,75,75,75,75,75,75,75,75,75,75,75,75,75,75,75,75,75,75,75,75,75,75,75,82,82,82,82,82,82,82,82,82,82,82,82,82,82,82,82,82,82,82],"relics":["Cracked Core","Golden Idol","Vajra","Juzu Bracelet","Sundial","Old Coin","Kunai","Lizard Tail","Frozen Egg 2","Toolbox","Orichalcum","Strawberry","Dream Catcher","Busted Crown","Prayer Wheel","Omamori"],"card_choices":[{"not_picked":["Hello World","Coolheaded"],"picked":"Glacier","floor":1},{"not_picked":["Recycle","Leap"],"picked":"Cold Snap","floor":2},{"not_picked":["Storm","Turbo"],"picked":"Redo","floor":8},{"not_picked":["Doom and Gloom","Coolheaded"],"picked":"Go for the Eyes","floor":13},{"not_picked":["Auto Shields","Conserve Battery"],"picked":"Gash","floor":14},{"not_picked":["Seek","Biased Cognition"],"picked":"Echo Form","floor":16},{"not_picked":["Barrage","Auto Shields"],"picked":"Conserve Battery+1","floor":18},{"not_picked":["Barrage","Stack","Tempest"],"picked":"SKIP","floor":21},{"not_picked":["Steam+1","Genetic Algorithm","Sweeping Beam"],"picked":"SKIP","floor":24},{"not_picked":["Turbo","Coolheaded"],"picked":"Sunder","floor":31},{"not_picked":["Recycle+1","Ball Lightning"],"picked":"Beam Cell","floor":32},{"not_picked":["All For One","Multi-Cast"],"picked":"Electrodynamics+1","floor":33},{"not_picked":["Streamline+1"],"picked":"SKIP","floor":35},{"not_picked":[],"picked":"Consume+1","floor":41}],"player_experience":444214,"potions_floor_usage":[11,24,46,46],"damage_taken":[{"damage":1,"enemies":"Cultist","floor":1,"turns":3},{"damage":0,"enemies":"Small Slimes","floor":2,"turns":4},{"damage":3,"enemies":"Lagavulin","floor":8,"turns":9},{"damage":0,"enemies":"3 Sentries","floor":11,"turns":10},{"damage":2,"enemies":"Jaw Worm","floor":13,"turns":2},{"damage":0,"enemies":"Blue Slaver","floor":14,"turns":4},{"damage":7,"enemies":"The Guardian","floor":16,"turns":11},{"damage":13,"enemies":"Spheric Guardian","floor":18,"turns":5},{"damage":14,"enemies":"Shell Parasite","floor":21,"turns":8},{"damage":50,"enemies":"Slavers","floor":24,"turns":10},{"damage":9,"enemies":"Centurion and Healer","floor":31,"turns":7},{"damage":5,"enemies":"Collector","floor":33,"turns":14},{"damage":16,"enemies":"3 Darklings","floor":35,"turns":2},{"damage":1,"floor":38,"turns":8},{"damage":46,"enemies":"Nemesis","floor":41,"turns":9},{"damage":99,"enemies":"Time Eater","floor":46,"turns":14}],"relics_obtained":[{"floor":5,"key":"Vajra"},{"floor":8,"key":"Juzu Bracelet"},{"floor":9,"key":"Sundial"},{"floor":11,"key":"Old Coin"},{"floor":24,"key":"Toolbox"},{"floor":26,"key":"Orichalcum"},{"floor":28,"key":"Strawberry"},{"floor":38,"key":"Prayer Wheel"},{"floor":41,"key":"Omamori"}],"event_choices":[{"event_name":"Golden Idol","player_choice":"Take Damage","floor":3,"damage_taken":0},{"event_name":"Shining Light","player_choice":"Entered Light","floor":4,"damage_taken":0},{"event_name":"Upgrade Shrine","player_choice":"Upgraded","floor":7,"damage_taken":0},{"event_name":"The Lab","player_choice":"Got Potions","floor":10,"damage_taken":0},{"event_name":"Dead Adventurer","player_choice":"Searched \u00271\u0027 times","floor":11,"damage_taken":0},{"event_name":"Addict","player_choice":"Obtained Relic","floor":19,"damage_taken":0},{"event_name":"The Library","player_choice":"Heal","floor":22,"damage_taken":0},{"event_name":"The Mausoleum","player_choice":"Yes","floor":30,"damage_taken":0},{"event_name":"Tomb of Lord Red Mask","player_choice":"Ignored","floor":36,"damage_taken":0},{"event_name":"Bonfire Elementals","player_choice":"BASIC","floor":37,"damage_taken":0},{"event_name":"MindBloom","player_choice":"Fight","floor":38,"damage_taken":0},{"event_name":"SecretPortal","player_choice":"Took Portal.","floor":45,"damage_taken":0}],"boss_relics":[{"not_picked":["Runic Dome","Orrery"],"picked":"Lizard Tail"},{"not_picked":["Inserter","Pandora\u0027s Box"],"picked":"Busted Crown"}],"items_purged_floors":[12,20,29],"potions_floor_spawned":[1,2,11,13,21,31,35],"seed_played":"5170265084864915225","killed_by":"Time Eater","ascension_level":3,"potions_obtained":[{"floor":1,"key":"Fire Potion"},{"floor":2,"key":"Ancient Potion"},{"floor":10,"key":"SmokeBomb"},{"floor":11,"key":"Explosive Potion"},{"floor":31,"key":"EssenceOfSteel"}],"is_trial":false}