{"gold_per_floor":[111,121,18,34,53,86,86,103,103,278,297,297,297,309,309,309],"floor_reached":16,"playtime":1119,"items_purged":[],"score":120,"play_id":"63e05010-6e89-4b5a-9e3b-cd35982e30a7","local_time":"20190116174106","is_ascension_mode":true,"campfire_choices":[{"floor":7.0,"key":"REST"},{"floor":13.0,"key":"REST"},{"floor":15.0,"key":"RECALL"}],"neow_cost":"NONE","seed_source_timestamp":46516192139304,"circlet_count":0,"master_deck":["Strike_B","Strike_B","Strike_B","Strike_B","Defend_B","Defend_B","Defend_B","Defend_B","Zap","Dualcast","Conserve Battery","Conserve Battery","Coolheaded","Beam Cell","Self Repair","Streamline","Cold Snap","Doubt","Ball Lightning","Cold Snap"],"special_seed":0,"relics":["Cracked Core","The Courier"],"potions_floor_usage":[16,16],"damage_taken":[{"damage":0.0,"enemies":"2 Louse","floor":1.0,"turns":1.0},{"damage":2.0,"enemies":"Small Slimes","floor":2.0,"turns":3.0},{"damage":0.0,"enemies":"Cultist","floor":4.0,"turns":3.0},{"damage":6.0,"enemies":"Looter","floor":5.0,"turns":3.0},{"damage":79.0,"enemies":"Gremlin Nob","floor":6.0,"turns":6.0},{"damage":11.0,"enemies":"Red Slaver","floor":8.0,"turns":5.0},{"damage":3.0,"enemies":"Large Slime","floor":11.0,"turns":6.0},{"damage":6.0,"enemies":"Blue Slaver","floor":14.0,"turns":2.0},{"damage":46,"enemies":"The Guardian","floor":16,"turns":10}],"seed_played":"-5453372351201022966","potions_obtained":[{"floor":5.0,"key":"LiquidBronze"},{"floor":8.0,"key":"Swift Potion"}],"is_trial":false,"path_per_floor":["M","M","$","M","M","E","R","M","T","?","M","?","R","M","R","B"],"character_chosen":"DEFECT","items_purchased":["Coolheaded","Beam Cell"],"campfire_rested":2,"item_purchase_floors":[3,3],"current_hp_per_floor":[82,80,80,80,81,9,33,29,29,29,33,26,50,44,44,0],"gold":309,"neow_bonus":"TEN_PERCENT_HP_BONUS","is_prod":false,"is_daily":false,"chose_seed":false,"campfire_upgraded":0,"win_rate":0,"timestamp":1547689266,"path_taken":["M","M","$","M","M","E","R","M","T","?","M","?","R","M","R","BOSS"],"build_version":"2019-01-10","purchased_purges":0,"victory":false,"max_hp_per_floor":[82,82,82,82,82,82,82,82,82,82,82,82,82,82,82,82],"card_choices":[{"not_picked":["Force Field","Steam"],"picked":"Conserve Battery","floor":1.0},{"not_picked":["Hologram","Leap"],"picked":"Conserve Battery","floor":2.0},{"not_picked":["Melter","Capacitor"],"picked":"Self Repair","floor":4.0},{"not_picked":["Leap","Lockon","Beam Cell"],"picked":"SKIP","floor":5.0},{"not_picked":["Double Energy","Lockon"],"picked":"Streamline","floor":6.0},{"not_picked":["Rebound","Stack"],"picked":"Cold Snap","floor":8.0},{"not_picked":["Buffer","Tempest"],"picked":"Ball Lightning","floor":11.0},{"not_picked":["Leap","Steam"],"picked":"Cold Snap","floor":14.0}],"player_experience":321401,"relics_obtained":[{"floor":6.0,"key":"The Courier"}],"event_choices":[{"damage_healed":0.0,"max_hp_gain":0.0,"max_hp_loss":0.0,"gold_gain":175.0,"event_name":"Liars Game","player_choice":"AGREE","floor":10.0,"gold_loss":0.0,"damage_taken":0.0,"cards_obtained":["Doubt"]},{"damage_healed":0.0,"max_hp_gain":0.0,"max_hp_loss":0.0,"gold_gain":0.0,"event_name":"Scrap Ooze","player_choice":"Fled","floor":12.0,"gold_loss":0.0,"damage_taken":7.0}],"is_beta":false,"boss_relics":[],"items_purged_floors":[],"is_endless":false,"potions_floor_spawned":[5,8],"killed_by":"The Guardian","ascension_level":3}