{"path_per_floor":["M","M","?","T","M","E","R","$","T","M","R","E","$","?","R","B",null,"M","?","$","M","M","M","E","R","T"],"character_chosen":"DEFECT","items_purchased":["Happy Flower","Redo","Bandage Up"],"gold_per_floor":[109,122,197,197,214,239,239,84,134,154,154,181,159,159,159,262,262,282,282,115,125,139,152,179,179,234,234],"floor_reached":27,"campfire_rested":0,"playtime":1379,"item_purchase_floors":[8,13,20],"current_hp_per_floor":[75,75,64,64,61,47,47,47,47,43,43,47,47,40,40,42,85,74,74,74,58,62,45,39,39,39,0],"items_purged":["Strike_B"],"gold":234,"score":253,"play_id":"1c221a7b-f7c8-423f-ba37-c9241fca438d","local_time":"20180522211058","is_prod":false,"is_daily":false,"chose_seed":false,"is_ascension_mode":true,"campfire_upgraded":4,"timestamp":1526994658,"campfire_choices":[{"data":"Zap","floor":7,"key":"SMITH"},{"data":"Redo","floor":11,"key":"SMITH"},{"data":"Redo","floor":15,"key":"SMITH"},{"data":"Double Energy","floor":25,"key":"SMITH"}],"path_taken":["M","M","?","?","?","E","R","?","T","?","R","E","$","?","R","BOSS","M","?","$","M","?","M","E","R","T","E"],"build_version":"2018-05-21v2","seed_source_timestamp":358630235675384,"purchased_purges":1,"victory":false,"master_deck":["Strike_B","Strike_B","Defend_B","Defend_B","Defend_B","Defend_B","Zap+1","Redo+1","Streamline","Ball Lightning","Conserve Battery","Loop","Redo+1","Buffer","Double Energy+1","Bandage Up","Tempest+1","Consume+1"],"max_hp_per_floor":[75,75,75,75,75,75,75,75,75,75,75,85,85,85,85,85,85,85,85,85,85,85,85,85,85,85,85],"relics":["Cracked Core","Meat on the Bone","Dodecahedron","Happy Flower","Oddly Smooth Stone","Pear","White Beast Statue","Bag of Marbles","Regal Pillow"],"card_choices":[{"not_picked":["Coolheaded","Rebound"],"picked":"Redo","floor":1},{"not_picked":["Sweeping Beam","Double Energy"],"picked":"Streamline","floor":2},{"not_picked":["Sunder","Cold Snap"],"picked":"Ball Lightning","floor":5},{"not_picked":["Sunder","Machine Learning"],"picked":"Conserve Battery","floor":6},{"not_picked":["Tempest","FTL"],"picked":"Loop","floor":10},{"not_picked":["Reprogram","BootSequence","Axe Kick"],"picked":"SKIP","floor":12},{"not_picked":["Creative AI","Hyperbeam"],"picked":"Buffer","floor":16},{"not_picked":["Recycle","Reprogram"],"picked":"Double Energy","floor":18},{"not_picked":["Doom and Gloom","Coolheaded"],"picked":"Tempest+1","floor":21},{"not_picked":["Axe Kick","Steam+1","Streamline+1"],"picked":"SKIP","floor":22},{"not_picked":["Rebound+1","Turbo+1"],"picked":"Consume+1","floor":23},{"not_picked":["Stack","Chaos+1","Chill+1"],"picked":"SKIP","floor":24}],"player_experience":43260,"potions_floor_usage":[2,5,6,22,22,23,24,27],"damage_taken":[{"damage":0,"enemies":"Small Slimes","floor":1,"turns":4},{"damage":0,"enemies":"2 Louse","floor":2,"turns":1},{"damage":3,"enemies":"Jaw Worm","floor":5,"turns":3},{"damage":14,"enemies":"Gremlin Nob","floor":6,"turns":4},{"damage":4,"enemies":"Exordium Wildlife","floor":10,"turns":3},{"damage":18,"enemies":"3 Sentries","floor":12,"turns":5},{"damage":10,"enemies":"The Guardian","floor":16,"turns":9},{"damage":11,"enemies":"3 Byrds","floor":18,"turns":4},{"damage":20,"enemies":"2 Thieves","floor":21,"turns":4},{"damage":0,"enemies":"Snake Plant","floor":22,"turns":2},{"damage":33,"enemies":"3 Cultists","floor":23,"turns":5},{"damage":22,"enemies":"Book of Stabbing","floor":24,"turns":5},{"damage":51,"enemies":"Slavers","floor":27,"turns":3}],"relics_obtained":[{"floor":4,"key":"Meat on the Bone"},{"floor":6,"key":"Dodecahedron"},{"floor":9,"key":"Oddly Smooth Stone"},{"floor":12,"key":"Pear"},{"floor":24,"key":"Bag of Marbles"},{"floor":26,"key":"Regal Pillow"}],"event_choices":[{"event_name":"World of Goop","player_choice":"Gather Gold","floor":3,"damage_taken":0},{"event_name":"Golden Wing","player_choice":"Card Removal","floor":14,"damage_taken":0},{"event_name":"Bonfire Elementals","player_choice":"BASIC","floor":19,"damage_taken":0}],"boss_relics":[{"not_picked":["Sozu","Runic Dome"],"picked":"White Beast Statue"}],"items_purged_floors":[20],"potions_floor_spawned":[2,6,18,21,22,23,24],"seed_played":"-7298623557618288217","killed_by":"Slavers","ascension_level":1,"potions_obtained":[{"floor":2,"key":"Weak Potion"},{"floor":6,"key":"Strength Potion"},{"floor":18,"key":"Explosive Potion"},{"floor":22,"key":"PowerPotion"},{"floor":23,"key":"Weak Potion"},{"floor":24,"key":"Ancient Potion"}],"is_trial":false}