{"gold_per_floor":[113,113,183,17,67,67,192,192,218,218,268,304,319,357,357,455,455,479,529,543,568,618,657,677,255,279,279,313,333,377,427,427,427],"floor_reached":33,"playtime":1243,"items_purged":["Writhe"],"score":822,"play_id":"e25999fb-6184-40dc-8def-d7736fe3e6af","local_time":"20190116010350","is_ascension_mode":true,"campfire_choices":[{"data":"Zap","floor":6.0,"key":"SMITH"},{"data":"Chill","floor":8.0,"key":"SMITH"},{"data":"Dualcast","floor":10.0,"key":"SMITH"},{"data":"Buffer","floor":15.0,"key":"SMITH"},{"floor":27.0,"key":"REST"},{"floor":32,"key":"REST"}],"neow_cost":"NONE","seed_source_timestamp":44228239989945,"circlet_count":0,"master_deck":["AscendersBane","Strike_B+1","Strike_B+1","Strike_B+1","Strike_B+1","Defend_B+1","Defend_B+1","Defend_B+1","Defend_B+1","Zap+1","Dualcast+1","Chill+1","Cold Snap+1","Conserve Battery","Beam Cell","Buffer+1","Electrodynamics","Tempest+1","Ghostly","Ghostly","Ghostly","Darkness+1","Coolheaded","Auto Shields","Doom and Gloom"],"special_seed":0,"relics":["Cracked Core","NeowsBlessing","SsserpentHead","Lantern","Golden Idol","Whetstone","Potion Belt","Letter Opener","Sozu","Darkstone Periapt","Blood Vial","Vajra","Anchor","Torii","Sundial"],"potions_floor_usage":[],"damage_taken":[{"damage":0.0,"enemies":"2 Louse","floor":1.0,"turns":1.0},{"damage":0.0,"enemies":"Cultist","floor":3.0,"turns":1.0},{"damage":0.0,"enemies":"3 Sentries","floor":12.0,"turns":1.0},{"damage":0.0,"enemies":"Small Slimes","floor":13.0,"turns":2.0},{"damage":7.0,"enemies":"Lagavulin","floor":14.0,"turns":7.0},{"damage":0.0,"enemies":"Slime Boss","floor":16.0,"turns":8.0},{"damage":2.0,"enemies":"Spheric Guardian","floor":18.0,"turns":5.0},{"damage":0.0,"enemies":"2 Thieves","floor":20.0,"turns":4.0},{"damage":9.0,"enemies":"Snecko","floor":21.0,"turns":6.0},{"damage":14.0,"enemies":"Slavers","floor":23.0,"turns":5.0},{"damage":19.0,"enemies":"Centurion and Healer","floor":24.0,"turns":6.0},{"damage":0,"enemies":"Gremlin Leader","floor":28,"turns":6},{"damage":0,"enemies":"Snake Plant","floor":29,"turns":2},{"damage":14,"enemies":"Book of Stabbing","floor":30,"turns":6},{"damage":33,"enemies":"Collector","floor":33,"turns":7}],"seed_played":"8916264716687487863","potions_obtained":[{"floor":1.0,"key":"Block Potion"},{"floor":3.0,"key":"Fire Potion"},{"floor":13.0,"key":"Fire Potion"}],"is_trial":false,"path_per_floor":["M","?","M","$","?","R","?","R","T","R","?","E","M","E","R","B",null,"M","?","M","M","?","E","M","$","T","R","E","M","E","?","R","B"],"character_chosen":"DEFECT","items_purchased":["Lantern","Auto Shields","Vajra","Doom and Gloom"],"campfire_rested":2,"item_purchase_floors":[4,25,25,25],"current_hp_per_floor":[64,64,64,64,64,64,53,53,53,53,34,34,34,27,27,27,55,53,59,59,50,35,21,4,4,4,14,16,18,6,6,16,0],"gold":427,"neow_bonus":"THREE_ENEMY_KILL","is_prod":false,"is_daily":false,"chose_seed":false,"campfire_upgraded":4,"win_rate":0,"timestamp":1547597030,"path_taken":["M","?","?","$","?","R","?","R","T","R","?","E","M","E","R","BOSS","M","?","M","M","?","E","M","$","T","R","E","M","E","?","R","BOSS"],"build_version":"2019-01-14v2","purchased_purges":1,"victory":false,"max_hp_per_floor":[71,71,71,71,64,64,64,64,64,64,64,64,64,64,64,64,64,64,70,70,70,35,35,35,35,35,35,35,35,35,35,35,35],"card_choices":[{"not_picked":["FTL","Sweeping Beam"],"picked":"Chill","floor":1.0},{"not_picked":["Turbo","Heatsinks"],"picked":"Cold Snap","floor":3.0},{"not_picked":["Stack","Hello World"],"picked":"Conserve Battery","floor":12.0},{"not_picked":["Static Discharge","Gash"],"picked":"Beam Cell","floor":13.0},{"not_picked":["Reprogram","Sweeping Beam"],"picked":"Buffer","floor":14.0},{"not_picked":["Biased Cognition","Multi-Cast"],"picked":"Electrodynamics","floor":16.0},{"not_picked":["Conserve Battery","Rebound","Barrage"],"picked":"SKIP","floor":18.0},{"not_picked":["Conserve Battery","Redo","Compile Driver"],"picked":"SKIP","floor":20.0},{"not_picked":["Reprogram","Sweeping Beam"],"picked":"Tempest+1","floor":21.0},{"not_picked":["Force Field","Aggregate"],"picked":"Darkness+1","floor":23.0},{"not_picked":["Cold Snap","Beam Cell"],"picked":"Coolheaded","floor":24.0},{"not_picked":["Consume+1","Redo","Thunder Strike"],"picked":"SKIP","floor":28},{"not_picked":["Ball Lightning","Go for the Eyes","Barrage"],"picked":"SKIP","floor":29},{"not_picked":["Fusion","Coolheaded","Compile Driver"],"picked":"SKIP","floor":30}],"player_experience":927330,"relics_obtained":[{"floor":9.0,"key":"Whetstone"},{"floor":12.0,"key":"Potion Belt"},{"floor":14.0,"key":"Letter Opener"},{"floor":23.0,"key":"Blood Vial"},{"floor":26.0,"key":"Anchor"},{"floor":28,"key":"Torii"},{"floor":30,"key":"Sundial"}],"event_choices":[{"damage_healed":0.0,"max_hp_gain":0.0,"max_hp_loss":0.0,"gold_gain":0.0,"event_name":"FaceTrader","player_choice":"Trade","floor":2.0,"gold_loss":0.0,"damage_taken":0.0,"relics_obtained":["SsserpentHead"]},{"damage_healed":0.0,"max_hp_gain":0.0,"max_hp_loss":7.0,"gold_gain":0.0,"event_name":"Golden Idol","player_choice":"Lose Max HP","floor":5.0,"gold_loss":0.0,"damage_taken":0.0,"relics_obtained":["Golden Idol"]},{"damage_healed":0.0,"max_hp_gain":0.0,"max_hp_loss":0.0,"gold_gain":75.0,"event_name":"World of Goop","player_choice":"Gather Gold","floor":7.0,"gold_loss":0.0,"damage_taken":11.0},{"damage_healed":0.0,"max_hp_gain":0.0,"max_hp_loss":0.0,"gold_gain":0.0,"event_name":"Shining Light","player_choice":"Entered Light","floor":11.0,"gold_loss":0.0,"damage_taken":19.0,"cards_upgraded":["Strike_B","Defend_B"]},{"damage_healed":0.0,"max_hp_gain":0.0,"max_hp_loss":0.0,"gold_gain":0.0,"event_name":"The Mausoleum","player_choice":"Opened","floor":19.0,"gold_loss":0.0,"damage_taken":0.0,"relics_obtained":["Darkstone Periapt"],"cards_obtained":["Writhe"]},{"damage_healed":0.0,"max_hp_gain":0.0,"max_hp_loss":35.0,"gold_gain":0.0,"event_name":"Ghosts","player_choice":"Became a Ghost","floor":22.0,"gold_loss":0.0,"damage_taken":0.0,"cards_obtained":["Ghostly","Ghostly","Ghostly"]},{"damage_healed":0,"gold_gain":0,"player_choice":"Simplicity","damage_taken":0,"max_hp_gain":0,"max_hp_loss":0,"event_name":"Back to Basics","floor":31,"gold_loss":0,"cards_upgraded":["Strike_B","Strike_B","Defend_B","Defend_B","Defend_B"]}],"is_beta":true,"boss_relics":[{"not_picked":["Tiny House","Orrery"],"picked":"Sozu"}],"items_purged_floors":[25],"is_endless":false,"potions_floor_spawned":[1,3,13,18,21,23,28],"killed_by":"Collector","ascension_level":20}