{"gold_per_floor":[114,114,126,139,139,139,152,184,209,240,240,240,240,255,255,352,352,370,22,22,22,22,22,54,54,77,77,110,122,122,134,134,134],"floor_reached":33,"playtime":890,"items_purged":[],"score":325,"play_id":"bdc5ade1-791c-4e2f-b2f8-f5efb5fd497e","local_time":"20181230135804","is_ascension_mode":true,"campfire_choices":[{"data":"Zap","floor":6,"key":"SMITH"},{"floor":13,"key":"REST"},{"data":"Static Discharge","floor":15,"key":"SMITH"},{"data":"Echo Form","floor":23,"key":"SMITH"},{"floor":27,"key":"REST"},{"floor":30,"key":"REST"},{"floor":32,"key":"REST"}],"neow_cost":"PERCENT_DAMAGE","seed_source_timestamp":155240680967800,"circlet_count":0,"master_deck":["Strike_B","Strike_B","Strike_B","Defend_B","Defend_B","Defend_B","Defend_B","Zap+1","Dualcast","Dramatic Entrance","Swift Strike","Gash","Beam Cell","Coolheaded","Melter","Blizzard","Beam Cell","Parasite","Static Discharge+1","Echo Form+1","Loop+1","Storm","Glacier","Shame","BootSequence"],"relics":["Cracked Core","GremlinMask","Art of War","Oddly Smooth Stone","Ancient Tea Set","Turnip","White Beast Statue","Kunai","Frozen Egg 2","Red Mask","Incense Burner","Bag of Preparation","Singing Bowl"],"potions_floor_usage":[24,28,29,31,33],"damage_taken":[{"damage":0,"enemies":"Small Slimes","floor":1,"turns":2},{"damage":0,"enemies":"Cultist","floor":3,"turns":2},{"damage":2,"enemies":"Jaw Worm","floor":4,"turns":2},{"damage":14,"enemies":"Red Slaver","floor":7,"turns":4},{"damage":8,"enemies":"Gremlin Nob","floor":8,"turns":3},{"damage":20,"enemies":"Lagavulin","floor":10,"turns":5},{"damage":8,"enemies":"Looter","floor":14,"turns":3},{"damage":27,"enemies":"Hexaghost","floor":16,"turns":9},{"damage":24,"enemies":"Chosen","floor":18,"turns":3},{"damage":66,"enemies":"Masked Bandits","floor":24,"turns":4},{"damage":21,"enemies":"Book of Stabbing","floor":28,"turns":4},{"damage":2,"enemies":"2 Thieves","floor":29,"turns":4},{"damage":27,"enemies":"Cultist and Chosen","floor":31,"turns":6},{"damage":37,"enemies":"Champ","floor":33,"turns":7}],"seed_played":"-8849046191480158241","potions_obtained":[{"floor":3,"key":"FocusPotion"},{"floor":14,"key":"FearPotion"},{"floor":18,"key":"Ancient Potion"},{"floor":24,"key":"Block Potion"},{"floor":28,"key":"Swift Potion"},{"floor":29,"key":"Swift Potion"},{"floor":31,"key":"Fire Potion"}],"is_trial":false,"path_per_floor":["M","?","M","M","?","R","M","E","T","E","?","?","R","M","R","B",null,"M","$","?","?","?","R","?","T","T","R","E","M","R","M","R","B"],"character_chosen":"DEFECT","items_purchased":["Storm","Glacier","Kunai"],"campfire_rested":4,"item_purchase_floors":[19,19,19],"current_hp_per_floor":[54,54,54,52,52,52,38,30,30,10,3,21,43,35,35,8,75,51,51,51,51,75,75,9,9,9,31,12,10,33,8,31,0],"gold":134,"neow_bonus":"RANDOM_COLORLESS_2","is_prod":false,"is_daily":false,"chose_seed":false,"campfire_upgraded":3,"win_rate":0,"timestamp":1546149484,"path_taken":["M","?","M","?","?","R","?","E","T","E","?","?","R","M","R","BOSS","M","$","?","?","?","R","?","?","T","R","E","M","R","M","R","BOSS"],"build_version":"2018-12-20","purchased_purges":0,"victory":false,"max_hp_per_floor":[75,75,75,75,75,75,75,75,75,75,75,75,75,75,75,75,75,75,75,75,75,75,75,75,75,75,75,77,77,77,79,79,79],"card_choices":[{"not_picked":["Conserve Battery","Ball Lightning"],"picked":"Gash","floor":1},{"not_picked":["Defragment","Compile Driver"],"picked":"Beam Cell","floor":3},{"not_picked":["Steam","Blizzard"],"picked":"Coolheaded","floor":4},{"not_picked":["Compile Driver","Loop"],"picked":"Melter","floor":7},{"not_picked":["Chaos","Capacitor"],"picked":"Blizzard","floor":8},{"not_picked":["Barrage","Force Field"],"picked":"Beam Cell","floor":10},{"not_picked":["Steam Power","Chaos"],"picked":"Static Discharge","floor":14},{"not_picked":["Seek","Hyperbeam"],"picked":"Echo Form","floor":16},{"not_picked":["Barrage","Reprogram+1"],"picked":"Loop+1","floor":18},{"not_picked":["Go for the Eyes","Reinforced Body","Leap"],"picked":"Singing Bowl","floor":28},{"not_picked":["Force Field","Conserve Battery"],"picked":"BootSequence","floor":29},{"not_picked":["Barrage","Reprogram+1","Compile Driver"],"picked":"Singing Bowl","floor":31}],"player_experience":549021,"relics_obtained":[{"floor":8,"key":"Art of War"},{"floor":9,"key":"Oddly Smooth Stone"},{"floor":10,"key":"Ancient Tea Set"},{"floor":24,"key":"Red Mask"},{"floor":25,"key":"Incense Burner"},{"floor":26,"key":"Bag of Preparation"},{"floor":28,"key":"Singing Bowl"}],"event_choices":[{"cards_removed":["Strike_B"],"damage_healed":0,"gold_gain":0,"player_choice":"Purged","damage_taken":0,"max_hp_gain":0,"max_hp_loss":0,"event_name":"Purifier","floor":2,"gold_loss":0},{"damage_healed":0,"gold_gain":0,"player_choice":"Trade","damage_taken":0,"relics_obtained":["GremlinMask"],"max_hp_gain":0,"max_hp_loss":0,"event_name":"FaceTrader","floor":5,"gold_loss":0},{"damage_healed":0,"gold_gain":0,"player_choice":"Success","damage_taken":7,"relics_obtained":["Turnip"],"max_hp_gain":0,"max_hp_loss":0,"event_name":"Scrap Ooze","floor":11,"gold_loss":0},{"damage_healed":18,"gold_gain":0,"player_choice":"Healed and dodged fight","damage_taken":0,"max_hp_gain":0,"max_hp_loss":0,"event_name":"Mushrooms","floor":12,"gold_loss":0,"cards_obtained":["Parasite"]},{"damage_healed":0,"gold_gain":0,"player_choice":"Stole Relic","damage_taken":0,"relics_obtained":["Frozen Egg 2"],"max_hp_gain":0,"max_hp_loss":0,"event_name":"Addict","floor":20,"gold_loss":0,"cards_obtained":["Shame"]},{"damage_healed":0,"gold_gain":0,"player_choice":"Ignored","damage_taken":0,"max_hp_gain":0,"max_hp_loss":0,"event_name":"Beggar","floor":21,"gold_loss":0},{"damage_healed":25,"gold_gain":0,"player_choice":"Heal","damage_taken":0,"max_hp_gain":0,"max_hp_loss":0,"event_name":"The Library","floor":22,"gold_loss":0},{"damage_healed":0,"gold_gain":0,"player_choice":"Fought Bandits","damage_taken":0,"max_hp_gain":0,"max_hp_loss":0,"event_name":"Masked Bandits","floor":24,"gold_loss":0}],"is_beta":false,"boss_relics":[{"not_picked":["Sozu","Ectoplasm"],"picked":"White Beast Statue"}],"items_purged_floors":[],"is_endless":false,"potions_floor_spawned":[3,14,18,24,28,29,31],"killed_by":"Champ","ascension_level":4}