{"gold_per_floor":[110,110,110,60,77,27,44,77,77,94,94,13,44,44,44,149,149,163,163,181,181,201,234,246,274,299,318,332,58,93,108,108,212,212,224,224,274,549,4,4,31,31,31,61,74,36,47,64,64,64],"floor_reached":51,"playtime":3073,"items_purged":["Defend_B","Regret"],"score":850,"play_id":"da0f694a-b3c6-434c-ac69-3dc8b951b609","local_time":"20180928130134","is_ascension_mode":false,"campfire_choices":[{"data":"Zap","floor":11,"key":"SMITH"},{"data":"Defragment","floor":15,"key":"SMITH"},{"data":"Fission","floor":32,"key":"SMITH"},{"data":"Buffer","floor":40,"key":"SMITH"},{"data":"Creative AI","floor":42,"key":"SMITH"},{"data":"Capacitor","floor":49,"key":"SMITH"}],"neow_cost":"","seed_source_timestamp":3587810316342,"circlet_count":0,"master_deck":["Strike_B+1","Defend_B","Defend_B","Defend_B+1","Zap+1","Dualcast","Cold Snap","Chill","Conserve Battery","Echo Form","Fission+1","Ball Lightning","Loop","Defragment+1","Buffer+1","Cold Snap+1","Defragment","Tempest+1","White Noise+1","White Noise+1","Conserve Battery+1","Turbo+1","Storm+1","Capacitor+1","Hello World","Creative AI+1","FTL+1","Madness","Madness","Storm","Storm+1","Shame","Conserve Battery+1","Self Repair","BootSequence+1","Glacier+1"],"relics":["Cracked Core","GremlinMask","Bird Faced Urn","Peace Pipe","PreservedInsect","Question Card","Runic Pyramid","Shuriken","Mango","Strawberry","Strange Spoon","Bottled Lightning","Cursed Key","Turnip","Darkstone Periapt","Toolbox","Art of War","Cables","Mummified Hand"],"potions_floor_usage":[8,16,24,33,33,44,44,50,50],"damage_taken":[{"damage":6,"enemies":"Jaw Worm","floor":1,"turns":3},{"damage":2,"enemies":"Cultist","floor":5,"turns":4},{"damage":0,"enemies":"2 Louse","floor":7,"turns":3},{"damage":6,"enemies":"Lagavulin","floor":8,"turns":8},{"damage":0,"enemies":"2 Fungi Beasts","floor":10,"turns":5},{"damage":8,"enemies":"3 Sentries","floor":13,"turns":6},{"damage":27,"enemies":"Slime Boss","floor":16,"turns":4},{"damage":11,"enemies":"Chosen","floor":18,"turns":6},{"damage":0,"enemies":"Spheric Guardian","floor":20,"turns":4},{"damage":6,"enemies":"Shelled Parasite and Fungi","floor":22,"turns":6},{"damage":27,"enemies":"Slavers","floor":23,"turns":5},{"damage":11,"enemies":"Snake Plant","floor":24,"turns":5},{"damage":25,"enemies":"Gremlin Leader","floor":25,"turns":6},{"damage":0,"enemies":"3 Cultists","floor":27,"turns":6},{"damage":16,"enemies":"Cultist and Chosen","floor":28,"turns":5},{"damage":11,"enemies":"Book of Stabbing","floor":30,"turns":4},{"damage":0,"enemies":"Snecko","floor":31,"turns":4},{"damage":3,"enemies":"Champ","floor":33,"turns":5},{"damage":22,"enemies":"3 Shapes","floor":35,"turns":3},{"damage":10,"enemies":"Mysterious Sphere","floor":37,"turns":5},{"damage":63,"enemies":"2 Orb Walkers","floor":41,"turns":4},{"damage":0,"enemies":"Nemesis","floor":44,"turns":3},{"damage":2,"enemies":"Orb Walker","floor":45,"turns":2},{"damage":0,"enemies":"Spire Growth","floor":47,"turns":3},{"damage":0,"enemies":"3 Darklings","floor":48,"turns":3},{"damage":34,"enemies":"Time Eater","floor":50,"turns":5}],"seed_played":"2396941480562352119","potions_obtained":[{"floor":5,"key":"Weak Potion"},{"floor":13,"key":"FocusPotion"},{"floor":16,"key":"Swift Potion"},{"floor":18,"key":"Strength Potion"},{"floor":24,"key":"Strength Potion"},{"floor":30,"key":"SkillPotion"},{"floor":31,"key":"FocusPotion"},{"floor":33,"key":"Explosive Potion"},{"floor":41,"key":"SkillPotion"},{"floor":45,"key":"SteroidPotion"},{"floor":47,"key":"Strength Potion"}],"is_trial":false,"path_per_floor":["M","?","?","?","M","$","M","E","T","M","R","$","E","?","R","B",null,"M","?","M","?","M","E","M","E","T","M","M","$","E","M","R","B",null,"M","?","?","?","$","R","E","R","T","E","M","$","M","M","R","B"],"character_chosen":"DEFECT","items_purchased":["Conserve Battery","Loop","Strange Spoon","Darkstone Periapt","Toolbox","Self Repair"],"campfire_rested":0,"item_purchase_floors":[6,12,29,39,39,46],"current_hp_per_floor":[69,69,54,54,52,52,52,46,46,48,48,48,44,37,37,16,75,71,71,75,75,73,54,53,52,59,71,72,72,92,96,96,96,96,93,81,89,89,89,89,40,40,46,64,72,72,97,102,102,86],"gold":64,"neow_bonus":"","is_prod":false,"is_daily":false,"chose_seed":false,"campfire_upgraded":6,"win_rate":0,"timestamp":1538114494,"path_taken":["M","?","?","?","M","$","M","E","T","M","R","$","E","?","R","BOSS","M","?","M","?","M","E","M","E","T","M","M","?","E","M","R","BOSS","M","?","?","?","$","R","E","R","T","E","M","$","?","M","R","BOSS"],"build_version":"2018-09-27","purchased_purges":2,"victory":true,"max_hp_per_floor":[75,75,75,75,75,75,75,75,75,75,75,75,75,75,75,75,75,75,75,75,75,75,75,75,89,96,96,96,96,96,96,96,96,96,96,96,96,96,96,96,96,96,102,102,102,102,102,102,102,102],"card_choices":[{"not_picked":["Coolheaded","Steam"],"picked":"Cold Snap","floor":1},{"not_picked":["Cold Snap","Aggregate"],"picked":"Chill","floor":5},{"not_picked":["Streamline","Go for the Eyes"],"picked":"Echo Form","floor":7},{"not_picked":["Leap","Sweeping Beam"],"picked":"Fission","floor":8},{"not_picked":["Gash","Barrage"],"picked":"Ball Lightning","floor":10},{"not_picked":["White Noise","Go for the Eyes"],"picked":"Defragment","floor":13},{"not_picked":["Meteor Strike","Machine Learning","Echo Form"],"picked":"Buffer","floor":16},{"not_picked":["Beam Cell","Steam Power","Conserve Battery"],"picked":"Cold Snap+1","floor":18},{"not_picked":["Leap","Melter","Rip and Tear"],"picked":"Defragment","floor":20},{"not_picked":["Rebound","Streamline","Undo+1"],"picked":"Tempest+1","floor":22},{"not_picked":["Tempest+1","Hologram","Ball Lightning"],"picked":"White Noise+1","floor":23},{"not_picked":["Rip and Tear","Force Field+1","Static Discharge+1"],"picked":"White Noise+1","floor":24},{"not_picked":["Self Repair","Hyperbeam","Compile Driver+1"],"picked":"Conserve Battery+1","floor":25},{"not_picked":["Recycle","Go for the Eyes","Sweeping Beam"],"picked":"Turbo+1","floor":27},{"not_picked":["Rebound","Consume+1","Streamline"],"picked":"Storm+1","floor":28},{"not_picked":["Chill","Rip and Tear+1","White Noise"],"picked":"Capacitor","floor":30},{"not_picked":["Static Discharge+1","Redo","Melter"],"picked":"Hello World","floor":31},{"not_picked":["Machine Learning","Thunder Strike","Echo Form"],"picked":"Creative AI","floor":33},{"not_picked":["Go for the Eyes","Steam+1","Coolheaded+1"],"picked":"FTL+1","floor":35},{"not_picked":["Blizzard+1","Stack+1","Rebound"],"picked":"Storm","floor":37},{"not_picked":["Gash","Go for the Eyes","Barrage"],"picked":"Storm+1","floor":41},{"not_picked":["Go for the Eyes","Compile Driver","Beam Cell","Hologram"],"picked":"SKIP","floor":44},{"not_picked":["Reprogram","Coolheaded+1","Scrape+1"],"picked":"Conserve Battery+1","floor":45},{"not_picked":["Consume+1","FTL+1","Thunder Strike"],"picked":"BootSequence+1","floor":47},{"not_picked":["Blizzard","Coolheaded","Steam+1"],"picked":"Glacier+1","floor":48}],"player_experience":234078,"relics_obtained":[{"floor":8,"key":"Bird Faced Urn"},{"floor":9,"key":"Peace Pipe"},{"floor":13,"key":"PreservedInsect"},{"floor":23,"key":"Shuriken"},{"floor":25,"key":"Mango"},{"floor":26,"key":"Strawberry"},{"floor":30,"key":"Bottled Lightning"},{"floor":37,"key":"Turnip"},{"floor":41,"key":"Art of War"},{"floor":43,"key":"Cables"},{"floor":44,"key":"Mummified Hand"}],"event_choices":[{"event_name":"FaceTrader","player_choice":"Trade","floor":2,"damage_taken":0},{"event_name":"Shining Light","player_choice":"Entered Light","floor":3,"damage_taken":0},{"event_name":"The Cleric","player_choice":"Card Removal","floor":4,"damage_taken":0},{"event_name":"Scrap Ooze","player_choice":"success","floor":14,"damage_taken":7},{"event_name":"Purifier","player_choice":"One Purge","floor":19,"damage_taken":0},{"event_name":"Back to Basics","player_choice":"Elegance","floor":21,"damage_taken":0},{"event_name":"Winding Halls","player_choice":"Embrace Madness","floor":36,"damage_taken":0},{"event_name":"Mysterious Sphere","player_choice":"Fight","floor":37,"damage_taken":0},{"event_name":"Golden Shrine","player_choice":"Desecrate","floor":38,"damage_taken":0}],"is_beta":false,"boss_relics":[{"not_picked":["Sozu","Black Star"],"picked":"Runic Pyramid"},{"not_picked":["Runic Dome","Nuclear Battery"],"picked":"Cursed Key"}],"items_purged_floors":[29,39],"is_endless":false,"potions_floor_spawned":[5,13,16,18,24,30,31,33,41,45,47],"ascension_level":0}