{"gold_per_floor":[112,112,112,187,207,207,226,226,252,270,288,288,301,312,312,412,412,422,422,435,244,254,254,279,279,279,179,104,104,121,150,150,255,255,275,76,86,86,140,140,140,140,140,160,171,171,191,210,210,210],"floor_reached":51,"playtime":3435,"items_purged":["Strike_R","Strike_R","Bash+1"],"score":654,"play_id":"6e998100-d134-4bf3-bb18-b0dd4741a2d4","local_time":"20190223033707","is_ascension_mode":false,"campfire_choices":[{"data":"Uppercut","floor":6,"key":"SMITH"},{"data":"Body Slam","floor":8,"key":"SMITH"},{"data":"Body Slam","floor":12,"key":"SMITH"},{"data":"Defend_R","floor":15,"key":"SMITH"},{"data":"Cleave","floor":23,"key":"SMITH"},{"data":"Demon Form","floor":25,"key":"SMITH"},{"floor":32,"key":"REST"},{"data":"Whirlwind","floor":40,"key":"SMITH"},{"floor":46,"key":"REST"},{"floor":49,"key":"REST"}],"neow_cost":"NONE","seed_source_timestamp":18012422607356,"circlet_count":0,"master_deck":["Defend_R","Defend_R","Defend_R+1","Body Slam+1","Uppercut+1","Body Slam+1","Demon Form+1","Disarm","Cleave+1","Shrug It Off","Shrug It Off","Rampage+1","Whirlwind+1","True Grit+1","Feel No Pain+1"],"relics":["Burning Blood","Strawberry","Runic Dome","Frozen Egg 2","Pear","Ornamental Fan","Philosopher\u0027s Stone","Charon\u0027s Ashes","Mummified Hand","Shuriken"],"potions_floor_usage":[14,31,31,50,50,50],"damage_taken":[{"damage":8,"enemies":"Jaw Worm","floor":1,"turns":5},{"damage":0,"enemies":"2 Louse","floor":5,"turns":2},{"damage":0,"enemies":"Cultist","floor":7,"turns":3},{"damage":0,"enemies":"Exordium Wildlife","floor":10,"turns":3},{"damage":7,"enemies":"Large Slime","floor":11,"turns":7},{"damage":2,"enemies":"Looter","floor":13,"turns":2},{"damage":0,"enemies":"Lots of Slimes","floor":14,"turns":2},{"damage":31,"enemies":"The Guardian","floor":16,"turns":15},{"damage":5,"enemies":"Shell Parasite","floor":18,"turns":4},{"damage":29,"enemies":"Spheric Guardian","floor":20,"turns":5},{"damage":17,"enemies":"Snake Plant","floor":22,"turns":4},{"damage":45,"enemies":"Gremlin Leader","floor":24,"turns":6},{"damage":23,"enemies":"3 Cultists","floor":30,"turns":6},{"damage":1,"enemies":"Book of Stabbing","floor":31,"turns":4},{"damage":7,"enemies":"Champ","floor":33,"turns":8},{"damage":0,"enemies":"Orb Walker","floor":35,"turns":3},{"damage":20,"enemies":"3 Shapes","floor":37,"turns":3},{"damage":52,"enemies":"2 Orb Walkers","floor":39,"turns":6},{"damage":17,"enemies":"3 Darklings","floor":44,"turns":5},{"damage":0,"enemies":"4 Shapes","floor":45,"turns":6},{"damage":0,"enemies":"Transient","floor":47,"turns":5},{"damage":24,"enemies":"Writhing Mass","floor":48,"turns":5},{"damage":23,"enemies":"Awakened One","floor":50,"turns":10}],"seed_played":"650545787518742044","potions_obtained":[{"floor":10,"key":"Explosive Potion"},{"floor":11,"key":"Dexterity Potion"},{"floor":16,"key":"Weak Potion"},{"floor":24,"key":"Block Potion"},{"floor":35,"key":"Energy Potion"},{"floor":44,"key":"Strength Potion"},{"floor":47,"key":"EssenceOfSteel"}],"is_trial":false,"path_per_floor":["M","?","?","?","M","R","M","R","T","M","M","R","M","M","R","B",null,"M","?","M","$","M","R","E","R","T","$","?","?","M","E","R","B",null,"M","$","M","?","?","R","T","?","T","M","M","R","M","M","R","B",null],"character_chosen":"IRONCLAD","items_purchased":["Disarm","Cleave","Whirlwind"],"campfire_rested":3,"item_purchase_floors":[21,21,36],"current_hp_per_floor":[78,62,62,54,60,60,66,66,73,79,78,78,82,87,87,62,87,87,87,64,64,53,53,14,14,24,24,24,24,7,12,41,40,97,97,97,83,73,27,27,27,27,27,16,22,49,55,37,64,47],"gold":210,"neow_bonus":"REMOVE_CARD","is_prod":false,"is_daily":false,"chose_seed":false,"campfire_upgraded":7,"win_rate":0.0,"timestamp":1550911027,"path_taken":["M","?","?","?","M","R","M","R","T","M","M","R","?","M","R","BOSS","M","?","M","$","M","R","E","R","T","$","?","?","?","E","R","BOSS","M","$","M","?","?","R","?","?","T","M","M","R","M","M","R","BOSS"],"build_version":"2019-01-23","purchased_purges":3,"victory":true,"max_hp_per_floor":[80,80,80,80,80,80,80,80,87,87,87,87,87,87,87,87,87,87,87,87,87,87,87,87,87,97,97,97,97,97,97,97,97,97,97,97,97,97,97,97,97,92,92,92,92,92,92,92,92,92],"card_choices":[{"not_picked":["Warcry","Perfected Strike"],"picked":"Body Slam","floor":1},{"not_picked":["Rupture","Sever Soul"],"picked":"Uppercut","floor":5},{"not_picked":["Dropkick","Sword Boomerang"],"picked":"Body Slam","floor":7},{"not_picked":["Twin Strike","Armaments","Heavy Blade"],"picked":"SKIP","floor":10},{"not_picked":["Uppercut","Iron Wave","Hemokinesis"],"picked":"SKIP","floor":11},{"not_picked":["Twin Strike","Body Slam","Flex"],"picked":"SKIP","floor":13},{"not_picked":["Combust","Hemokinesis","Pummel"],"picked":"SKIP","floor":14},{"not_picked":["Dark Embrace","Brutality"],"picked":"Demon Form","floor":16},{"not_picked":["Sever Soul+1","Carnage","Flex+1"],"picked":"SKIP","floor":18},{"not_picked":["Headbutt","Dual Wield","Armaments"],"picked":"SKIP","floor":20},{"not_picked":["Rupture","Pommel Strike","Iron Wave"],"picked":"SKIP","floor":22},{"not_picked":["Dual Wield","Warcry","Spot Weakness"],"picked":"SKIP","floor":24},{"not_picked":["Second Wind","Bloodletting"],"picked":"Shrug It Off","floor":30},{"not_picked":["Offering","Shockwave"],"picked":"Shrug It Off","floor":31},{"not_picked":["Rupture+1","Thunderclap+1"],"picked":"Rampage+1","floor":35},{"not_picked":["Clothesline","Sword Boomerang"],"picked":"True Grit+1","floor":37},{"not_picked":["Flex","Shockwave"],"picked":"Feel No Pain+1","floor":39},{"not_picked":["Thunderclap","Dropkick+1","True Grit"],"picked":"SKIP","floor":44},{"not_picked":["Flex","Fire Breathing+1","Pommel Strike"],"picked":"SKIP","floor":45},{"not_picked":["Pommel Strike+1","Thunderclap","Bloodletting"],"picked":"SKIP","floor":47},{"not_picked":["Shrug It Off","Flex+1","Heavy Blade"],"picked":"SKIP","floor":48}],"player_experience":421243,"relics_obtained":[{"floor":9,"key":"Strawberry"},{"floor":24,"key":"Frozen Egg 2"},{"floor":26,"key":"Pear"},{"floor":31,"key":"Ornamental Fan"},{"floor":39,"key":"Charon\u0027s Ashes"},{"floor":41,"key":"Mummified Hand"},{"floor":43,"key":"Shuriken"}],"event_choices":[{"damage_healed":0,"gold_gain":0,"player_choice":"Entered Light","damage_taken":16,"max_hp_gain":0,"max_hp_loss":0,"event_name":"Shining Light","floor":2,"gold_loss":0,"cards_upgraded":["Bash","Strike_R"]},{"cards_removed":["Strike_R"],"damage_healed":0,"gold_gain":0,"player_choice":"Forget","damage_taken":0,"max_hp_gain":0,"max_hp_loss":0,"event_name":"Living Wall","floor":3,"gold_loss":0},{"damage_healed":0,"gold_gain":75,"player_choice":"Touch","damage_taken":8,"max_hp_gain":0,"max_hp_loss":0,"event_name":"FaceTrader","floor":4,"gold_loss":0},{"damage_healed":0,"gold_gain":0,"player_choice":"Ignored","damage_taken":0,"max_hp_gain":0,"max_hp_loss":0,"event_name":"The Mausoleum","floor":19,"gold_loss":0},{"cards_removed":["Defend_R"],"damage_healed":0,"gold_gain":0,"player_choice":"Gave Gold","damage_taken":0,"max_hp_gain":0,"max_hp_loss":0,"event_name":"Beggar","floor":28,"gold_loss":75},{"cards_removed":["Strike_R"],"damage_healed":0,"gold_gain":0,"player_choice":"Offered Basic","damage_taken":0,"max_hp_gain":0,"max_hp_loss":0,"event_name":"Bonfire Elementals","floor":29,"gold_loss":0},{"damage_healed":0,"gold_gain":0,"player_choice":"Memory 3","damage_taken":10,"max_hp_gain":0,"max_hp_loss":0,"event_name":"SensoryStone","floor":38,"gold_loss":0},{"damage_healed":0,"gold_gain":0,"player_choice":"Fight","damage_taken":0,"max_hp_gain":0,"max_hp_loss":0,"event_name":"Mysterious Sphere","floor":39,"gold_loss":0},{"damage_healed":0,"gold_gain":0,"player_choice":"Max HP","damage_taken":0,"max_hp_gain":0,"max_hp_loss":5,"event_name":"Winding Halls","floor":42,"gold_loss":0}],"is_beta":false,"boss_relics":[{"not_picked":["Black Blood","Orrery"],"picked":"Runic Dome"},{"not_picked":["Fusion Hammer","Lizard Tail"],"picked":"Philosopher\u0027s Stone"}],"items_purged_floors":[21,27,36],"is_endless":false,"potions_floor_spawned":[10,11,16,24,35,44,45,47],"ascension_level":0}