{"gold_per_floor":[19,19,35,54,67,67,127,127,127,127,147,164,164,164,164,284,284,298,18,18,18,36,65,65,79,79,111,122,122,152,163,163,267,267,278,278,278,290,166,166,176,176,176,176,207,220,246,256,256,256],"floor_reached":51,"playtime":2116,"items_purged":["Strike_R","Strike_R+1"],"score":977,"play_id":"7c66c70a-8be2-45ea-9ec5-d35a11472fc2","local_time":"20190221020355","is_ascension_mode":true,"campfire_choices":[{"data":"Armaments","floor":6,"key":"SMITH"},{"floor":8,"key":"REST"},{"floor":15,"key":"REST"},{"data":"Whirlwind","floor":24,"key":"SMITH"},{"data":"Whirlwind","floor":32,"key":"SMITH"},{"data":"Discovery","floor":40,"key":"SMITH"},{"data":"Double Tap","floor":42,"key":"SMITH"},{"data":"Flex","floor":44,"key":"SMITH"},{"data":"Warcry","floor":49,"key":"SMITH"}],"neow_cost":"NO_GOLD","seed_source_timestamp":334736595437539,"circlet_count":0,"master_deck":["Strike_R+1","Strike_R+1","Strike_R+1","Defend_R+1","Defend_R+1","Defend_R+1","Defend_R+1","Bash","Armaments+1","Thunderclap","Warcry+1","Headbutt","Battle Trance","Whirlwind+1","Flame Barrier+1","Offering","Shrug It Off+1","True Grit+1","J.A.X.","Infernal Blade+1","Whirlwind+1","Double Tap+1","Discovery+1","Impatience","Ghostly Armor+1","Flex+1","Spot Weakness+1","Clumsy"],"relics":["Burning Blood","Unceasing Top","Champion Belt","Dodecahedron","Ginger","Spirit Poop","Bloody Idol","Philosopher\u0027s Stone","Chemical X","Matryoshka","Centennial Puzzle","Calipers","Mercury Hourglass","Happy Flower","Cursed Key","Letter Opener","Bottled Flame","Molten Egg 2","Prayer Wheel"],"potions_floor_usage":[7,18,18,18,18,23,30,33,47,50,50],"damage_taken":[{"damage":3,"enemies":"2 Louse","floor":1,"turns":3},{"damage":4,"enemies":"Small Slimes","floor":3,"turns":5},{"damage":6,"enemies":"Jaw Worm","floor":4,"turns":4},{"damage":14,"enemies":"Red Slaver","floor":5,"turns":5},{"damage":49,"enemies":"Lagavulin Event","floor":7,"turns":7},{"damage":11,"enemies":"3 Louse","floor":11,"turns":3},{"damage":0,"enemies":"2 Fungi Beasts","floor":12,"turns":2},{"damage":53,"enemies":"The Guardian","floor":16,"turns":13},{"damage":2,"enemies":"3 Byrds","floor":18,"turns":2},{"damage":0,"enemies":"Chosen","floor":22,"turns":3},{"damage":6,"enemies":"Gremlin Leader","floor":23,"turns":3},{"damage":6,"enemies":"Centurion and Healer","floor":25,"turns":2},{"damage":0,"enemies":"Slavers","floor":27,"turns":2},{"damage":7,"enemies":"Shelled Parasite and Fungi","floor":28,"turns":2},{"damage":9,"enemies":"Book of Stabbing","floor":30,"turns":4},{"damage":0,"enemies":"Snake Plant","floor":31,"turns":2},{"damage":19,"enemies":"Collector","floor":33,"turns":6},{"damage":0,"enemies":"3 Darklings","floor":35,"turns":1},{"damage":0,"enemies":"Orb Walker","floor":38,"turns":3},{"damage":11,"enemies":"4 Shapes","floor":41,"turns":2},{"damage":6,"enemies":"Reptomancer","floor":45,"turns":3},{"damage":0,"enemies":"3 Darklings","floor":46,"turns":1},{"damage":15,"enemies":"Giant Head","floor":47,"turns":4},{"damage":0,"enemies":"Jaw Worm Horde","floor":48,"turns":1},{"damage":16,"enemies":"Awakened One","floor":50,"turns":5}],"seed_played":"-3236447714414740749","potions_obtained":[{"floor":1,"key":"EssenceOfSteel"},{"floor":7,"key":"LiquidBronze"},{"floor":11,"key":"Fire Potion"},{"floor":16,"key":"EntropicBrew"},{"floor":25,"key":"Poison Potion"},{"floor":28,"key":"Strength Potion"},{"floor":31,"key":"EssenceOfSteel"},{"floor":38,"key":"Regen Potion"},{"floor":41,"key":"Strength Potion"},{"floor":46,"key":"PowerPotion"}],"is_trial":false,"path_per_floor":["M","?","M","M","M","R","?","R","T","?","M","M","?","?","R","B",null,"M","$","?","?","M","E","R","M","T","E","M","?","E","M","R","B",null,"M","?","?","M","$","R","M","R","T","R","E","M","E","M","R","B",null],"character_chosen":"IRONCLAD","items_purchased":["Chemical X","Flex"],"campfire_rested":2,"item_purchase_floors":[19,39],"current_hp_per_floor":[80,80,80,80,72,72,29,53,53,53,48,54,54,39,61,14,74,74,74,74,74,74,74,74,74,74,74,74,74,74,74,74,66,74,74,74,64,74,74,74,74,74,74,74,74,74,74,74,74,64],"gold":256,"neow_bonus":"ONE_RARE_RELIC","is_prod":false,"is_daily":false,"chose_seed":false,"campfire_upgraded":7,"win_rate":0,"timestamp":1550682235,"path_taken":["M","?","M","M","M","R","?","R","T","?","M","?","?","?","R","BOSS","M","$","?","?","M","E","R","M","T","E","M","?","E","M","R","BOSS","M","?","?","M","$","R","M","R","T","R","E","M","E","M","R","BOSS"],"build_version":"2019-01-23","purchased_purges":2,"victory":true,"max_hp_per_floor":[80,80,80,80,80,80,80,80,80,80,80,80,74,74,74,74,74,74,74,74,74,74,74,74,74,74,74,74,74,74,74,74,74,74,74,74,74,74,74,74,74,74,74,74,74,74,74,74,74,74],"card_choices":[{"not_picked":["Shockwave","Perfected Strike"],"picked":"Armaments","floor":1},{"not_picked":["Clash","Shrug It Off"],"picked":"Thunderclap","floor":3},{"not_picked":["Clothesline","Pommel Strike"],"picked":"Warcry","floor":4},{"not_picked":["Ghostly Armor","Impervious"],"picked":"Headbutt","floor":5},{"not_picked":["Body Slam","Flex"],"picked":"Battle Trance","floor":7},{"not_picked":["Spot Weakness","Flex"],"picked":"Whirlwind","floor":11},{"not_picked":["Twin Strike","Wild Strike"],"picked":"Flame Barrier","floor":12},{"not_picked":["Bludgeon","Barricade"],"picked":"Offering","floor":16},{"not_picked":["Shrug It Off","Anger"],"picked":"Metallicize","floor":18},{"not_picked":["Clothesline","Pommel Strike"],"picked":"Shrug It Off+1","floor":22},{"not_picked":["Corruption+1","Armaments","Wild Strike"],"picked":"SKIP","floor":23},{"not_picked":["Heavy Blade","Clothesline"],"picked":"True Grit+1","floor":25},{"not_picked":["Warcry","Metallicize","Dark Embrace"],"picked":"SKIP","floor":27},{"not_picked":["Sword Boomerang","Rupture+1","Rampage"],"picked":"SKIP","floor":28},{"not_picked":["Shrug It Off","Second Wind"],"picked":"Infernal Blade+1","floor":30},{"not_picked":["Sword Boomerang","Warcry+1"],"picked":"Whirlwind","floor":31},{"not_picked":["Fiend Fire","Juggernaut"],"picked":"Double Tap","floor":33},{"not_picked":["Fire Breathing+1","Headbutt","Armaments"],"picked":"SKIP","floor":35},{"not_picked":["Jack Of All Trades","Sadistic Nature"],"picked":"Discovery","floor":37},{"not_picked":["Purity","Mind Blast"],"picked":"Impatience","floor":37},{"not_picked":["Rampage+1","Clash+1"],"picked":"Ghostly Armor+1","floor":38},{"not_picked":["Cleave+1","Rupture+1"],"picked":"Spot Weakness+1","floor":41},{"not_picked":["Wild Strike+1","Twin Strike","Sword Boomerang"],"picked":"SKIP","floor":45},{"not_picked":["Wild Strike+1","Combust","Clash+1"],"picked":"SKIP","floor":46},{"not_picked":["Body Slam+1","Iron Wave+1","Twin Strike+1"],"picked":"SKIP","floor":47},{"not_picked":["Fire Breathing+1","Headbutt+1","Sword Boomerang+1"],"picked":"SKIP","floor":48},{"not_picked":["Double Tap","Wild Strike+1","Sword Boomerang+1"],"picked":"SKIP","floor":48}],"player_experience":11369,"relics_obtained":[{"floor":7,"key":"Dodecahedron"},{"floor":9,"key":"Ginger"},{"floor":23,"key":"Matryoshka"},{"floor":26,"key":"Centennial Puzzle"},{"floor":26,"key":"Calipers"},{"floor":27,"key":"Mercury Hourglass"},{"floor":30,"key":"Happy Flower"},{"floor":43,"key":"Letter Opener"},{"floor":43,"key":"Bottled Flame"},{"floor":45,"key":"Molten Egg 2"},{"floor":47,"key":"Prayer Wheel"}],"event_choices":[{"damage_healed":0,"gold_gain":0,"player_choice":"Box","damage_taken":0,"relics_obtained":["Champion Belt"],"max_hp_gain":0,"max_hp_loss":0,"event_name":"Big Fish","floor":2,"gold_loss":0,"cards_obtained":["Regret"]},{"damage_healed":0,"gold_gain":0,"player_choice":"Searched \u00271\u0027 times","damage_taken":0,"max_hp_gain":0,"max_hp_loss":0,"event_name":"Dead Adventurer","floor":7,"gold_loss":0},{"cards_removed":["Regret"],"damage_healed":0,"gold_gain":0,"player_choice":"Offered Curse","damage_taken":0,"relics_obtained":["Spirit Poop"],"max_hp_gain":0,"max_hp_loss":0,"event_name":"Bonfire Elementals","floor":10,"gold_loss":0},{"damage_healed":0,"gold_gain":0,"player_choice":"Lose Max HP","damage_taken":0,"relics_obtained":["Golden Idol"],"max_hp_gain":0,"max_hp_loss":6,"event_name":"Golden Idol","floor":13,"gold_loss":0},{"damage_healed":0,"gold_gain":0,"player_choice":"Entered Light","damage_taken":15,"max_hp_gain":0,"max_hp_loss":0,"event_name":"Shining Light","floor":14,"gold_loss":0,"cards_upgraded":["Strike_R","Flame Barrier"]},{"damage_healed":0,"gold_gain":0,"player_choice":"Simplicity","damage_taken":0,"max_hp_gain":0,"max_hp_loss":0,"event_name":"Back to Basics","floor":20,"gold_loss":0,"cards_upgraded":["Strike_R","Strike_R","Strike_R","Defend_R","Defend_R","Defend_R","Defend_R"]},{"damage_healed":0,"gold_gain":0,"player_choice":"Gave Idol","damage_taken":0,"relics_obtained":["Bloody Idol"],"max_hp_gain":0,"max_hp_loss":0,"event_name":"Forgotten Altar","floor":21,"relics_lost":["Golden Idol"],"gold_loss":0},{"damage_healed":0,"gold_gain":0,"player_choice":"Obtain J.A.X.","damage_taken":0,"max_hp_gain":0,"max_hp_loss":0,"event_name":"Drug Dealer","floor":29,"gold_loss":0,"cards_obtained":["J.A.X."]},{"cards_removed":["Metallicize"],"damage_healed":0,"gold_gain":0,"player_choice":"Removed Power","damage_taken":0,"max_hp_gain":0,"max_hp_loss":0,"event_name":"Falling","floor":36,"gold_loss":0},{"damage_healed":0,"gold_gain":0,"player_choice":"Memory 3","damage_taken":10,"max_hp_gain":0,"max_hp_loss":0,"event_name":"SensoryStone","floor":37,"gold_loss":0}],"is_beta":false,"boss_relics":[{"not_picked":["Snecko Eye","Coffee Dripper"],"picked":"Philosopher\u0027s Stone"},{"not_picked":["Fusion Hammer","Calling Bell"],"picked":"Cursed Key"}],"items_purged_floors":[19,39],"is_endless":false,"potions_floor_spawned":[1,7,11,16,25,28,31,38,41,46],"ascension_level":3}