{"gold_per_floor":[12,32,32,51,51,51,92,92,92,92,112,112,137,156,156,275,275,290,259,277,165,203,238,238,251,251,251,251,267,267,283,283,407,407,427,450,370,383,402,402,446,446,498,531,554,598,623,2,2,2],"floor_reached":51,"playtime":7388,"items_purged":["Strike_G","Writhe","Defend_G"],"score":851,"play_id":"7e7958cd-58f5-427e-9dc8-e3cae1123e1b","local_time":"20181106184120","is_ascension_mode":true,"campfire_choices":[{"data":"Leg Sweep","floor":6,"key":"SMITH"},{"floor":8,"key":"REST"},{"data":"Dash","floor":10,"key":"SMITH"},{"data":"Caltrops","floor":12,"key":"SMITH"},{"floor":15,"key":"REST"},{"floor":28,"key":"REST"},{"floor":30,"key":"REST"},{"data":"Caltrops","floor":32,"key":"SMITH"},{"data":"After Image","floor":40,"key":"SMITH"},{"data":"Burst","floor":42,"key":"SMITH"},{"data":"Flechettes","floor":49,"key":"SMITH"}],"neow_cost":"NO_GOLD","seed_source_timestamp":70521929019378,"circlet_count":0,"master_deck":["Defend_G","Defend_G","Strike_G","Strike_G","Survivor","Neutralize","Leg Sweep+1","Tactician","Infinite Blades","Dash+1","Acrobatics","PiercingWail","Caltrops+1","Blur","After Image+1","Footwork+1","Cloak And Dagger","Caltrops+1","Footwork","Flying Knee","Burst+1","Prepared+1","Flechettes+1","Backstab+1","Outmaneuver+1","Cloak And Dagger+1","Eviscerate+1","Terror"],"relics":["Ring of the Snake","Golden Idol","Matryoshka","Happy Flower","Bottled Lightning","Odd Mushroom","Runic Pyramid","Red Mask","The Courier","Ancient Tea Set","Anchor","Peace Pipe","Sozu","Pantograph","Lantern","PreservedInsect","Dream Catcher","Lee\u0027s Waffle","Vajra","Kunai"],"potions_floor_usage":[7,22,33,41,44],"damage_taken":[{"damage":0,"enemies":"Cultist","floor":1,"turns":5},{"damage":4,"enemies":"2 Louse","floor":2,"turns":3},{"damage":0,"enemies":"Small Slimes","floor":4,"turns":4},{"damage":17,"enemies":"Lagavulin","floor":7,"turns":11},{"damage":2,"enemies":"2 Fungi Beasts","floor":11,"turns":4},{"damage":16,"enemies":"The Mushroom Lair","floor":13,"turns":5},{"damage":0,"enemies":"Looter","floor":14,"turns":4},{"damage":16,"enemies":"The Guardian","floor":16,"turns":16},{"damage":0,"enemies":"3 Byrds","floor":18,"turns":1},{"damage":7,"enemies":"2 Thieves","floor":19,"turns":5},{"damage":0,"enemies":"Snake Plant","floor":20,"turns":8},{"damage":42,"enemies":"Masked Bandits","floor":22,"turns":5},{"damage":12,"enemies":"Slavers","floor":23,"turns":7},{"damage":4,"enemies":"Cultist and Chosen","floor":25,"turns":8},{"damage":0,"enemies":"Centurion and Healer","floor":29,"turns":10},{"damage":0,"enemies":"Snake Plant","floor":31,"turns":4},{"damage":14,"enemies":"Automaton","floor":33,"turns":15},{"damage":2,"enemies":"Orb Walker","floor":35,"turns":5},{"damage":18,"enemies":"3 Shapes","floor":36,"turns":8},{"damage":0,"enemies":"Spire Growth","floor":38,"turns":7},{"damage":2,"enemies":"Writhing Mass","floor":39,"turns":7},{"damage":8,"enemies":"Reptomancer","floor":41,"turns":9},{"damage":2,"enemies":"Nemesis","floor":44,"turns":9},{"damage":0,"enemies":"Maw","floor":45,"turns":10},{"damage":1,"enemies":"Giant Head","floor":46,"turns":11},{"damage":13,"enemies":"Transient","floor":47,"turns":5},{"damage":21,"enemies":"Time Eater","floor":50,"turns":14}],"seed_played":"878148982923664591","potions_obtained":[{"floor":4,"key":"Weak Potion"},{"floor":7,"key":"SpeedPotion"},{"floor":16,"key":"AttackPotion"},{"floor":22,"key":"Swift Potion"},{"floor":23,"key":"GhostInAJar"},{"floor":25,"key":"FearPotion"},{"floor":31,"key":"GhostInAJar"}],"is_trial":false,"path_per_floor":["M","M","?","M","?","R","E","R","T","R","M","R","?","M","R","B",null,"M","M","M","$","?","E","?","M","T","?","R","M","R","M","R","B",null,"M","M","$","M","M","R","E","R","T","E","M","E","M","$","R","B",null],"character_chosen":"THE_SILENT","items_purchased":["Caltrops","Lee\u0027s Waffle","Vajra","Kunai","Terror"],"campfire_rested":4,"item_purchase_floors":[21,48,48,48,48],"current_hp_per_floor":[70,66,49,49,42,42,25,46,46,46,44,44,28,28,49,33,70,70,63,63,63,21,9,9,5,5,5,26,26,47,47,47,33,70,68,50,50,50,48,48,40,40,40,38,38,37,24,77,77,56],"gold":2,"neow_bonus":"TRANSFORM_TWO_CARDS","is_prod":false,"is_daily":false,"chose_seed":false,"campfire_upgraded":7,"win_rate":0,"timestamp":1541558480,"path_taken":["M","M","?","M","?","R","E","R","T","R","M","R","?","M","R","BOSS","M","M","M","$","?","E","?","M","T","?","R","M","R","M","R","BOSS","M","M","$","M","M","R","E","R","T","E","M","E","M","$","R","BOSS"],"build_version":"2018-11-01","purchased_purges":3,"victory":true,"max_hp_per_floor":[70,70,70,70,70,70,70,70,70,70,70,70,70,70,70,70,70,70,70,70,70,70,70,70,70,70,70,70,70,70,70,70,70,70,70,70,70,70,70,70,70,70,70,70,70,70,70,77,77,77],"card_choices":[{"not_picked":["Blade Dance","Deadly Poison"],"picked":"Infinite Blades","floor":1},{"not_picked":["Dodge and Roll","Blade Dance"],"picked":"Dash","floor":2},{"not_picked":["PiercingWail","Outmaneuver"],"picked":"Acrobatics","floor":4},{"not_picked":["Eviscerate","Slice"],"picked":"PiercingWail","floor":7},{"not_picked":["Poisoned Stab","Dagger Throw"],"picked":"Caltrops","floor":11},{"not_picked":["Tactician","Dagger Throw"],"picked":"Blur","floor":14},{"not_picked":["Wraith Form v2","Bullet Time"],"picked":"After Image","floor":16},{"not_picked":["Backflip","Skewer+1"],"picked":"Footwork+1","floor":18},{"not_picked":["Prepared","Blade Dance"],"picked":"Cloak And Dagger","floor":19},{"not_picked":["Dagger Spray","Well Laid Plans","Reflex+1"],"picked":"SKIP","floor":20},{"not_picked":["Endless Agony+1","Heel Hook+1"],"picked":"Footwork","floor":22},{"not_picked":["Blade Dance+1","Predator+1","All Out Attack"],"picked":"SKIP","floor":23},{"not_picked":["Distraction","Poisoned Stab","Finisher+1"],"picked":"SKIP","floor":25},{"not_picked":["Poisoned Stab","Bane","Dagger Throw"],"picked":"SKIP","floor":29},{"not_picked":["Calculated Gamble","Backflip","Accuracy"],"picked":"SKIP","floor":31},{"not_picked":["Grand Finale","Wraith Form v2"],"picked":"Burst","floor":33},{"not_picked":["Dagger Throw+1","Cloak And Dagger"],"picked":"Prepared+1","floor":35},{"not_picked":["Bane","Acrobatics","Prepared"],"picked":"SKIP","floor":36},{"not_picked":["Outmaneuver","Underhanded Strike+1"],"picked":"Flechettes","floor":38},{"not_picked":["Blade Dance+1","Crippling Poison+1"],"picked":"Backstab+1","floor":39},{"not_picked":["Backflip","Backstab+1"],"picked":"Outmaneuver+1","floor":41},{"not_picked":["Outmaneuver","Concentrate+1"],"picked":"Cloak And Dagger+1","floor":44},{"not_picked":["Acrobatics+1","Quick Slash","Tools of the Trade"],"picked":"SKIP","floor":45},{"not_picked":["Quick Slash+1","Flying Knee","Bouncing Flask+1"],"picked":"SKIP","floor":46},{"not_picked":["Sucker Punch","Reflex+1"],"picked":"Eviscerate+1","floor":47}],"player_experience":174443,"relics_obtained":[{"floor":7,"key":"Matryoshka"},{"floor":9,"key":"Happy Flower"},{"floor":9,"key":"Bottled Lightning"},{"floor":13,"key":"Odd Mushroom"},{"floor":22,"key":"Red Mask"},{"floor":23,"key":"The Courier"},{"floor":26,"key":"Anchor"},{"floor":26,"key":"Peace Pipe"},{"floor":41,"key":"Pantograph"},{"floor":43,"key":"Lantern"},{"floor":44,"key":"PreservedInsect"},{"floor":46,"key":"Dream Catcher"}],"event_choices":[{"damage_healed":0,"gold_gain":0,"player_choice":"Take Damage","damage_taken":17,"relics_obtained":["Golden Idol"],"max_hp_gain":0,"max_hp_loss":0,"event_name":"Golden Idol","floor":3,"gold_loss":0},{"cards_removed":["Defend_G"],"damage_healed":0,"gold_gain":0,"player_choice":"Card Removal","damage_taken":7,"max_hp_gain":0,"max_hp_loss":0,"event_name":"Golden Wing","floor":5,"gold_loss":0},{"damage_healed":0,"gold_gain":0,"player_choice":"Fought Mushrooms","damage_taken":0,"max_hp_gain":0,"max_hp_loss":0,"event_name":"Mushrooms","floor":13,"gold_loss":0},{"damage_healed":0,"gold_gain":0,"player_choice":"Fought Bandits","damage_taken":0,"max_hp_gain":0,"max_hp_loss":0,"event_name":"Masked Bandits","floor":22,"gold_loss":0},{"damage_healed":0,"gold_gain":0,"player_choice":"Opened","damage_taken":0,"relics_obtained":["Ancient Tea Set"],"max_hp_gain":0,"max_hp_loss":0,"event_name":"The Mausoleum","floor":24,"gold_loss":0,"cards_obtained":["Writhe"]},{"damage_healed":0,"gold_gain":0,"cards_transformed":["Strike_G"],"player_choice":"Transformed","damage_taken":0,"max_hp_gain":0,"max_hp_loss":0,"event_name":"Transmorgrifier","floor":27,"gold_loss":0,"cards_obtained":["Flying Knee"]}],"is_beta":false,"boss_relics":[{"not_picked":["Pandora\u0027s Box","Eternal Feather"],"picked":"Runic Pyramid"},{"not_picked":["Orrery","Tiny House"],"picked":"Sozu"}],"items_purged_floors":[21,37,48],"is_endless":false,"potions_floor_spawned":[4,7,16,22,23,25,31,38,39,45,46],"ascension_level":4}