{"gold_per_floor":[111,124,50,63,74,108,108,143,170,170,49,49,49,79,79,174,174,194,211,211,13,13,13,39,49,49,49,49,64,25,25,25,125,125,145,163,163,63,63],"floor_reached":39,"playtime":3235,"items_purged":["Defend_G","Parasite"],"score":572,"play_id":"6fa8b6b4-6ccb-44bd-a9f8-5a2728d4d19d","local_time":"20181117010331","is_ascension_mode":true,"campfire_choices":[{"floor":7,"key":"REST"},{"data":"A Thousand Cuts","floor":13,"key":"SMITH"},{"floor":15,"key":"REST"},{"floor":23,"key":"REST"},{"floor":27,"key":"REST"},{"floor":32,"key":"REST"}],"neow_cost":"NONE","seed_source_timestamp":247312573260738,"circlet_count":0,"master_deck":["Defend_G","Survivor","Neutralize","Dagger Spray","A Thousand Cuts+1","Acrobatics","Backstab","PiercingWail","Infinite Blades","After Image","Cloak And Dagger","Noxious Fumes","Necronomicurse","Dash","Cloak And Dagger","Deflect+1","RitualDagger","Dash","Bite","Bite","Bite","Bite","Bite","Storm of Steel","Grand Finale+1","Caltrops+1","Burst+1","Leg Sweep","Backstab+1"],"relics":["Ring of the Snake","NeowsBlessing","Regal Pillow","Bag of Marbles","Pen Nib","Tiny Chest","Sozu","Necronomicon","Tough Bandages","Bottled Tornado","Astrolabe"],"potions_floor_usage":[8,16,16,33],"damage_taken":[{"damage":0,"enemies":"Jaw Worm","floor":1,"turns":1},{"damage":0,"enemies":"2 Louse","floor":2,"turns":1},{"damage":0,"enemies":"Cultist","floor":4,"turns":1},{"damage":7,"enemies":"2 Fungi Beasts","floor":5,"turns":3},{"damage":49,"enemies":"Lagavulin","floor":6,"turns":9},{"damage":12,"enemies":"3 Sentries","floor":8,"turns":6},{"damage":34,"enemies":"Slime Boss","floor":16,"turns":8},{"damage":12,"enemies":"3 Byrds","floor":18,"turns":3},{"damage":3,"enemies":"Shell Parasite","floor":19,"turns":5},{"damage":48,"enemies":"Slavers","floor":24,"turns":5},{"damage":17,"enemies":"Shelled Parasite and Fungi","floor":25,"turns":5},{"damage":3,"enemies":"Cultist and Chosen","floor":29,"turns":5},{"damage":55,"enemies":"Champ","floor":33,"turns":12},{"damage":5,"enemies":"Orb Walker","floor":35,"turns":4},{"damage":9,"enemies":"3 Darklings","floor":36,"turns":5},{"damage":51,"enemies":"Maw","floor":39,"turns":9}],"seed_played":"-8608775018158770708","potions_obtained":[{"floor":4,"key":"GamblersBrew"},{"floor":6,"key":"GhostInAJar"},{"floor":8,"key":"Fire Potion"},{"floor":16,"key":"Energy Potion"}],"is_trial":false,"path_per_floor":["M","M","$","M","M","E","R","E","T","?","$","?","R","?","R","B",null,"M","M","?","$","?","R","E","M","T","R","?","M","$","?","R","B",null,"M","M","?","$","M"],"character_chosen":"THE_SILENT","items_purchased":["A Thousand Cuts","PiercingWail","Infinite Blades","Dash","Cloak And Dagger","Dash"],"campfire_rested":5,"item_purchase_floors":[3,11,11,21,21,30],"current_hp_per_floor":[63,63,63,63,56,7,43,31,31,31,31,48,48,45,70,36,62,50,47,31,31,31,67,19,2,2,38,32,29,29,29,49,16,41,40,33,33,33,0],"gold":63,"neow_bonus":"THREE_ENEMY_KILL","is_prod":false,"is_daily":false,"chose_seed":false,"campfire_upgraded":1,"win_rate":0,"timestamp":1542445411,"path_taken":["M","M","$","M","M","E","R","E","T","?","$","?","R","?","R","BOSS","M","M","?","$","?","R","E","M","T","R","?","?","?","?","R","BOSS","M","M","?","$","M"],"build_version":"2018-11-15","purchased_purges":2,"victory":false,"max_hp_per_floor":[70,70,70,70,70,70,70,70,70,70,70,70,70,70,70,70,70,70,70,70,70,70,70,70,70,70,70,70,70,70,49,49,49,49,49,49,49,46,46],"card_choices":[{"not_picked":["Slice","Bane"],"picked":"Dagger Spray","floor":1},{"not_picked":["Dash","Backflip"],"picked":"Noxious Fumes","floor":2},{"not_picked":["Accuracy","Flying Knee"],"picked":"Acrobatics","floor":4},{"not_picked":["Dagger Throw","Tactician","Bane"],"picked":"SKIP","floor":5},{"not_picked":["Sucker Punch","Setup","Calculated Gamble"],"picked":"SKIP","floor":6},{"not_picked":["Poisoned Stab","Setup"],"picked":"Backstab","floor":8},{"not_picked":["A Thousand Cuts","Storm of Steel"],"picked":"After Image","floor":16},{"not_picked":["Prepared+1","Dagger Throw+1"],"picked":"Cloak And Dagger","floor":18},{"not_picked":["Catalyst","Tactician"],"picked":"Noxious Fumes","floor":19},{"not_picked":["Prepared","Distraction","Deflect"],"picked":"SKIP","floor":24},{"not_picked":["Accuracy","Concentrate"],"picked":"Deflect+1","floor":25},{"not_picked":["Deflect","Reflex+1","Sucker Punch"],"picked":"SKIP","floor":29},{"not_picked":["Phantasmal Killer","Wraith Form v2"],"picked":"Storm of Steel","floor":33},{"not_picked":["Riddle With Holes+1","Quick Slash"],"picked":"Leg Sweep","floor":35},{"not_picked":["Tactician+1","Skewer"],"picked":"Backstab+1","floor":36}],"player_experience":266180,"relics_obtained":[{"floor":6,"key":"Regal Pillow"},{"floor":8,"key":"Bag of Marbles"},{"floor":9,"key":"Pen Nib"},{"floor":20,"key":"Necronomicon"},{"floor":24,"key":"Tough Bandages"},{"floor":26,"key":"Bottled Tornado"}],"event_choices":[{"damage_healed":0,"gold_gain":0,"player_choice":"Ignored","damage_taken":0,"max_hp_gain":0,"max_hp_loss":0,"event_name":"Golden Idol","floor":10,"gold_loss":0},{"damage_healed":17,"gold_gain":0,"player_choice":"Healed and dodged fight","damage_taken":0,"max_hp_gain":0,"max_hp_loss":0,"event_name":"Mushrooms","floor":12,"gold_loss":0,"cards_obtained":["Parasite"]},{"damage_healed":0,"gold_gain":0,"player_choice":"Success","damage_taken":3,"relics_obtained":["Tiny Chest"],"max_hp_gain":0,"max_hp_loss":0,"event_name":"Scrap Ooze","floor":14,"gold_loss":0},{"damage_healed":0,"gold_gain":0,"player_choice":"Obtained Book","damage_taken":16,"max_hp_gain":0,"max_hp_loss":0,"event_name":"Cursed Tome","floor":20,"gold_loss":0},{"damage_healed":0,"gold_gain":0,"player_choice":"Joined the Cult","damage_taken":6,"max_hp_gain":0,"max_hp_loss":0,"event_name":"Nest","floor":28,"gold_loss":0,"cards_obtained":["RitualDagger"]},{"damage_healed":0,"gold_gain":0,"player_choice":"Became a vampire","damage_taken":0,"max_hp_gain":0,"max_hp_loss":21,"event_name":"Vampires","floor":31,"gold_loss":0,"cards_obtained":["Bite","Bite","Bite","Bite","Bite"]},{"cards_removed":["Noxious Fumes"],"damage_healed":0,"gold_gain":0,"player_choice":"Removed Power","damage_taken":0,"max_hp_gain":0,"max_hp_loss":0,"event_name":"Falling","floor":37,"gold_loss":0}],"is_beta":false,"boss_relics":[{"not_picked":["Orrery","Pandora\u0027s Box"],"picked":"Sozu"},{"not_picked":["Tiny House","Empty Cage"],"picked":"Astrolabe"}],"items_purged_floors":[21,38],"is_endless":false,"potions_floor_spawned":[4,6,8,16,24,29,36],"killed_by":"Maw","ascension_level":7}