{"path_per_floor":["?","?","?","?","?","?","?","?","?","?","?","?","?","?","?","B",null,"?","?","?","?","?","?","?","?","?","?","?","?","?","?","?","B",null,"?","?","?","?","?","?","?","?","?","?","?","?","?","?","?","B"],"character_chosen":"IRONCLAD","items_purchased":["Anchor","Reaper","Armaments","Armaments"],"gold_per_floor":[114,129,144,159,174,174,189,189,264,279,294,50,50,50,50,150,150,165,180,180,180,195,15,15,30,105,120,135,135,135,84,84,184,184,199,214,229,244,259,259,274,304,379,394,394,409,424,439,439,439],"floor_reached":51,"campfire_rested":2,"playtime":2196,"current_hp_per_floor":[80,80,80,68,58,58,52,52,52,48,44,44,37,37,53,16,80,57,48,32,32,38,38,38,56,56,41,49,49,49,49,65,78,80,62,80,70,80,67,67,69,63,63,87,87,87,85,87,87,69],"items_purged":["Strike_R"],"gold":439,"score":583,"play_id":"1a3305e3-0ff1-4049-a1d0-e5a59310c97b","local_time":"20180309012419","daily_mods":[{"name":"Shiny","description":"Start with 1 Rare card.","modID":"Shiny","img":{"data":{"file":{"file":{"path":"images\\ui\\run_mods\\shiny.png"},"type":"Internal"},"width":64,"height":64,"format":"RGBA8888","useMipMaps":false,"isPrepared":false},"glTarget":3553,"glHandle":682,"minFilter":"Linear","magFilter":"Linear","uWrap":"ClampToEdge","vWrap":"ClampToEdge"},"positive":true},{"name":"Uncertain Future","description":"The map shows only ?.","modID":"Uncertain Future","img":{"data":{"file":{"file":{"path":"images\\ui\\run_mods\\uncertain_future.png"},"type":"Internal"},"width":64,"height":64,"format":"RGBA8888","useMipMaps":false,"isPrepared":false},"glTarget":3553,"glHandle":679,"minFilter":"Linear","magFilter":"Linear","uWrap":"ClampToEdge","vWrap":"ClampToEdge"},"positive":false},{"name":"Night Terrors","description":"Resting at Rest Sites heals 20% of your HP, rather than 30%.","modID":"Night Terrors","img":{"data":{"file":{"file":{"path":"images\\ui\\run_mods\\night_terrors.png"},"type":"Internal"},"width":64,"height":64,"format":"RGBA8888","useMipMaps":false,"isPrepared":false},"glTarget":3553,"glHandle":678,"minFilter":"Linear","magFilter":"Linear","uWrap":"ClampToEdge","vWrap":"ClampToEdge"},"positive":false},{"name":"Vintage","description":"The Merchant\u0027s prices are increased by 25%.","modID":"Vintage","img":{"data":{"file":{"file":{"path":"images\\ui\\run_mods\\vintage.png"},"type":"Internal"},"width":64,"height":64,"format":"RGBA8888","useMipMaps":false,"isPrepared":false},"glTarget":3553,"glHandle":677,"minFilter":"Linear","magFilter":"Linear","uWrap":"ClampToEdge","vWrap":"ClampToEdge"},"positive":false}],"is_prod":false,"is_daily":true,"is_ascension_mode":false,"campfire_upgraded":5,"timestamp":1520526259,"path_taken":["?","?","?","?","?","?","?","?","?","?","?","?","?","?","?","BOSS","?","?","?","?","?","?","?","?","?","?","?","?","?","?","?","BOSS","?","?","?","?","?","?","?","?","?","?","?","?","?","?","?","BOSS"],"build_version":"2018-03-01-PROD1","purchased_purges":1,"victory":true,"master_deck":["Strike_R+1","Strike_R+1","Strike_R+1","Defend_R+1","Defend_R+1","Defend_R+1","Defend_R+1","Bash","Demon Form","Heavy Blade+1","Sword Boomerang","Blood for Blood","Sword Boomerang","Barricade+1","Demon Form","Whirlwind","Impervious","Infernal Blade","Seeing Red","Necronomicurse","Flex","Reaper","Armaments+1","Body Slam","Doubt","Heavy Blade+1","Armaments+1","Armaments+1","Limit Break","Shrug It Off+1","Shrug It Off+1","Flex+1","Reaper","Body Slam","Writhe","Heavy Blade+1","Twin Strike+1","Body Slam+1"],"max_hp_per_floor":[80,80,80,80,80,80,80,80,80,80,80,80,80,80,80,80,80,80,80,80,80,80,80,80,80,80,80,80,80,80,80,80,80,80,80,80,80,80,80,80,80,87,87,87,87,87,87,87,87,87],"relics":["Burning Blood","The Courier","Anchor","Cursed Key","Necronomicon","Toolbox","Velvet Choker","Strawberry","Shuriken"],"card_choices":[{"not_picked":["Anger","Iron Wave"],"picked":"Heavy Blade"},{"not_picked":["Cleave","Clash"],"picked":"Sword Boomerang"},{"not_picked":["Wild Strike","Headbutt"],"picked":"Blood for Blood"},{"not_picked":["Shrug It Off","Twin Strike"],"picked":"Sword Boomerang"},{"not_picked":["Body Slam","Perfected Strike"],"picked":"Barricade"},{"not_picked":["Pommel Strike","Bloodletting"],"picked":"Whirlwind"},{"not_picked":["Bludgeon","Dark Embrace"],"picked":"Impervious"},{"not_picked":["Clash","Shrug It Off"],"picked":"Infernal Blade"},{"not_picked":["Anger","Metallicize"],"picked":"Seeing Red"},{"not_picked":["Havoc","Uppercut"],"picked":"Flex"},{"not_picked":["Rampage","Sentinel"],"picked":"Body Slam"},{"not_picked":["Headbutt","Sword Boomerang"],"picked":"Heavy Blade"},{"not_picked":["Clothesline","Hemokinesis"],"picked":"Armaments"},{"not_picked":["Bludgeon","Demon Form"],"picked":"Limit Break"},{"not_picked":["Spot Weakness","Searing Blow"],"picked":"Shrug It Off"},{"not_picked":["Wild Strike","Anger"],"picked":"Shrug It Off"},{"not_picked":["Thunderclap","Shockwave"],"picked":"Flex"},{"not_picked":["Sever Soul","Body Slam"],"picked":"Reaper"},{"not_picked":["Sentinel","Whirlwind"],"picked":"Body Slam"},{"not_picked":["Sword Boomerang","Perfected Strike"],"picked":"Heavy Blade"},{"not_picked":["Clash","Clothesline"],"picked":"Twin Strike"},{"not_picked":["Impervious","Carnage"],"picked":"Body Slam"}],"player_experience":584739,"potions_floor_usage":[10,16,27,28,50,50,50],"damage_taken":[{"damage":2,"enemies":"2 Louse","floor":1,"turns":3},{"damage":1,"enemies":"Cultist","floor":2,"turns":3},{"damage":1,"enemies":"Jaw Worm","floor":3,"turns":4},{"damage":18,"enemies":"Exordium Wildlife","floor":4,"turns":4},{"damage":16,"enemies":"2 Fungi Beasts","floor":5,"turns":3},{"damage":12,"enemies":"Blue Slaver","floor":7,"turns":4},{"damage":10,"enemies":"Large Slime","floor":10,"turns":3},{"damage":10,"enemies":"2 Fungi Beasts","floor":11,"turns":3},{"damage":43,"enemies":"Slime Boss","floor":16,"turns":8},{"damage":29,"enemies":"Spheric Guardian","floor":18,"turns":6},{"damage":15,"enemies":"2 Thieves","floor":19,"turns":4},{"damage":0,"enemies":"3 Cultists","floor":22,"turns":2},{"damage":0,"enemies":"Centurion and Healer","floor":25,"turns":5},{"damage":21,"enemies":"Snake Plant","floor":27,"turns":3},{"damage":15,"enemies":"Cultist and Chosen","floor":28,"turns":4},{"damage":36,"enemies":"Automaton","floor":33,"turns":8},{"damage":47,"enemies":"3 Shapes","floor":35,"turns":7},{"damage":39,"enemies":"3 Darklings","floor":36,"turns":7},{"damage":16,"enemies":"Maw","floor":37,"turns":6},{"damage":16,"enemies":"Sphere and 2 Shapes","floor":38,"turns":15},{"damage":31,"enemies":"4 Shapes","floor":39,"turns":2},{"damage":62,"enemies":"Maw","floor":41,"turns":12},{"damage":60,"enemies":"Giant Head","floor":42,"turns":7},{"damage":52,"enemies":"3 Darklings","floor":44,"turns":5},{"damage":33,"enemies":"Sphere and 2 Shapes","floor":46,"turns":4},{"damage":8,"enemies":"4 Shapes","floor":47,"turns":9},{"damage":27,"enemies":"3 Darklings","floor":48,"turns":4},{"damage":49,"enemies":"Time Eater","floor":50,"turns":9}],"event_choices":[{"event_name":"Match and Keep!","player_choice":"1 cards matched","floor":8,"damage_taken":0},{"event_name":"Golden Wing","player_choice":"Card Removal","floor":13,"damage_taken":0},{"event_name":"Cursed Tome","player_choice":"Obtained Book","floor":20,"damage_taken":0},{"event_name":"Back to Basics","player_choice":"Simplicity","floor":21,"damage_taken":0},{"event_name":"Tomb of Lord Red Mask","player_choice":"Ignored","floor":45,"damage_taken":0}],"boss_relics":[{"not_picked":["Eternal Feather","White Beast Statue"],"picked":"Cursed Key"},{"not_picked":["Orrery","Pandora\u0027s Box"],"picked":"Velvet Choker"}],"potions_floor_spawned":[2,5,7,16,19,27,28,38,39,42,44,47],"seed_played":"-8756636655409120335","ascension_level":0,"is_trial":false}