{"gold_per_floor":[109,124,138,149,23,23,58,69,93,120,120,135,162,175,175,252,252,265,265,165,180,3,3],"floor_reached":23,"playtime":1260,"items_purged":["Strike_G","Strike_G","Defend_G"],"score":434,"play_id":"ae96035e-7068-4d80-be69-1bee9aa220cc","local_time":"20190301093531","is_ascension_mode":true,"campfire_choices":[{"data":"Sucker Punch","floor":6.0,"key":"SMITH"},{"data":"Terror","floor":11,"key":"SMITH"},{"data":"Footwork","floor":15,"key":"SMITH"}],"neow_cost":"NONE","seed_source_timestamp":1224585428047604,"circlet_count":0,"master_deck":["AscendersBane","Defend_G","Defend_G","Defend_G","Defend_G","Strike_G+1","Strike_G+1","Strike_G","Survivor","Neutralize","Terror+1","Sucker Punch+1","Die Die Die","Crippling Poison","Cloak And Dagger","Predator","Cloak And Dagger","Footwork+1","Noxious Fumes","Burst"],"special_seed":0,"relics":["Ring of the Snake","Anchor","Pen Nib","Blood Vial","Whetstone","Ancient Tea Set","Black Star"],"potions_floor_usage":[7,10,13,14,21],"damage_taken":[{"damage":0.0,"enemies":"Small Slimes","floor":1.0,"turns":4.0},{"damage":0.0,"enemies":"2 Louse","floor":2.0,"turns":4.0},{"damage":0.0,"enemies":"Cultist","floor":3.0,"turns":4.0},{"damage":0.0,"enemies":"3 Louse","floor":4.0,"turns":3.0},{"damage":7,"enemies":"3 Sentries","floor":7,"turns":8},{"damage":0,"enemies":"Red Slaver","floor":8,"turns":6},{"damage":7,"enemies":"Lagavulin","floor":10,"turns":4},{"damage":3,"enemies":"Blue Slaver","floor":12,"turns":3},{"damage":19,"enemies":"3 Sentries","floor":13,"turns":8},{"damage":1,"enemies":"Exordium Thugs","floor":14,"turns":3},{"damage":0,"enemies":"Hexaghost","floor":16,"turns":9},{"damage":12,"enemies":"2 Thieves","floor":18,"turns":5},{"damage":3,"enemies":"3 Byrds","floor":21,"turns":5},{"damage":54,"enemies":"Book of Stabbing","floor":23,"turns":6}],"seed_played":"-8974019255186214170","potions_obtained":[{"floor":1.0,"key":"EssenceOfSteel"},{"floor":4.0,"key":"Weak Potion"},{"floor":8,"key":"LiquidBronze"},{"floor":10,"key":"GhostInAJar"},{"floor":13,"key":"Fire Potion"}],"is_trial":false,"path_per_floor":["M","M","M","M","$","R","E","M","T","E","R","M","E","M","R","B",null,"M","?","$","M","$","E"],"character_chosen":"THE_SILENT","items_purchased":["Fire Potion","Explosive Potion"],"campfire_rested":0,"item_purchase_floors":[5,22],"current_hp_per_floor":[63,63,63,63,63,63,56,56,56,51,51,50,33,34,34,36,62,52,52,52,51,51,0],"gold":3,"neow_bonus":"RANDOM_COMMON_RELIC","is_prod":false,"is_daily":false,"chose_seed":false,"campfire_upgraded":3,"win_rate":0,"timestamp":1551429331,"path_taken":["M","M","M","M","$","R","E","M","T","E","R","M","E","M","R","BOSS","M","?","$","M","$","E"],"build_version":"2019-01-23","purchased_purges":3,"victory":false,"max_hp_per_floor":[70,70,70,70,70,70,70,70,70,70,70,70,70,70,70,70,70,70,70,70,70,70,70],"card_choices":[{"not_picked":["Prepared","Slice"],"picked":"Terror","floor":1.0},{"not_picked":["Flying Knee","Underhanded Strike"],"picked":"Sucker Punch","floor":2.0},{"not_picked":["Deflect","Skewer"],"picked":"Die Die Die","floor":3.0},{"not_picked":["Caltrops","Eviscerate"],"picked":"Crippling Poison","floor":4.0},{"not_picked":["Deflect","Riddle With Holes"],"picked":"Cloak And Dagger","floor":7},{"not_picked":["Underhanded Strike","Tactician"],"picked":"Predator","floor":8},{"not_picked":["Underhanded Strike","Masterful Stab"],"picked":"Cloak And Dagger","floor":10},{"not_picked":["Flying Knee","Outmaneuver"],"picked":"Footwork","floor":12},{"not_picked":["Endless Agony","Eviscerate","Dagger Throw"],"picked":"SKIP","floor":13},{"not_picked":["Underhanded Strike","Quick Slash"],"picked":"Noxious Fumes","floor":14},{"not_picked":["Venomology","Night Terror"],"picked":"Burst","floor":16},{"not_picked":["Cloak And Dagger","Flechettes","Bane"],"picked":"SKIP","floor":18},{"not_picked":["Flying Knee","Escape Plan","Outmaneuver"],"picked":"SKIP","floor":21}],"player_experience":657563,"relics_obtained":[{"floor":7,"key":"Pen Nib"},{"floor":9,"key":"Blood Vial"},{"floor":10,"key":"Whetstone"},{"floor":13,"key":"Ancient Tea Set"}],"event_choices":[{"damage_healed":0,"gold_gain":0,"player_choice":"Ignored","damage_taken":0,"max_hp_gain":0,"max_hp_loss":0,"event_name":"Ghosts","floor":19,"gold_loss":0}],"is_beta":false,"boss_relics":[{"not_picked":["HoveringKite","Lizard Tail"],"picked":"Black Star"}],"items_purged_floors":[5,20,22],"is_endless":false,"potions_floor_spawned":[1,4,8,10,13],"killed_by":"Book of Stabbing","ascension_level":13}