{"gold_per_floor":[119,44,44,44,60,91,91,104,128,144,162,188,206,222,222,320,320,336,251,262,279,179,179,179,179,179,199,233,243,300,300,300,402,402,421,421,643,643,518,518,528,528,578,578,592,608,622,640,640,640],"floor_reached":51,"playtime":2618,"items_purged":["Dualcast","Strike_B","Defend_B"],"score":789,"play_id":"2e9db083-f32e-4239-a0c2-7c8ddabaf568","local_time":"20181115202741","is_ascension_mode":true,"campfire_choices":[{"data":"Defend_B","floor":7,"key":"SMITH"},{"floor":15,"key":"REST"},{"floor":23,"key":"REST"},{"data":"FTL","floor":25,"key":"SMITH"},{"floor":32,"key":"REST"},{"data":"Cold Snap","floor":40,"key":"SMITH"},{"data":"Glacier","floor":42,"key":"SMITH"},{"data":"Cold Snap","floor":44,"key":"SMITH"},{"data":"Defend_B","floor":49,"key":"SMITH"}],"neow_cost":"NONE","seed_source_timestamp":96927519910964,"circlet_count":0,"master_deck":["Strike_B","Strike_B","Defend_B+1","Defend_B+1","Zap+1","Cold Snap+1","Glacier+1","Cold Snap+1","FTL+1","Sunder+1","Parasite"],"relics":["Cracked Core","NeowsBlessing","Potion Belt","Happy Flower","Shuriken","Busted Crown","Sundial","Boot","Red Mask","Tiny Chest","Cables","Sozu","Centennial Puzzle"],"potions_floor_usage":[16,16,16,33,33,33,33,50],"damage_taken":[{"damage":0,"enemies":"Small Slimes","floor":1,"turns":1},{"damage":0,"enemies":"Cultist","floor":5,"turns":1},{"damage":0,"enemies":"3 Sentries","floor":6,"turns":1},{"damage":2,"enemies":"2 Louse","floor":8,"turns":3},{"damage":11,"enemies":"Lots of Slimes","floor":10,"turns":4},{"damage":0,"enemies":"2 Fungi Beasts","floor":11,"turns":4},{"damage":9,"enemies":"Gremlin Nob","floor":12,"turns":4},{"damage":0,"enemies":"Blue Slaver","floor":13,"turns":3},{"damage":0,"enemies":"Looter","floor":14,"turns":3},{"damage":14,"enemies":"Hexaghost","floor":16,"turns":9},{"damage":0,"enemies":"Shell Parasite","floor":18,"turns":5},{"damage":10,"enemies":"Chosen","floor":20,"turns":5},{"damage":17,"enemies":"Centurion and Healer","floor":21,"turns":5},{"damage":6,"enemies":"Shelled Parasite and Fungi","floor":27,"turns":5},{"damage":8,"enemies":"Masked Bandits","floor":28,"turns":6},{"damage":6,"enemies":"Sentry and Sphere","floor":29,"turns":6},{"damage":13,"enemies":"Gremlin Leader","floor":30,"turns":9},{"damage":26,"enemies":"Collector","floor":33,"turns":12},{"damage":1,"enemies":"Orb Walker","floor":35,"turns":2},{"damage":2,"enemies":"3 Darklings","floor":41,"turns":6},{"damage":5,"enemies":"Maw","floor":45,"turns":7},{"damage":0,"enemies":"Jaw Worm Horde","floor":46,"turns":3},{"damage":10,"enemies":"4 Shapes","floor":47,"turns":4},{"damage":0,"enemies":"Writhing Mass","floor":48,"turns":5},{"damage":50,"enemies":"Awakened One","floor":50,"turns":17}],"seed_played":"-6877404524790309396","potions_obtained":[{"floor":6,"key":"EssenceOfSteel"},{"floor":10,"key":"FearPotion"},{"floor":11,"key":"Regen Potion"},{"floor":13,"key":"SteroidPotion"},{"floor":21,"key":"Explosive Potion"},{"floor":29,"key":"EssenceOfSteel"},{"floor":30,"key":"Explosive Potion"},{"floor":33,"key":"Swift Potion"}],"is_trial":false,"path_per_floor":["M","$","?","$","M","E","R","M","T","M","M","E","M","M","R","B",null,"M","?","M","M","$","R","?","R","T","M","?","M","E","T","R","B",null,"M","?","?","?","$","R","M","R","T","R","M","M","M","M","R","B",null],"character_chosen":"DEFECT","items_purchased":[],"campfire_rested":3,"item_purchase_floors":[],"current_hp_per_floor":[75,75,75,75,75,75,75,73,73,62,62,53,53,53,75,61,75,75,75,65,48,48,70,70,70,70,64,56,50,37,37,59,48,75,74,74,74,74,74,74,72,72,72,72,67,67,57,57,57,7],"gold":640,"neow_bonus":"THREE_ENEMY_KILL","is_prod":false,"is_daily":false,"chose_seed":false,"campfire_upgraded":6,"win_rate":0,"timestamp":1542335261,"path_taken":["M","$","?","$","M","E","R","M","T","M","?","E","M","M","R","BOSS","M","?","M","M","$","R","?","R","T","?","?","M","E","?","R","BOSS","M","?","?","?","?","R","M","R","T","R","M","M","M","M","R","BOSS"],"build_version":"2018-11-08","purchased_purges":3,"victory":true,"max_hp_per_floor":[75,75,75,75,75,75,75,75,75,75,75,75,75,75,75,75,75,75,75,75,75,75,75,75,75,75,75,75,75,75,75,75,75,75,75,75,75,75,75,75,75,75,75,75,75,75,75,75,75,75],"card_choices":[{"not_picked":["Leap","Streamline","Auto Shields"],"picked":"SKIP","floor":1},{"not_picked":["Ball Lightning","Blizzard","Scrape"],"picked":"SKIP","floor":5},{"not_picked":["White Noise","Go for the Eyes","Skim"],"picked":"SKIP","floor":6},{"not_picked":["Compile Driver","Gash"],"picked":"Cold Snap","floor":8},{"not_picked":["Leap","Rebound"],"picked":"Glacier","floor":10},{"not_picked":["Gash","Force Field"],"picked":"Cold Snap","floor":11},{"not_picked":["Conserve Battery","Force Field","Stack"],"picked":"SKIP","floor":12},{"not_picked":["Multi-Cast","Steam"],"picked":"FTL","floor":13},{"not_picked":["Storm","Stack","Conserve Battery"],"picked":"SKIP","floor":14},{"not_picked":["Fusion"],"picked":"SKIP","floor":18},{"not_picked":["Rebound+1"],"picked":"SKIP","floor":20},{"not_picked":["Turbo+1"],"picked":"SKIP","floor":21},{"not_picked":["Beam Cell"],"picked":"SKIP","floor":27},{"not_picked":[],"picked":"Sunder+1","floor":29},{"not_picked":["Reboot"],"picked":"SKIP","floor":30},{"not_picked":["Darkness"],"picked":"SKIP","floor":35},{"not_picked":["Hello World"],"picked":"SKIP","floor":41},{"not_picked":["Ball Lightning+1"],"picked":"SKIP","floor":45},{"not_picked":["Streamline"],"picked":"SKIP","floor":46},{"not_picked":["Rebound+1"],"picked":"SKIP","floor":47},{"not_picked":["Streamline"],"picked":"SKIP","floor":48}],"player_experience":239965,"relics_obtained":[{"floor":6,"key":"Potion Belt"},{"floor":9,"key":"Happy Flower"},{"floor":12,"key":"Shuriken"},{"floor":26,"key":"Boot"},{"floor":28,"key":"Red Mask"},{"floor":30,"key":"Tiny Chest"},{"floor":31,"key":"Cables"},{"floor":43,"key":"Centennial Puzzle"}],"event_choices":[{"damage_healed":0,"gold_gain":0,"player_choice":"Forge","damage_taken":0,"max_hp_gain":0,"max_hp_loss":0,"event_name":"Accursed Blacksmith","floor":3,"gold_loss":0,"cards_upgraded":["Zap"]},{"damage_healed":0,"gold_gain":0,"player_choice":"Obtained Relic","damage_taken":0,"relics_obtained":["Sundial"],"max_hp_gain":0,"max_hp_loss":0,"event_name":"Addict","floor":19,"gold_loss":85},{"cards_removed":["Defend_B"],"damage_healed":0,"gold_gain":0,"player_choice":"Offered Basic","damage_taken":0,"max_hp_gain":0,"max_hp_loss":0,"event_name":"Bonfire Elementals","floor":24,"gold_loss":0},{"damage_healed":0,"gold_gain":0,"player_choice":"Fought Bandits","damage_taken":0,"max_hp_gain":0,"max_hp_loss":0,"event_name":"Masked Bandits","floor":28,"gold_loss":0},{"cards_removed":["Strike_B"],"damage_healed":0,"gold_gain":0,"player_choice":"Removed Attack","damage_taken":0,"max_hp_gain":0,"max_hp_loss":0,"event_name":"Falling","floor":36,"gold_loss":0},{"damage_healed":0,"gold_gain":222,"player_choice":"Wore Mask","damage_taken":0,"max_hp_gain":0,"max_hp_loss":0,"event_name":"Tomb of Lord Red Mask","floor":37,"gold_loss":0},{"damage_healed":0,"gold_gain":0,"player_choice":"Memory 1","damage_taken":0,"max_hp_gain":0,"max_hp_loss":0,"event_name":"SensoryStone","floor":38,"gold_loss":0}],"is_beta":false,"boss_relics":[{"not_picked":["Velvet Choker","Black Star"],"picked":"Busted Crown"},{"not_picked":["Philosopher\u0027s Stone","Pandora\u0027s Box"],"picked":"Sozu"}],"items_purged_floors":[2,22,39],"is_endless":false,"potions_floor_spawned":[6,10,11,13,21,29,30,33,41,46,48],"ascension_level":1}