{"gold_per_floor":[117,34,86,56,70,99,99,128,155,155,172,228,228,242,242,242],"floor_reached":16,"playtime":364,"items_purged":[],"score":328,"play_id":"4fc5a78a-c74d-4099-8022-41e87022b2b2","local_time":"20181216165208","is_ascension_mode":true,"campfire_choices":[{"data":"Creative AI","floor":7.0,"key":"SMITH"},{"data":"Zap","floor":10.0,"key":"SMITH"},{"data":"Dualcast","floor":15.0,"key":"SMITH"}],"neow_cost":"NONE","seed_source_timestamp":33017135293696,"circlet_count":0,"master_deck":["AscendersBane","Strike_B","Strike_B","Strike_B","Strike_B","Defend_B","Defend_B","Defend_B","Defend_B","Zap+1","Dualcast+1","Doom and Gloom","Creative AI+1","Loop","Steam","Regret","Glacier"],"special_seed":0,"relics":["Cracked Core","NeowsBlessing","Vajra","FossilizedHelix","Orichalcum","Tiny Chest","Smiling Mask"],"potions_floor_usage":[16],"damage_taken":[{"damage":0.0,"enemies":"Jaw Worm","floor":1.0,"turns":1.0},{"damage":0.0,"enemies":"2 Louse","floor":5.0,"turns":1.0},{"damage":0.0,"enemies":"3 Sentries","floor":6.0,"turns":1.0},{"damage":32.0,"enemies":"Gremlin Nob","floor":8.0,"turns":4.0},{"damage":0.0,"enemies":"Cultist","floor":11.0,"turns":3.0},{"damage":0.0,"enemies":"Lagavulin","floor":12.0,"turns":6.0},{"damage":8.0,"enemies":"Looter","floor":14.0,"turns":3.0},{"damage":21,"enemies":"The Guardian","floor":16,"turns":4}],"seed_played":"-8009263529666827232","potions_obtained":[{"floor":4.0,"key":"GamblersBrew"},{"floor":4.0,"key":"SpeedPotion"},{"floor":5.0,"key":"EssenceOfSteel"},{"floor":6.0,"key":"Dexterity Potion"},{"floor":8.0,"key":"Strength Potion"}],"is_trial":false,"path_per_floor":["M","$","?","?","M","E","R","E","T","R","M","E","?","M","R","B"],"character_chosen":"DEFECT","items_purchased":["Creative AI"],"campfire_rested":0,"item_purchase_floors":[2],"current_hp_per_floor":[64,64,64,64,64,64,64,32,32,32,32,32,32,24,24,3],"gold":242,"neow_bonus":"THREE_ENEMY_KILL","is_prod":false,"is_daily":false,"chose_seed":false,"campfire_upgraded":3,"win_rate":0,"timestamp":1544975528,"path_taken":["M","$","?","?","?","E","R","E","T","R","M","E","?","M","R","BOSS"],"build_version":"2018-12-13","purchased_purges":0,"victory":false,"max_hp_per_floor":[71,71,71,71,71,71,71,71,71,71,71,71,71,71,71,71],"card_choices":[{"not_picked":["Beam Cell","Turbo"],"picked":"Doom and Gloom","floor":1.0},{"not_picked":["Barrage","Hologram"],"picked":"Loop","floor":5.0},{"not_picked":["Redo","Tempest","Fusion"],"picked":"SKIP","floor":6.0},{"not_picked":["Redo","Tempest","Fusion"],"picked":"SKIP","floor":6.0},{"not_picked":["Compile Driver","Leap"],"picked":"Steam","floor":8.0},{"not_picked":["Gash","Hello World","Steam"],"picked":"SKIP","floor":11.0},{"not_picked":["All For One","Doom and Gloom","Hologram"],"picked":"SKIP","floor":12.0},{"not_picked":["Rebound","Darkness"],"picked":"Glacier","floor":14.0}],"player_experience":842035,"relics_obtained":[{"floor":6.0,"key":"Vajra"},{"floor":8.0,"key":"FossilizedHelix"},{"floor":9.0,"key":"Orichalcum"},{"floor":12.0,"key":"Tiny Chest"}],"event_choices":[{"damage_healed":0.0,"max_hp_gain":0.0,"max_hp_loss":0.0,"gold_gain":52.0,"event_name":"Golden Wing","player_choice":"Gained Gold","floor":3.0,"gold_loss":0.0,"damage_taken":0.0},{"damage_healed":0.0,"max_hp_gain":0.0,"max_hp_loss":0.0,"gold_gain":0.0,"event_name":"The Woman in Blue","player_choice":"Bought 2 Potions","floor":4.0,"gold_loss":0.0,"damage_taken":0.0},{"damage_healed":0.0,"max_hp_gain":0.0,"max_hp_loss":0.0,"gold_gain":0.0,"event_name":"Big Fish","player_choice":"Box","floor":13.0,"gold_loss":0.0,"damage_taken":0.0,"relics_obtained":["Smiling Mask"],"cards_obtained":["Regret"]}],"is_beta":true,"boss_relics":[],"items_purged_floors":[],"is_endless":false,"potions_floor_spawned":[5,6,8],"killed_by":"The Guardian","ascension_level":19}