{"gold_per_floor":[115,132,307,323,423,423,457,457,457,485,43,61,73,9,9,114,114,131,131,7,20,38,73,89,162,162,173,173,208,225,245,245,346,346,359,409,422,41,0,28,28,57,57,57,28,83,83,96,96,96],"floor_reached":51,"playtime":4198,"items_purged":["Strike_B+1"],"score":914,"play_id":"c55b3866-17a0-4325-8cd9-9da2a0826ba9","local_time":"20180926183418","is_ascension_mode":true,"campfire_choices":[{"data":"Sunder","floor":6,"key":"SMITH"},{"data":"Zap","floor":8,"key":"SMITH"},{"data":"Multi-Cast","floor":15,"key":"SMITH"},{"data":"Sunder","floor":28,"key":"SMITH"},{"data":"Aggregate","floor":32,"key":"SMITH"},{"data":"Secret Technique","floor":41,"key":"SMITH"},{"data":"Turbo","floor":44,"key":"SMITH"},{"data":"Fission","floor":49,"key":"SMITH"}],"neow_cost":"NONE","seed_source_timestamp":727138169151807,"circlet_count":0,"master_deck":["Strike_B+1","Defend_B+1","Defend_B+1","Defend_B+1","Defend_B+1","Zap+1","Dualcast","Leap","Beam Cell","Doubt","Sunder+1","Hologram","Multi-Cast+1","Redo","Static Discharge+1","Ball Lightning","Aggregate+1","Self Repair+1","Machine Learning+1","Hologram+1","Storm+1","Turbo+1","Go for the Eyes","FTL+1","Self Repair+1","Biased Cognition+1","Sunder+1","Defragment+1","Capacitor+1","Redo+1","Buffer+1","Electrodynamics+1","Loop+1","Conserve Battery+1","Defragment+1","Secret Technique+1","Turbo","Auto Shields","Beam Cell+1","Loop+1","Fission+1","Loop+1"],"relics":["Runic Pyramid","Vajra","The Courier","Art of War","Happy Flower","Frozen Egg 2","Empty Cage","Incense Burner","Question Card","Bottled Tornado","Pen Nib","Nuclear Battery","Ice Cream","Omamori","Red Mask","Thread and Needle","Smiling Mask","Mummified Hand","Tiny Chest"],"potions_floor_usage":[37,40,50,50,50],"damage_taken":[{"damage":7,"enemies":"Jaw Worm","floor":1,"turns":5},{"damage":2,"enemies":"2 Louse","floor":2,"turns":3},{"damage":0,"enemies":"Cultist","floor":4,"turns":3},{"damage":12,"enemies":"3 Sentries","floor":7,"turns":9},{"damage":8,"enemies":"Lagavulin","floor":10,"turns":7},{"damage":9,"enemies":"Lots of Slimes","floor":12,"turns":3},{"damage":5,"enemies":"Blue Slaver","floor":13,"turns":2},{"damage":2,"enemies":"The Guardian","floor":16,"turns":10},{"damage":16,"enemies":"2 Thieves","floor":18,"turns":3},{"damage":12,"enemies":"3 Byrds","floor":21,"turns":3},{"damage":16,"enemies":"Snake Plant","floor":22,"turns":2},{"damage":58,"enemies":"Gremlin Leader","floor":23,"turns":5},{"damage":19,"enemies":"Shelled Parasite and Fungi","floor":24,"turns":3},{"damage":2,"enemies":"Snecko","floor":27,"turns":3},{"damage":28,"enemies":"Book of Stabbing","floor":29,"turns":4},{"damage":2,"enemies":"3 Cultists","floor":30,"turns":4},{"damage":12,"enemies":"Chosen and Byrds","floor":31,"turns":4},{"damage":18,"enemies":"Champ","floor":33,"turns":7},{"damage":0,"enemies":"3 Shapes","floor":35,"turns":2},{"damage":22,"enemies":"Mysterious Sphere","floor":36,"turns":4},{"damage":0,"enemies":"Orb Walker","floor":37,"turns":2},{"damage":33,"enemies":"2 Orb Walkers","floor":40,"turns":3},{"damage":0,"enemies":"Nemesis","floor":42,"turns":3},{"damage":0,"enemies":"Giant Head","floor":46,"turns":6},{"damage":2,"enemies":"Sphere and 2 Shapes","floor":48,"turns":3},{"damage":64,"enemies":"Awakened One","floor":50,"turns":8}],"seed_played":"4945326604207009858","potions_obtained":[{"floor":7,"key":"SteroidPotion"},{"floor":13,"key":"Regen Potion"},{"floor":18,"key":"Energy Potion"},{"floor":22,"key":"EssenceOfSteel"},{"floor":33,"key":"Block Potion"},{"floor":37,"key":"Strength Potion"},{"floor":40,"key":"Poison Potion"},{"floor":46,"key":"AttackPotion"}],"is_trial":false,"path_per_floor":["M","M","?","M","?","R","E","R","T","E","$","M","M","$","R","B",null,"M","?","$","M","M","E","M","T","T","M","R","E","M","M","R","B",null,"M","?","M","$","?","E","R","E","T","R","$","E","?","M","R","B"],"character_chosen":"DEFECT","items_purchased":["Redo","Happy Flower","Frozen Egg 2","Static Discharge+1","Self Repair+1","Storm+1","Turbo","Go for the Eyes","Omamori","Secret Technique","Turbo","Loop+1"],"campfire_rested":0,"item_purchase_floors":[11,11,11,11,14,20,20,20,38,38,38,45],"current_hp_per_floor":[68,66,66,66,66,66,54,54,54,46,46,37,32,32,32,40,75,69,69,69,67,61,23,24,24,24,32,32,24,42,40,40,42,75,75,63,73,73,73,40,40,50,50,50,50,60,75,73,73,29],"gold":96,"neow_bonus":"BOSS_RELIC","is_prod":false,"is_daily":false,"chose_seed":false,"campfire_upgraded":8,"win_rate":0,"timestamp":1537961658,"path_taken":["M","M","?","M","?","R","E","R","T","E","$","M","M","?","R","BOSS","M","?","?","M","M","E","?","?","T","M","R","E","M","?","R","BOSS","M","?","?","?","?","E","R","E","T","R","$","E","?","M","R","BOSS"],"build_version":"2018-09-20","purchased_purges":1,"victory":true,"max_hp_per_floor":[75,75,75,75,75,75,75,75,75,75,75,75,75,75,75,75,75,75,75,75,75,75,75,75,75,75,75,75,75,75,75,75,75,75,75,75,75,75,75,75,75,75,75,75,75,75,75,75,75,75],"card_choices":[{"not_picked":["Barrage","Stack"],"picked":"Leap","floor":1},{"not_picked":["Recycle","Barrage"],"picked":"Beam Cell","floor":2},{"not_picked":["Turbo","Ball Lightning"],"picked":"Sunder","floor":4},{"not_picked":["Cold Snap","Steam Power"],"picked":"Hologram","floor":7},{"not_picked":["Doom and Gloom","Darkness"],"picked":"Multi-Cast","floor":10},{"not_picked":["Barrage","Coolheaded"],"picked":"Ball Lightning","floor":12},{"not_picked":["Gash","Sweeping Beam"],"picked":"Aggregate","floor":13},{"not_picked":["Meteor Strike","All For One"],"picked":"Machine Learning+1","floor":16},{"not_picked":["White Noise","Steam"],"picked":"Hologram+1","floor":18},{"not_picked":["White Noise+1","Consume"],"picked":"FTL+1","floor":21},{"not_picked":["Compile Driver","Blizzard"],"picked":"Self Repair+1","floor":22},{"not_picked":["Go for the Eyes","Double Energy"],"picked":"Biased Cognition+1","floor":23},{"not_picked":["Sweeping Beam+1","Coolheaded"],"picked":"Sunder","floor":24},{"not_picked":["Leap+1","Sweeping Beam","Hologram"],"picked":"Defragment+1","floor":27},{"not_picked":["Rebound+1","Compile Driver","Chaos"],"picked":"Capacitor+1","floor":29},{"not_picked":["Streamline","Turbo","Hologram+1"],"picked":"Redo+1","floor":30},{"not_picked":["Rebound","Beam Cell","Force Field"],"picked":"Buffer+1","floor":31},{"not_picked":["Rainbow","Core Surge","Machine Learning+1"],"picked":"Electrodynamics+1","floor":33},{"not_picked":["Ball Lightning+1","Leap+1","Self Repair+1"],"picked":"Loop+1","floor":35},{"not_picked":["Force Field","Hologram+1","Gash+1"],"picked":"Conserve Battery+1","floor":36},{"not_picked":["Conserve Battery+1","Gash+1","Cold Snap+1"],"picked":"Defragment+1","floor":37},{"not_picked":["Barrage+1","Stack","Rainbow"],"picked":"Auto Shields","floor":40},{"not_picked":["Self Repair+1","Rebound","Compile Driver"],"picked":"Beam Cell+1","floor":42},{"not_picked":["Streamline","Chill","Darkness"],"picked":"Fission","floor":46},{"not_picked":["Conserve Battery+1","Force Field","Compile Driver+1"],"picked":"Loop+1","floor":48}],"player_experience":176829,"relics_obtained":[{"floor":7,"key":"Vajra"},{"floor":9,"key":"The Courier"},{"floor":10,"key":"Art of War"},{"floor":23,"key":"Incense Burner"},{"floor":25,"key":"Question Card"},{"floor":26,"key":"Bottled Tornado"},{"floor":29,"key":"Pen Nib"},{"floor":36,"key":"Ice Cream"},{"floor":40,"key":"Thread and Needle"},{"floor":42,"key":"Smiling Mask"},{"floor":43,"key":"Mummified Hand"},{"floor":46,"key":"Tiny Chest"}],"event_choices":[{"event_name":"Liars Game","player_choice":"agreed","floor":3,"damage_taken":0},{"event_name":"Wheel of Change","player_choice":"Gold","floor":5,"damage_taken":0},{"event_name":"Back to Basics","player_choice":"Simplicity","floor":19,"damage_taken":0},{"event_name":"Mysterious Sphere","player_choice":"Fight","floor":36,"damage_taken":0},{"event_name":"Tomb of Lord Red Mask","player_choice":"Paid","floor":39,"damage_taken":0},{"event_name":"Winding Halls","player_choice":"Writhe","floor":47,"damage_taken":0}],"is_beta":false,"boss_relics":[{"not_picked":["Orrery","White Beast Statue"],"picked":"Empty Cage"},{"not_picked":["Velvet Choker","Calling Bell"],"picked":"Nuclear Battery"}],"items_purged_floors":[38],"is_endless":false,"potions_floor_spawned":[7,13,18,22,27,33,37,40,46],"ascension_level":2}