{"gold_per_floor":[113,113,113,125,3,3,16,16,16,16,33,59,59,69,69,69],"floor_reached":16,"playtime":500,"items_purged":["Strike_R"],"score":135,"play_id":"779c7d8c-63b5-4313-ab0a-ab6527fe061e","local_time":"20190223095253","is_ascension_mode":true,"campfire_choices":[{"data":"Impervious","floor":6,"key":"SMITH"},{"data":"Entrench","floor":8,"key":"SMITH"},{"data":"Impervious","floor":13,"key":"SMITH"},{"data":"Bash","floor":15,"key":"SMITH"}],"neow_cost":"NONE","seed_source_timestamp":905728865386906,"circlet_count":0,"master_deck":["Strike_R","Strike_R+1","Strike_R","Strike_R","Defend_R","Defend_R+1","Defend_R","Defend_R","Bash+1","Impervious+1","Entrench+1","Body Slam+1","Impervious+1"],"relics":["Burning Blood","NeowsBlessing","Smiling Mask","Molten Egg 2","Sundial"],"potions_floor_usage":[12,12,16,16],"damage_taken":[{"damage":0,"enemies":"Cultist","floor":1,"turns":1},{"damage":0,"enemies":"2 Louse","floor":4,"turns":1},{"damage":0,"enemies":"Jaw Worm","floor":7,"turns":1},{"damage":0,"enemies":"Red Slaver","floor":11,"turns":6},{"damage":16,"enemies":"Gremlin Nob","floor":12,"turns":3},{"damage":15,"enemies":"Looter","floor":14,"turns":5},{"damage":69,"enemies":"Hexaghost","floor":16,"turns":11}],"seed_played":"-2553404221177806478","potions_obtained":[{"floor":4,"key":"Poison Potion"},{"floor":7,"key":"PowerPotion"},{"floor":11,"key":"FearPotion"},{"floor":14,"key":"BloodPotion"}],"is_trial":false,"path_per_floor":["M","T","?","M","$","R","M","R","T","$","M","E","R","M","R","B"],"character_chosen":"IRONCLAD","items_purchased":["Impervious"],"campfire_rested":0,"item_purchase_floors":[5],"current_hp_per_floor":[78,78,62,68,68,68,74,74,74,74,80,70,70,61,61,0],"gold":69,"neow_bonus":"THREE_ENEMY_KILL","is_prod":false,"is_daily":false,"chose_seed":false,"campfire_upgraded":4,"win_rate":0,"timestamp":1550937173,"path_taken":["M","?","?","M","$","R","M","R","T","?","M","E","R","M","R","BOSS"],"build_version":"2019-01-23","purchased_purges":1,"victory":false,"max_hp_per_floor":[80,80,80,80,80,80,80,80,80,80,80,80,80,80,80,80],"card_choices":[{"not_picked":["Clash","Warcry","Twin Strike"],"picked":"SKIP","floor":1},{"not_picked":["Blood for Blood","Intimidate","Heavy Blade"],"picked":"SKIP","floor":4},{"not_picked":["Corruption","Havoc"],"picked":"Entrench","floor":7},{"not_picked":["Evolve","Havoc"],"picked":"Body Slam+1","floor":11},{"not_picked":["Offering","Pommel Strike+1"],"picked":"Impervious","floor":12},{"not_picked":["Clothesline+1","Thunderclap+1","Cleave+1"],"picked":"SKIP","floor":14}],"player_experience":1492752,"relics_obtained":[{"floor":2,"key":"Smiling Mask"},{"floor":9,"key":"Molten Egg 2"},{"floor":12,"key":"Sundial"}],"event_choices":[{"damage_healed":0,"gold_gain":0,"player_choice":"Entered Light","damage_taken":16,"max_hp_gain":0,"max_hp_loss":0,"event_name":"Shining Light","floor":3,"gold_loss":0,"cards_upgraded":["Strike_R","Defend_R"]}],"is_beta":false,"boss_relics":[],"items_purged_floors":[5],"is_endless":false,"potions_floor_spawned":[4,7,11,14],"killed_by":"Hexaghost","ascension_level":7}