{"gold_per_floor":[111,42,142,159,170,170,200,49,122,52,70,131,131,81,81,184,184,198,55,55,75,75,75,94,94,94,129,129,141,157,157,157,157],"floor_reached":33,"playtime":2724,"items_purged":["Strike_R"],"score":355,"play_id":"f3594a16-29eb-4731-b70e-6e16d18a551a","local_time":"20190221011946","is_ascension_mode":true,"campfire_choices":[{"data":"Armaments","floor":6,"key":"SMITH"},{"data":"Infernal Blade","floor":13,"key":"SMITH"},{"data":"Whirlwind","floor":15,"key":"SMITH"},{"data":"Demon Form","floor":23,"key":"SMITH"},{"floor":25,"key":"REST"},{"floor":32,"key":"REST"}],"neow_cost":"NONE","seed_source_timestamp":243515494073189,"circlet_count":0,"master_deck":["Strike_R","Strike_R","Strike_R","Defend_R","Defend_R","Defend_R","Defend_R","Bash","Anger","Armaments+1","Whirlwind+1","Flame Barrier","Cleave","Impervious","Infernal Blade+1","Cleave","Intimidate","Demon Form+1","Heavy Blade","Inflame","Heavy Blade+1","Inflame+1","Exhume","Wild Strike+1","Armaments+1"],"relics":["Burning Blood","Pen Nib","PreservedInsect","Bottled Lightning","Tiny Chest","Mark of Pain","MutagenicStrength","Orichalcum","Frozen Egg 2","Toxic Egg 2"],"potions_floor_usage":[7,30,33,33],"damage_taken":[{"damage":0,"enemies":"Cultist","floor":1,"turns":2},{"damage":0,"enemies":"Small Slimes","floor":4,"turns":3},{"damage":7,"enemies":"Jaw Worm","floor":5,"turns":2},{"damage":9,"enemies":"Gremlin Nob","floor":7,"turns":4},{"damage":0,"enemies":"Exordium Wildlife","floor":11,"turns":3},{"damage":11,"enemies":"Lagavulin","floor":12,"turns":5},{"damage":0,"enemies":"Slime Boss","floor":16,"turns":6},{"damage":23,"enemies":"Shell Parasite","floor":18,"turns":5},{"damage":19,"enemies":"Spheric Guardian","floor":21,"turns":4},{"damage":18,"enemies":"Chosen and Byrds","floor":24,"turns":5},{"damage":7,"enemies":"Slavers","floor":27,"turns":3},{"damage":13,"enemies":"Cultist and Chosen","floor":29,"turns":6},{"damage":1,"enemies":"Snecko","floor":30,"turns":4},{"damage":80,"enemies":"Automaton","floor":33,"turns":8}],"seed_played":"-4093859280641258927","potions_obtained":[{"floor":5,"key":"Explosive Potion"},{"floor":21,"key":"Dexterity Potion"},{"floor":27,"key":"SpeedPotion"},{"floor":30,"key":"Fire Potion"}],"is_trial":false,"path_per_floor":["M","$","?","M","M","R","E","$","T","$","M","E","R","?","R","B",null,"M","$","?","M","?","R","M","R","T","E","T","M","M","$","R","B"],"character_chosen":"IRONCLAD","items_purchased":["Whirlwind","PreservedInsect","Infernal Blade","Inflame"],"campfire_rested":2,"item_purchase_floors":[2,8,10,19],"current_hp_per_floor":[80,80,80,80,79,79,76,76,76,76,80,75,75,75,75,80,80,63,63,63,50,50,50,38,62,62,61,61,54,59,59,80,0],"gold":157,"neow_bonus":"THREE_CARDS","is_prod":false,"is_daily":false,"chose_seed":false,"campfire_upgraded":4,"win_rate":0,"timestamp":1550733586,"path_taken":["M","$","?","?","M","R","E","$","T","$","M","E","R","?","R","BOSS","M","$","?","M","?","R","M","R","T","E","?","?","M","$","R","BOSS"],"build_version":"2019-01-23","purchased_purges":1,"victory":false,"max_hp_per_floor":[80,80,80,80,80,80,80,80,80,80,80,80,80,80,80,80,80,80,80,80,80,80,80,80,80,80,80,80,80,80,80,80,80],"card_choices":[{"not_picked":["Clothesline","Inflame"],"picked":"Anger","floor":0},{"not_picked":["Shrug It Off","Perfected Strike"],"picked":"Armaments","floor":1},{"not_picked":["Sentinel","Thunderclap"],"picked":"Flame Barrier","floor":4},{"not_picked":["Iron Wave","Armaments"],"picked":"Cleave","floor":5},{"not_picked":["Inflame","Clash"],"picked":"Impervious","floor":7},{"not_picked":["Body Slam","Rampage"],"picked":"Cleave","floor":11},{"not_picked":["Rampage","Ghostly Armor"],"picked":"Intimidate","floor":12},{"not_picked":["Exhume","Barricade"],"picked":"Demon Form","floor":16},{"not_picked":["Evolve","Clash"],"picked":"Heavy Blade","floor":18},{"not_picked":["Corruption","Warcry"],"picked":"Heavy Blade+1","floor":21},{"not_picked":["Evolve+1","Anger"],"picked":"Inflame+1","floor":24},{"not_picked":["Havoc+1","Shrug It Off"],"picked":"Exhume","floor":27},{"not_picked":["Sword Boomerang","Armaments+1"],"picked":"Wild Strike+1","floor":29},{"not_picked":["Second Wind+1","Wild Strike+1"],"picked":"Armaments+1","floor":30}],"player_experience":126622,"relics_obtained":[{"floor":7,"key":"Pen Nib"},{"floor":9,"key":"Bottled Lightning"},{"floor":12,"key":"Tiny Chest"},{"floor":26,"key":"Orichalcum"},{"floor":27,"key":"Frozen Egg 2"},{"floor":28,"key":"Toxic Egg 2"}],"event_choices":[{"damage_healed":0,"gold_gain":100,"player_choice":"Pray","damage_taken":0,"max_hp_gain":0,"max_hp_loss":0,"event_name":"Golden Shrine","floor":3,"gold_loss":0},{"cards_removed":["Strike_R"],"damage_healed":0,"gold_gain":0,"player_choice":"Card Removal","damage_taken":0,"max_hp_gain":0,"max_hp_loss":0,"event_name":"The Cleric","floor":14,"gold_loss":50},{"damage_healed":0,"gold_gain":0,"player_choice":"Inject Mutagens","damage_taken":0,"relics_obtained":["MutagenicStrength"],"max_hp_gain":0,"max_hp_loss":0,"event_name":"Drug Dealer","floor":22,"gold_loss":0}],"is_beta":false,"boss_relics":[{"not_picked":["Runic Pyramid","Calling Bell"],"picked":"Mark of Pain"}],"items_purged_floors":[19],"is_endless":false,"potions_floor_spawned":[5,21,27,30],"killed_by":"Automaton","ascension_level":2}