{"gold_per_floor":[114,114,132,132,0,0,43,43,43,82,82,82,103,103,103,103],"floor_reached":16,"playtime":290,"items_purged":["Strike_G"],"score":255,"play_id":"10604374-a0c2-4d25-9e63-96a6c2716807","local_time":"20181223105801","is_ascension_mode":true,"campfire_choices":[{"data":"Quick Slash","floor":6.0,"key":"SMITH"},{"data":"Quick Slash","floor":12,"key":"SMITH"},{"data":"Flechettes","floor":15,"key":"SMITH"}],"neow_cost":"NONE","seed_source_timestamp":1854248734264,"circlet_count":0,"master_deck":["AscendersBane","Defend_G","Defend_G","Defend_G","Defend_G","Defend_G","Strike_G","Strike_G","Strike_G","Survivor","Neutralize","Quick Slash+1","Deflect","Quick Slash+1","Parasite","Flechettes+1","Infinite Blades"],"special_seed":0,"relics":["Ring of the Snake","NeowsBlessing","Golden Idol","Smiling Mask","Tingsha","Orichalcum","FaceOfCleric"],"potions_floor_usage":[],"damage_taken":[{"damage":0.0,"enemies":"Small Slimes","floor":1.0,"turns":1.0},{"damage":0.0,"enemies":"2 Louse","floor":3.0,"turns":1.0},{"damage":0.0,"enemies":"Gremlin Nob","floor":7.0,"turns":1.0},{"damage":31,"enemies":"3 Sentries","floor":10,"turns":13},{"damage":0,"enemies":"Jaw Worm","floor":13,"turns":3},{"damage":0,"enemies":"Slime Boss","floor":16,"turns":1}],"seed_played":"-8797499586683803645","potions_obtained":[{"floor":7.0,"key":"FearPotion"},{"floor":13,"key":"FearPotion"}],"is_trial":false,"path_per_floor":["M","?","M","?","$","R","E","?","T","E","?","R","M","?","R","B"],"character_chosen":"THE_SILENT","items_purchased":["Quick Slash"],"campfire_rested":0,"item_purchase_floors":[5],"current_hp_per_floor":[59,52,52,52,52,52,52,60,60,29,34,34,34,34,34,34],"gold":103,"neow_bonus":"THREE_ENEMY_KILL","is_prod":false,"is_daily":false,"chose_seed":false,"campfire_upgraded":3,"win_rate":0,"timestamp":1545559081,"path_taken":["M","?","M","?","$","R","E","?","T","E","?","R","?","?","R","BOSS"],"build_version":"2018-12-20","purchased_purges":1,"victory":false,"max_hp_per_floor":[66,66,66,60,60,60,60,60,60,60,65,65,65,65,65,65],"card_choices":[{"not_picked":["Outmaneuver","Slice"],"picked":"Quick Slash","floor":1.0},{"not_picked":["Calculated Gamble","Expertise"],"picked":"Deflect","floor":3.0},{"not_picked":["Phantasmal Killer","Prepared","Concentrate"],"picked":"SKIP","floor":7.0},{"not_picked":["Slice","Eviscerate"],"picked":"Flechettes","floor":10},{"not_picked":["Deadly Poison","Slice"],"picked":"Infinite Blades","floor":13}],"player_experience":859370,"relics_obtained":[{"floor":7.0,"key":"Smiling Mask"},{"floor":9,"key":"Tingsha"},{"floor":10,"key":"Orichalcum"}],"event_choices":[{"cards_removed":["Strike_G"],"damage_healed":0.0,"max_hp_gain":0.0,"max_hp_loss":0.0,"gold_gain":0.0,"event_name":"Golden Wing","player_choice":"Card Removal","floor":2.0,"gold_loss":0.0,"damage_taken":7.0},{"damage_healed":0.0,"max_hp_gain":0.0,"max_hp_loss":6.0,"gold_gain":0.0,"event_name":"Golden Idol","player_choice":"Lose Max HP","floor":4.0,"gold_loss":0.0,"damage_taken":0.0,"relics_obtained":["Golden Idol"]},{"damage_healed":15,"gold_gain":0,"player_choice":"Healed and dodged fight","damage_taken":0,"max_hp_gain":0,"max_hp_loss":0,"event_name":"Mushrooms","floor":8,"gold_loss":0,"cards_obtained":["Parasite"]},{"damage_healed":0,"gold_gain":0,"player_choice":"Donut","damage_taken":0,"max_hp_gain":5,"max_hp_loss":0,"event_name":"Big Fish","floor":11,"gold_loss":0},{"damage_healed":0,"gold_gain":0,"player_choice":"Trade","damage_taken":0,"relics_obtained":["FaceOfCleric"],"max_hp_gain":0,"max_hp_loss":0,"event_name":"FaceTrader","floor":14,"gold_loss":0}],"is_beta":true,"boss_relics":[],"items_purged_floors":[5],"is_endless":false,"potions_floor_spawned":[7,13],"killed_by":"Slime Boss","ascension_level":19}