{"gold_per_floor":[212,230,230,118,118,118,137,154,179,179,28,57,57,76,76,171,171,185,197,197,213,128,128,40,40,40,40,59,59,76,88,88,190,240,258,273,273,14,14,29,29,29,101,101,18,35,35,50,50,50],"floor_reached":50,"playtime":8138,"items_purged":[],"score":507,"play_id":"55f198dc-9e01-4dc9-b691-5ad3b30c0b81","local_time":"20190130230916","is_ascension_mode":false,"campfire_choices":[{"data":"Mind Blast","floor":6,"key":"SMITH"},{"floor":13,"key":"REST"},{"data":"Feed","floor":15,"key":"SMITH"},{"floor":23,"key":"REST"},{"data":"Dark Embrace","floor":25,"key":"SMITH"},{"data":"Reaper","floor":27,"key":"SMITH"},{"data":"Seeing Red","floor":32,"key":"SMITH"},{"data":"Flex","floor":44,"key":"SMITH"},{"floor":49,"key":"REST"}],"neow_cost":"NONE","seed_source_timestamp":1064625185171044,"circlet_count":0,"master_deck":["Strike_R","Strike_R","Strike_R","Strike_R","Defend_R","Defend_R","Defend_R","Defend_R","Bash+1","Warcry+1","Sword Boomerang","Mind Blast+1","Flex","Power Through","Anger","Feed+1","Iron Wave","Dark Embrace+1","Reaper+1","Anger+1","Dual Wield+1","Seeing Red+1","PanicButton","Rage+1","Battle Trance","Blind","Shrug It Off","Flex+1","Double Tap","Pummel+1","Warcry","Shrug It Off","Madness","Iron Wave+1","Writhe","Purity","Limit Break","Carnage"],"relics":["Burning Blood","Orichalcum","Odd Mushroom","Eternal Feather","Nilry\u0027s Codex","Happy Flower","Oddly Smooth Stone","Tiny House","Pantograph","Question Card"],"potions_floor_usage":[12,19,30,30,40,48,50,50],"damage_taken":[{"damage":8,"enemies":"Small Slimes","floor":1,"turns":4},{"damage":0,"enemies":"2 Louse","floor":2,"turns":3},{"damage":11,"enemies":"Jaw Worm","floor":7,"turns":2},{"damage":19,"enemies":"3 Louse","floor":8,"turns":7},{"damage":14,"enemies":"The Mushroom Lair","floor":12,"turns":5},{"damage":0,"enemies":"Large Slime","floor":14,"turns":2},{"damage":34,"enemies":"Slime Boss","floor":16,"turns":13},{"damage":30,"enemies":"Spheric Guardian","floor":18,"turns":6},{"damage":19,"enemies":"3 Byrds","floor":19,"turns":5},{"damage":41,"enemies":"Centurion and Healer","floor":21,"turns":7},{"damage":22,"enemies":"Shelled Parasite and Fungi","floor":28,"turns":6},{"damage":4,"enemies":"Cultist and Chosen","floor":30,"turns":6},{"damage":21,"enemies":"Snake Plant","floor":31,"turns":6},{"damage":26,"enemies":"Champ","floor":33,"turns":20},{"damage":12,"enemies":"Orb Walker","floor":35,"turns":3},{"damage":22,"enemies":"3 Darklings","floor":36,"turns":7},{"damage":59,"enemies":"Maw","floor":40,"turns":12},{"damage":25,"enemies":"Sphere and 2 Shapes","floor":46,"turns":9},{"damage":80,"enemies":"Transient","floor":48,"turns":5},{"damage":113,"enemies":"Donu and Deca","floor":50,"turns":8}],"seed_played":"-2126482408224572194","potions_obtained":[{"floor":2,"key":"Ancient Potion"},{"floor":7,"key":"AttackPotion"},{"floor":16,"key":"SteroidPotion"},{"floor":18,"key":"Energy Potion"},{"floor":21,"key":"SteroidPotion"},{"floor":28,"key":"Weak Potion"},{"floor":31,"key":"Weak Potion"},{"floor":34,"key":"Ancient Potion"},{"floor":35,"key":"SpeedPotion"},{"floor":46,"key":"Fire Potion"}],"is_trial":false,"path_per_floor":["?","?","?","?","?","?","?","M","M","?","?","?","$","M","?"],"character_chosen":"IRONCLAD","items_purchased":["Mind Blast","Flex","Feed","PanicButton","Pantograph","Purity"],"campfire_rested":3,"item_purchase_floors":[4,4,11,24,38,45],"current_hp_per_floor":[78,80,85,85,85,85,80,67,67,67,67,62,88,88,88,60,88,68,67,51,24,24,64,64,76,76,88,82,82,97,87,100,90,105,99,98,98,98,98,50,50,76,76,97,97,82,82,8,61,0],"gold":50,"neow_bonus":"HUNDRED_GOLD","is_prod":false,"is_daily":false,"chose_seed":false,"campfire_upgraded":6,"win_rate":0,"timestamp":1548886156,"path_taken":["M","M","?","$","?","R","M","M","T","?","$","?","R","M","R","BOSS","M","M","?","M","?","R","$","R","T","R","M","?","?","?","R","BOSS","M","M","?","$","?","M","$","?","T","R","?","?","?","M","R","BOSS"],"build_version":"2019-01-23","purchased_purges":0,"victory":false,"max_hp_per_floor":[80,80,85,85,85,85,85,85,85,85,85,88,88,88,88,88,88,88,92,92,96,96,96,96,96,96,96,96,96,100,100,100,100,105,105,105,105,105,105,105,105,105,105,105,105,109,109,109,109,109],"card_choices":[{"not_picked":["Pommel Strike","Sword Boomerang"],"picked":"Warcry","floor":1},{"not_picked":["Brutality","Searing Blow"],"picked":"Sword Boomerang","floor":2},{"not_picked":["Thunderclap","Perfected Strike"],"picked":"Power Through","floor":7},{"not_picked":["Headbutt","Dropkick"],"picked":"Anger","floor":8},{"not_picked":["Clothesline","Cleave"],"picked":"Iron Wave","floor":12},{"not_picked":["Flex","True Grit"],"picked":"Dark Embrace","floor":14},{"not_picked":["Feed","Fiend Fire"],"picked":"Reaper","floor":16},{"not_picked":["Combust","Flex"],"picked":"Anger+1","floor":18},{"not_picked":["Iron Wave","Thunderclap+1"],"picked":"Dual Wield+1","floor":19},{"not_picked":["Rage","Reckless Charge"],"picked":"Seeing Red","floor":21},{"not_picked":["Armaments","Blood for Blood"],"picked":"Rage+1","floor":28},{"not_picked":["Shockwave","Clash"],"picked":"Shrug It Off","floor":30},{"not_picked":["Rampage","Headbutt"],"picked":"Flex","floor":31},{"not_picked":["Limit Break","Brutality"],"picked":"Double Tap","floor":33},{"not_picked":["Clothesline","Cleave"],"picked":"Pummel+1","floor":34},{"not_picked":["Perfected Strike+1","Twin Strike"],"picked":"Warcry","floor":35},{"not_picked":["Armaments+1","Clash"],"picked":"Shrug It Off","floor":36},{"not_picked":["Dark Shackles","Dramatic Entrance"],"picked":"Madness","floor":37},{"not_picked":["Body Slam","Headbutt"],"picked":"Iron Wave+1","floor":40},{"not_picked":["True Grit","Clash+1","Warcry+1"],"picked":"Limit Break","floor":46},{"not_picked":["Pommel Strike","Shrug It Off+1","Body Slam+1"],"picked":"Carnage","floor":48}],"player_experience":21789,"relics_obtained":[{"floor":9,"key":"Orichalcum"},{"floor":12,"key":"Odd Mushroom"},{"floor":20,"key":"Nilry\u0027s Codex"},{"floor":26,"key":"Oddly Smooth Stone"},{"floor":43,"key":"Question Card"}],"event_choices":[{"damage_healed":0,"gold_gain":0,"player_choice":"Donut","damage_taken":0,"max_hp_gain":5,"max_hp_loss":0,"event_name":"Big Fish","floor":3,"gold_loss":0},{"damage_healed":0,"gold_gain":0,"player_choice":"Ignored","damage_taken":0,"max_hp_gain":0,"max_hp_loss":0,"event_name":"Liars Game","floor":5,"gold_loss":0},{"damage_healed":0,"gold_gain":0,"player_choice":"Grow","damage_taken":0,"max_hp_gain":0,"max_hp_loss":0,"event_name":"Living Wall","floor":10,"gold_loss":0,"cards_upgraded":["Warcry"]},{"damage_healed":0,"gold_gain":0,"player_choice":"Fought Mushrooms","damage_taken":0,"max_hp_gain":0,"max_hp_loss":0,"event_name":"Mushrooms","floor":12,"gold_loss":0},{"damage_healed":0,"gold_gain":0,"player_choice":"Obtained Book","damage_taken":16,"max_hp_gain":0,"max_hp_loss":0,"event_name":"Cursed Tome","floor":20,"gold_loss":0},{"damage_healed":0,"gold_gain":0,"player_choice":"Obtained Relic","damage_taken":0,"relics_obtained":["Happy Flower"],"max_hp_gain":0,"max_hp_loss":0,"event_name":"Addict","floor":22,"gold_loss":85},{"damage_healed":0,"gold_gain":0,"player_choice":"2 cards matched","damage_taken":0,"max_hp_gain":0,"max_hp_loss":0,"event_name":"Match and Keep!","floor":29,"gold_loss":0,"cards_obtained":["Battle Trance","Blind"]},{"damage_healed":0,"gold_gain":0,"player_choice":"Memory 1","damage_taken":0,"max_hp_gain":0,"max_hp_loss":0,"event_name":"SensoryStone","floor":37,"gold_loss":0},{"cards_removed":["Strike_R"],"damage_healed":0,"gold_gain":0,"player_choice":"Removed Attack","damage_taken":0,"max_hp_gain":0,"max_hp_loss":0,"event_name":"Falling","floor":39,"gold_loss":0},{"damage_healed":26,"gold_gain":0,"player_choice":"Writhe","damage_taken":0,"max_hp_gain":0,"max_hp_loss":0,"event_name":"Winding Halls","floor":42,"gold_loss":0,"cards_obtained":["Writhe"]},{"damage_healed":0,"gold_gain":0,"player_choice":"Ignored","damage_taken":0,"max_hp_gain":0,"max_hp_loss":0,"event_name":"Mysterious Sphere","floor":47,"gold_loss":0}],"is_beta":false,"boss_relics":[{"not_picked":["Mark of Pain","Sozu"],"picked":"Eternal Feather"},{"not_picked":["Runic Pyramid","Runic Dome"],"picked":"Tiny House"}],"items_purged_floors":[],"is_endless":false,"potions_floor_spawned":[2,7,16,18,21,28,31,35,46],"killed_by":"Donu and Deca","ascension_level":0}