{"gold_per_floor":[14,89,108,128,128,155,155,80,80,99,113,44,44,44,44,141,141,155,175,175,175,51,51,64,64],"floor_reached":25,"playtime":792,"items_purged":["Strike_R"],"score":261,"play_id":"de2ab19d-2644-4dc6-9644-a271c73634e6","local_time":"20190227063337","is_ascension_mode":true,"campfire_choices":[{"floor":7.0,"key":"RECALL"},{"data":"Armaments","floor":13.0,"key":"SMITH"},{"data":"Feed","floor":15.0,"key":"SMITH"},{"floor":23.0,"key":"REST"}],"neow_cost":"NO_GOLD","seed_source_timestamp":433526604203749,"circlet_count":0,"master_deck":["Strike_R","Strike_R","Defend_R","Defend_R","Defend_R","Defend_R","Bash","Pommel Strike","Armaments+1","Flex","Feed+1","Offering","Thunderclap+1","Writhe","Reaper"],"special_seed":0,"relics":["Burning Blood","Dead Branch","Singing Bowl","Pear","The Courier","Lizard Tail","Darkstone Periapt"],"potions_floor_usage":[25,25],"damage_taken":[{"damage":7.0,"enemies":"2 Louse","floor":1.0,"turns":3.0},{"damage":11.0,"enemies":"Jaw Worm","floor":3.0,"turns":2.0},{"damage":1.0,"enemies":"Cultist","floor":4.0,"turns":3.0},{"damage":31.0,"enemies":"Lagavulin","floor":6.0,"turns":6.0},{"damage":11.0,"enemies":"Blue Slaver","floor":10.0,"turns":4.0},{"damage":5.0,"enemies":"Looter","floor":11.0,"turns":5.0},{"damage":27.0,"enemies":"Slime Boss","floor":16.0,"turns":9.0},{"damage":18.0,"enemies":"Shell Parasite","floor":18.0,"turns":5.0},{"damage":21.0,"enemies":"2 Thieves","floor":19.0,"turns":3.0},{"damage":52.0,"enemies":"Cultist and Chosen","floor":24.0,"turns":9.0},{"damage":35,"enemies":"Gremlin Leader","floor":25,"turns":4}],"seed_played":"6412036098083670375","potions_obtained":[{"floor":10.0,"key":"Swift Potion"},{"floor":11.0,"key":"Weak Potion"},{"floor":16.0,"key":"SteroidPotion"},{"floor":24.0,"key":"SpeedPotion"}],"is_trial":false,"path_per_floor":["M","?","M","M","T","E","R","$","T","M","M","$","R","?","R","B",null,"M","M","?","?","$","R","M","E"],"character_chosen":"IRONCLAD","items_purchased":["Feed","Reaper"],"campfire_rested":1,"item_purchase_floors":[12,22],"current_hp_per_floor":[79,68,63,68,68,45,45,45,55,52,55,55,55,48,48,27,96,88,79,63,69,69,102,65,42],"gold":64,"neow_bonus":"REMOVE_TWO","is_prod":false,"is_daily":false,"chose_seed":false,"campfire_upgraded":2,"win_rate":0,"timestamp":1551216817,"path_taken":["M","?","M","M","?","E","R","$","T","M","?","$","R","?","R","BOSS","M","M","?","?","$","R","M","E"],"build_version":"2019-01-23","purchased_purges":1,"victory":false,"max_hp_per_floor":[80,80,80,80,80,82,82,82,92,94,96,96,96,96,96,96,96,100,106,106,112,112,112,118,118],"card_choices":[{"not_picked":["Havoc","Perfected Strike"],"picked":"Pommel Strike","floor":1.0},{"not_picked":["Twin Strike","Rupture"],"picked":"Armaments","floor":3.0},{"not_picked":["Metallicize","Sever Soul"],"picked":"Flex","floor":4.0},{"not_picked":["Thunderclap","Wild Strike","Rupture"],"picked":"Singing Bowl","floor":6.0},{"not_picked":["Cleave","Sever Soul","Evolve"],"picked":"Singing Bowl","floor":10.0},{"not_picked":["Barricade","Wild Strike","Twin Strike"],"picked":"Singing Bowl","floor":11.0},{"not_picked":["Demon Form","Dark Embrace"],"picked":"Offering","floor":16.0},{"not_picked":["Clash+1","Metallicize"],"picked":"Thunderclap+1","floor":18.0},{"not_picked":["Headbutt","Rampage+1","Thunderclap+1"],"picked":"Singing Bowl","floor":19.0},{"not_picked":["Heavy Blade+1","Cleave","Perfected Strike"],"picked":"Singing Bowl","floor":24.0}],"player_experience":127964,"relics_obtained":[{"floor":5.0,"key":"Dead Branch"},{"floor":6.0,"key":"Singing Bowl"},{"floor":9.0,"key":"Pear"}],"event_choices":[{"damage_healed":0.0,"max_hp_gain":0.0,"max_hp_loss":0.0,"gold_gain":75.0,"event_name":"World of Goop","player_choice":"Gather Gold","floor":2.0,"gold_loss":0.0,"damage_taken":11.0},{"damage_healed":0.0,"max_hp_gain":0.0,"max_hp_loss":0.0,"gold_gain":0.0,"event_name":"Scrap Ooze","player_choice":"Success","floor":14.0,"gold_loss":0.0,"damage_taken":7.0,"relics_obtained":["The Courier"]},{"damage_healed":0.0,"max_hp_gain":0.0,"max_hp_loss":0.0,"gold_gain":0.0,"event_name":"Cursed Tome","player_choice":"Obtained Book","floor":20.0,"gold_loss":0.0,"damage_taken":16.0},{"damage_healed":0.0,"max_hp_gain":0.0,"max_hp_loss":0.0,"gold_gain":0.0,"event_name":"The Mausoleum","player_choice":"Opened","floor":21.0,"gold_loss":0.0,"damage_taken":0.0,"relics_obtained":["Darkstone Periapt"],"cards_obtained":["Writhe"]}],"is_beta":false,"boss_relics":[{"not_picked":["Snecko Eye","Busted Crown"],"picked":"Lizard Tail"}],"items_purged_floors":[8],"is_endless":false,"potions_floor_spawned":[10,11,16,24],"killed_by":"Gremlin Leader","ascension_level":1}