{"gold_per_floor":[215,50,60,80,93,93,93,93,147,176,27,42,59,59,59,159,209,226,243,14,14,27,62,62,62,85,104,124,139,156,81,81,81],"floor_reached":33,"playtime":2236,"items_purged":["Strike_R"],"score":407,"play_id":"3ebc69b3-dea7-42c7-a5de-77af9308b80a","local_time":"20190224073302","is_ascension_mode":true,"campfire_choices":[{"data":"Apotheosis","floor":6,"key":"SMITH"},{"floor":8,"key":"RECALL"},{"data":"True Grit","floor":15,"key":"SMITH"},{"data":"Exhume","floor":25,"key":"SMITH"},{"floor":32,"key":"REST"}],"neow_cost":"NONE","seed_source_timestamp":176619870924709,"circlet_count":0,"master_deck":["AscendersBane","Defend_R","Defend_R","Defend_R","Defend_R","Shrug It Off","Apotheosis+1","Body Slam","Rage","Whirlwind+1","True Grit+1","Iron Wave","Reaper","Metallicize","Entrench","Shrug It Off","Inflame","Exhume+1","Pommel Strike","Dark Embrace","Pommel Strike","Flame Barrier","Intimidate","Feel No Pain"],"relics":["Burning Blood","Ancient Tea Set","PreservedInsect","Bottled Flame","Omamori","Tiny House","Juzu Bracelet","Ornamental Fan","Anchor"],"potions_floor_usage":[10,16,18,19,22,23,33,33],"damage_taken":[{"damage":6,"enemies":"Cultist","floor":1,"turns":4},{"damage":0,"enemies":"2 Louse","floor":3,"turns":4},{"damage":9,"enemies":"Jaw Worm","floor":4,"turns":5},{"damage":0,"enemies":"Blue Slaver","floor":5,"turns":5},{"damage":27,"enemies":"Lagavulin","floor":10,"turns":6},{"damage":0,"enemies":"Lots of Slimes","floor":12,"turns":1},{"damage":3,"enemies":"2 Fungi Beasts","floor":13,"turns":4},{"damage":38,"enemies":"The Guardian","floor":16,"turns":10},{"damage":0,"enemies":"Chosen","floor":18,"turns":8},{"damage":0,"enemies":"3 Byrds","floor":19,"turns":7},{"damage":24,"enemies":"Centurion and Healer","floor":22,"turns":14},{"damage":7,"enemies":"Slavers","floor":23,"turns":4},{"damage":26,"enemies":"Snecko","floor":27,"turns":8},{"damage":32,"enemies":"Cultist and Chosen","floor":28,"turns":9},{"damage":20,"enemies":"Snake Plant","floor":29,"turns":6},{"damage":1,"enemies":"Shelled Parasite and Fungi","floor":30,"turns":8},{"damage":63,"enemies":"Champ","floor":33,"turns":22}],"seed_played":"4144126323046187450","potions_obtained":[{"floor":3,"key":"Block Potion"},{"floor":5,"key":"AttackPotion"},{"floor":12,"key":"SteroidPotion"},{"floor":13,"key":"GamblersBrew"},{"floor":16,"key":"Weak Potion"},{"floor":17,"key":"PowerPotion"},{"floor":18,"key":"Poison Potion"},{"floor":29,"key":"SteroidPotion"},{"floor":30,"key":"Energy Potion"}],"is_trial":false,"path_per_floor":["M","$","M","M","M","R","T","R","T","E","$","M","M","?","R","B",null,"M","M","$","?","M","E","?","R","T","M","M","M","M","?","R","B"],"character_chosen":"IRONCLAD","items_purchased":["Apotheosis","Omamori","Juzu Bracelet"],"campfire_rested":1,"item_purchase_floors":[2,11,20],"current_hp_per_floor":[72,72,78,75,80,80,80,80,80,59,59,65,68,68,68,36,74,80,85,85,85,82,85,85,85,85,72,46,32,37,37,62,0],"gold":81,"neow_bonus":"HUNDRED_GOLD","is_prod":false,"is_daily":false,"chose_seed":false,"campfire_upgraded":3,"win_rate":0,"timestamp":1550961182,"path_taken":["M","$","M","M","?","R","?","R","T","E","$","M","?","?","R","BOSS","M","M","$","?","M","E","?","R","T","M","M","M","M","?","R","BOSS"],"build_version":"2019-01-23","purchased_purges":1,"victory":false,"max_hp_per_floor":[80,80,80,80,80,80,80,80,80,80,80,80,80,80,80,80,85,85,85,85,85,85,85,85,85,85,85,85,85,85,85,85,85],"card_choices":[{"not_picked":["Sword Boomerang","Carnage"],"picked":"Shrug It Off","floor":1},{"not_picked":["Perfected Strike","Havoc"],"picked":"Body Slam","floor":3},{"not_picked":["Dual Wield","Wild Strike","Carnage"],"picked":"SKIP","floor":4},{"not_picked":["Twin Strike","Rupture"],"picked":"Rage","floor":5},{"not_picked":["Armaments","Heavy Blade"],"picked":"Whirlwind","floor":10},{"not_picked":["Fire Breathing","Rupture"],"picked":"True Grit","floor":12},{"not_picked":["Wild Strike","Corruption"],"picked":"Iron Wave","floor":13},{"not_picked":["Demon Form","Bludgeon"],"picked":"Reaper","floor":16},{"not_picked":["Wild Strike","Hemokinesis"],"picked":"Metallicize","floor":17},{"not_picked":["Havoc","Seeing Red"],"picked":"Entrench","floor":18},{"not_picked":["Pummel","Inflame"],"picked":"Shrug It Off","floor":19},{"not_picked":["Wild Strike+1","Clash"],"picked":"Pommel Strike","floor":22},{"not_picked":["Perfected Strike","Anger"],"picked":"Dark Embrace","floor":23},{"not_picked":["Rampage","Sever Soul"],"picked":"Flame Barrier","floor":27},{"not_picked":["Clash","Flex"],"picked":"Intimidate","floor":28},{"not_picked":["Clash","Pommel Strike","Armaments"],"picked":"SKIP","floor":29},{"not_picked":["Warcry","True Grit"],"picked":"Feel No Pain","floor":30}],"player_experience":72394,"relics_obtained":[{"floor":7,"key":"Ancient Tea Set"},{"floor":9,"key":"PreservedInsect"},{"floor":10,"key":"Bottled Flame"},{"floor":23,"key":"Ornamental Fan"},{"floor":26,"key":"Anchor"}],"event_choices":[{"cards_removed":["Strike_R"],"damage_healed":0,"gold_gain":0,"player_choice":"Forget","damage_taken":0,"max_hp_gain":0,"max_hp_loss":0,"event_name":"Living Wall","floor":14,"gold_loss":0},{"damage_healed":0,"gold_gain":0,"cards_transformed":["Strike_R","Strike_R"],"player_choice":"Became Test Subject","damage_taken":0,"max_hp_gain":0,"max_hp_loss":0,"event_name":"Drug Dealer","floor":21,"gold_loss":0,"cards_obtained":["Inflame","Exhume"]},{"damage_healed":0,"gold_gain":0,"cards_transformed":["Strike_R"],"player_choice":"Transformed","damage_taken":0,"max_hp_gain":0,"max_hp_loss":0,"event_name":"Transmorgrifier","floor":24,"gold_loss":0,"cards_obtained":["Pommel Strike"]},{"cards_removed":["Bash"],"damage_healed":0,"gold_gain":0,"player_choice":"Gave Gold","damage_taken":0,"max_hp_gain":0,"max_hp_loss":0,"event_name":"Beggar","floor":31,"gold_loss":75}],"is_beta":false,"boss_relics":[{"not_picked":["Busted Crown","Runic Pyramid"],"picked":"Tiny House"}],"items_purged_floors":[20],"is_endless":false,"potions_floor_spawned":[3,5,12,13,16,18,29,30],"killed_by":"Champ","ascension_level":10}