{"gold_per_floor":[116,7,7,18,34,34,46,46,46,65,95,95,109,125,125,228,228,246,226,325,344,358,358,0,0,0,33,33,50,50,60,60,157,157,177,177,197,197,211,211,225,241,241,255,66,66,66,82,82,82],"floor_reached":51,"playtime":5000,"items_purged":["Parasite","Strike_R"],"score":745,"play_id":"0038ce59-ac84-4bc2-a930-e4705487ec42","local_time":"20180916213151","is_ascension_mode":true,"campfire_choices":[{"data":"Searing Blow+1","floor":6,"key":"SMITH"},{"data":"Searing Blow+2","floor":8,"key":"SMITH"},{"data":"Searing Blow+3","floor":15,"key":"SMITH"},{"data":"Searing Blow+4","floor":23,"key":"SMITH"},{"data":"Searing Blow+5","floor":25,"key":"SMITH"},{"data":"Searing Blow+6","floor":28,"key":"SMITH"},{"data":"Searing Blow+7","floor":30,"key":"SMITH"},{"data":"Searing Blow+8","floor":32,"key":"SMITH"},{"data":"Searing Blow+11","floor":40,"key":"SMITH"},{"data":"Searing Blow+12","floor":47,"key":"SMITH"},{"data":"Searing Blow+13","floor":49,"key":"SMITH"}],"neow_cost":"CURSE","seed_source_timestamp":44640595950776,"circlet_count":0,"master_deck":["Strike_R","Defend_R","Defend_R","Defend_R","Defend_R","Bash","Headbutt","Searing Blow+14","Headbutt","Metallicize","Flame Barrier","Flame Barrier","Clothesline","Shockwave","Reaper","Shrug It Off","Immolate","Secret Weapon","Headbutt","Shrug It Off","Warcry","Double Tap","Dual Wield","Armaments+1","Apotheosis","Madness","Madness"],"relics":["Burning Blood","Bottled Tornado","Thread and Needle","Coffee Dripper","Blue Candle","Meat on the Bone","Velvet Choker","Matryoshka"],"potions_floor_usage":[11,11,16,16,19,27,33,33,48,50,50],"damage_taken":[{"damage":0,"enemies":"Small Slimes","floor":1,"turns":3},{"damage":0,"enemies":"2 Louse","floor":4,"turns":4},{"damage":3,"enemies":"Cultist","floor":5,"turns":3},{"damage":1,"enemies":"3 Louse","floor":7,"turns":3},{"damage":20,"enemies":"Lots of Slimes","floor":10,"turns":6},{"damage":20,"enemies":"Gremlin Nob","floor":11,"turns":4},{"damage":1,"enemies":"Exordium Thugs","floor":13,"turns":4},{"damage":1,"enemies":"Large Slime","floor":14,"turns":7},{"damage":28,"enemies":"Hexaghost","floor":16,"turns":9},{"damage":0,"enemies":"3 Byrds","floor":18,"turns":4},{"damage":4,"enemies":"Chosen","floor":21,"turns":6},{"damage":0,"enemies":"Snecko","floor":22,"turns":4},{"damage":32,"enemies":"Gremlin Leader","floor":27,"turns":5},{"damage":5,"enemies":"Cultist and Chosen","floor":29,"turns":4},{"damage":17,"enemies":"Snake Plant","floor":31,"turns":3},{"damage":25,"enemies":"Automaton","floor":33,"turns":6},{"damage":9,"enemies":"Orb Walker","floor":35,"turns":3},{"damage":1,"enemies":"3 Shapes","floor":37,"turns":4},{"damage":35,"enemies":"Transient","floor":39,"turns":5},{"damage":0,"enemies":"Spire Growth","floor":41,"turns":2},{"damage":5,"enemies":"Reptomancer","floor":42,"turns":2},{"damage":0,"enemies":"Sphere and 2 Shapes","floor":44,"turns":2},{"damage":21,"enemies":"4 Shapes","floor":48,"turns":5},{"damage":28,"enemies":"Awakened One","floor":50,"turns":6}],"seed_played":"-2131698984046907366","potions_obtained":[{"floor":4,"key":"SkillPotion"},{"floor":5,"key":"LiquidBronze"},{"floor":7,"key":"Weak Potion"},{"floor":13,"key":"EssenceOfSteel"},{"floor":14,"key":"Energy Potion"},{"floor":18,"key":"Fruit Juice"},{"floor":19,"key":"FairyPotion"},{"floor":27,"key":"Regen Potion"},{"floor":29,"key":"FearPotion"},{"floor":37,"key":"Poison Potion"},{"floor":44,"key":"SkillPotion"},{"floor":48,"key":"SkillPotion"}],"is_trial":false,"path_per_floor":["M","$","?","M","M","R","M","R","T","M","E","?","M","M","R","B",null,"M","?","?","M","M","R","$","R","T","E","R","M","R","M","R","B",null,"M","?","M","?","M","R","M","M","T","M","$","?","R","M","R","B"],"character_chosen":"IRONCLAD","items_purchased":["Metallicize","Secret Weapon","PowerPotion","Apotheosis"],"campfire_rested":0,"item_purchase_floors":[2,24,24,45],"current_hp_per_floor":[80,77,77,77,77,77,77,77,77,63,49,49,54,59,59,37,77,77,82,82,82,82,82,82,82,82,60,60,69,69,58,58,53,82,82,82,82,82,53,53,59,72,72,82,82,72,72,69,69,59],"gold":82,"neow_bonus":"TRANSFORM_TWO_CARDS","is_prod":false,"is_daily":false,"chose_seed":false,"campfire_upgraded":11,"win_rate":0,"timestamp":1537158711,"path_taken":["M","$","?","M","M","R","M","R","T","M","E","?","M","?","R","BOSS","M","?","?","M","M","R","$","R","T","E","R","M","R","M","R","BOSS","M","?","M","?","M","R","M","M","T","?","$","?","R","?","R","BOSS"],"build_version":"2018-09-06","purchased_purges":2,"victory":true,"max_hp_per_floor":[80,77,77,77,77,77,77,77,77,77,77,77,77,77,77,77,77,77,82,82,82,82,82,82,82,82,82,82,82,82,82,82,82,82,82,82,82,82,82,82,82,82,82,82,82,82,82,82,82,82],"card_choices":[{"not_picked":["Combust","Havoc"],"picked":"Headbutt","floor":1},{"not_picked":["True Grit","Rupture"],"picked":"Flame Barrier","floor":4},{"not_picked":["Iron Wave","Limit Break","Body Slam"],"picked":"SKIP","floor":5},{"not_picked":["Heavy Blade","Armaments","Twin Strike"],"picked":"SKIP","floor":7},{"not_picked":["Body Slam","Sever Soul"],"picked":"Flame Barrier","floor":10},{"not_picked":["Blood for Blood","Armaments"],"picked":"Clothesline","floor":11},{"not_picked":["True Grit","Flex","Armaments"],"picked":"SKIP","floor":13},{"not_picked":["Seeing Red","Warcry"],"picked":"Shockwave","floor":14},{"not_picked":["Feed","Berserk"],"picked":"Reaper","floor":16},{"not_picked":["Disarm+1","Body Slam"],"picked":"Shrug It Off","floor":18},{"not_picked":["Sentinel","Thunderclap","Cleave"],"picked":"SKIP","floor":21},{"not_picked":["Ghostly Armor+1","Headbutt"],"picked":"Immolate","floor":22},{"not_picked":["Searing Blow","Feed"],"picked":"Headbutt","floor":27},{"not_picked":["Sever Soul+1","True Grit"],"picked":"Shrug It Off","floor":29},{"not_picked":["Sword Boomerang","Searing Blow"],"picked":"Warcry","floor":31},{"not_picked":["Bludgeon","Fiend Fire"],"picked":"Double Tap","floor":33},{"not_picked":["Clash+1","Carnage+1","Armaments"],"picked":"SKIP","floor":35},{"not_picked":["Pommel Strike+1","Body Slam"],"picked":"Dual Wield","floor":37},{"not_picked":["Burning Pact+1","Havoc"],"picked":"Armaments+1","floor":39},{"not_picked":["Clothesline+1","Twin Strike+1","Carnage+1"],"picked":"SKIP","floor":41},{"not_picked":["Flex+1","Infernal Blade","Headbutt"],"picked":"SKIP","floor":42},{"not_picked":["Flex","Perfected Strike","Wild Strike"],"picked":"SKIP","floor":44},{"not_picked":["Flex","Perfected Strike","Wild Strike"],"picked":"SKIP","floor":44},{"not_picked":["Cleave","Combust+1","Thunderclap+1"],"picked":"SKIP","floor":48}],"player_experience":193281,"relics_obtained":[{"floor":9,"key":"Bottled Tornado"},{"floor":11,"key":"Thread and Needle"},{"floor":26,"key":"Blue Candle"},{"floor":27,"key":"Meat on the Bone"},{"floor":43,"key":"Matryoshka"}],"event_choices":[{"event_name":"Living Wall","player_choice":"Grow","floor":3,"damage_taken":0},{"event_name":"Bonfire Elementals","player_choice":"BASIC","floor":12,"damage_taken":0},{"event_name":"The Woman in Blue","player_choice":"Bought 1 Potion","floor":19,"damage_taken":0},{"event_name":"Nest","player_choice":"Stole From Cult","floor":20,"damage_taken":0},{"event_name":"Upgrade Shrine","player_choice":"Upgraded","floor":36,"damage_taken":0},{"event_name":"Accursed Blacksmith","player_choice":"Forge","floor":38,"damage_taken":0},{"event_name":"Winding Halls","player_choice":"Embrace Madness","floor":46,"damage_taken":0}],"is_beta":false,"boss_relics":[{"not_picked":["Calling Bell","Ectoplasm"],"picked":"Coffee Dripper"},{"not_picked":["Pandora\u0027s Box","Astrolabe"],"picked":"Velvet Choker"}],"items_purged_floors":[2,24],"is_endless":false,"potions_floor_spawned":[4,5,7,13,14,18,27,29,37,44,48],"ascension_level":3}