{"gold_per_floor":[112,187,362,33,45,45,77,87,158,193,193,193,193,238,250,262],"floor_reached":16,"playtime":1332,"items_purged":["Strike_R"],"score":133,"play_id":"ea24254d-4d95-4de0-bbd3-7728f85e6188","local_time":"20190228152816","is_ascension_mode":true,"campfire_choices":[{"data":"True Grit","floor":6.0,"key":"SMITH"},{"data":"Trip","floor":12,"key":"SMITH"},{"floor":15,"key":"REST"}],"neow_cost":"NONE","seed_source_timestamp":0,"circlet_count":0,"master_deck":["Strike_R","Strike_R","Strike_R","Strike_R+1","Defend_R","Defend_R","Defend_R","Defend_R","Bash+1","Trip+1","Inflame","Doubt","Feel No Pain","Power Through","Panacea","True Grit+1","Juggernaut","Seeing Red","Armaments+1"],"special_seed":0,"relics":["Burning Blood","Anchor","Ornamental Fan","Whetstone","MawBank","Toxic Egg 2"],"potions_floor_usage":[7,10,16],"damage_taken":[{"damage":0.0,"enemies":"2 Louse","floor":1.0,"turns":3.0},{"damage":4.0,"enemies":"Jaw Worm","floor":5.0,"turns":4.0},{"damage":59,"enemies":"Gremlin Nob","floor":7,"turns":7},{"damage":4,"enemies":"Small Slimes","floor":8,"turns":5},{"damage":3,"enemies":"Lagavulin","floor":10,"turns":6},{"damage":25,"enemies":"3 Sentries","floor":14,"turns":9},{"damage":53,"enemies":"Slime Boss","floor":16,"turns":12}],"seed_played":"-8294954666859532676","potions_obtained":[{"floor":5.0,"key":"Energy Potion"},{"floor":7,"key":"EssenceOfSteel"},{"floor":10,"key":"SteroidPotion"}],"is_trial":false,"path_per_floor":["M","?","?","$","M","R","E","M","T","E","?","R","?","E","R","B"],"character_chosen":"IRONCLAD","items_purchased":["Feel No Pain","Power Through","Panacea"],"campfire_rested":1,"item_purchase_floors":[4,4,4],"current_hp_per_floor":[80,69,69,69,71,71,18,20,20,23,49,49,42,23,47,0],"gold":262,"neow_bonus":"RANDOM_COLORLESS","is_prod":false,"is_daily":false,"chose_seed":false,"campfire_upgraded":2,"win_rate":0,"timestamp":1551389296,"path_taken":["M","?","?","$","M","R","E","M","T","E","?","R","?","E","R","BOSS"],"build_version":"2019-01-23","purchased_purges":1,"victory":false,"max_hp_per_floor":[80,80,80,80,80,80,80,80,80,80,80,80,80,80,80,80],"card_choices":[{"not_picked":["Rage","Clothesline"],"picked":"Inflame","floor":1.0},{"not_picked":["Metallicize","Power Through"],"picked":"True Grit","floor":5.0},{"not_picked":["Pommel Strike","Whirlwind"],"picked":"Juggernaut","floor":7},{"not_picked":["Reckless Charge","Twin Strike"],"picked":"Seeing Red","floor":8},{"not_picked":["Sentinel","Sever Soul","Power Through"],"picked":"SKIP","floor":10},{"not_picked":["Feel No Pain","Clothesline"],"picked":"Armaments","floor":14}],"player_experience":218165,"relics_obtained":[{"floor":7,"key":"Anchor"},{"floor":9,"key":"Ornamental Fan"},{"floor":10,"key":"Whetstone"},{"floor":14,"key":"Toxic Egg 2"}],"event_choices":[{"damage_healed":0.0,"max_hp_gain":0.0,"max_hp_loss":0.0,"gold_gain":75.0,"event_name":"World of Goop","player_choice":"Gather Gold","floor":2.0,"gold_loss":0.0,"damage_taken":11.0},{"damage_healed":0.0,"max_hp_gain":0.0,"max_hp_loss":0.0,"gold_gain":175.0,"event_name":"Liars Game","player_choice":"AGREE","floor":3.0,"gold_loss":0.0,"damage_taken":0.0,"cards_obtained":["Doubt"]},{"damage_healed":26,"gold_gain":0,"player_choice":"Banana","damage_taken":0,"max_hp_gain":0,"max_hp_loss":0,"event_name":"Big Fish","floor":11,"gold_loss":0},{"damage_healed":0,"gold_gain":0,"player_choice":"Success","damage_taken":7,"relics_obtained":["MawBank"],"max_hp_gain":0,"max_hp_loss":0,"event_name":"Scrap Ooze","floor":13,"gold_loss":0}],"is_beta":false,"boss_relics":[],"items_purged_floors":[4],"is_endless":false,"potions_floor_spawned":[5,7,10],"killed_by":"Slime Boss","ascension_level":3}