{"path_per_floor":["M","?","M","?","?","E","R","E","T","R","$","M","E","$","R","B",null,"M","M","M","M","M","E","M","R","T","E","M","?","M","E","R","B",null,"M","M","M","M","M","R","E","R","T","M","M","?","$","M","R","B"],"character_chosen":"IRONCLAD","items_purchased":["Bronze Scales","Havoc","Fire Breathing","Paper Frog","Entrench","Good Instincts","Havoc","Flex","Sentinel","Havoc","Havoc","Armaments"],"gold_per_floor":[114,114,129,129,129,159,159,189,189,189,14,29,59,22,22,122,122,137,152,167,182,197,227,242,242,242,272,287,287,302,332,332,432,432,447,462,477,492,507,507,537,537,537,552,567,567,9,24,24,24],"floor_reached":51,"campfire_rested":0,"playtime":1935,"current_hp_per_floor":[80,80,80,86,69,63,63,57,63,63,63,62,60,60,60,62,98,96,81,77,68,67,71,69,69,75,73,62,62,61,45,45,50,85,84,85,85,85,70,70,75,75,81,78,79,79,79,73,73,91],"items_purged":[],"gold":24,"score":1065,"play_id":"77529132-d1f4-4a0b-b30c-30df9f5daa7b","local_time":"20180315002616","daily_mods":["Diverse","Cursed Run","Vintage"],"is_prod":false,"is_daily":true,"is_ascension_mode":false,"campfire_upgraded":0,"timestamp":1521041176,"path_taken":["M","?","M","?","?","E","R","E","T","R","?","M","E","$","R","BOSS","M","M","M","M","M","E","M","R","T","E","M","?","M","E","R","BOSS","M","M","M","M","M","R","E","R","T","M","M","?","$","M","R","BOSS"],"build_version":"2018-03-09","purchased_purges":0,"victory":true,"master_deck":["Defend_R+1","Defend_R","Defend_R","Defend_R+1","Bash+1","Poisoned Stab+1","Blur+1","Regret","Armaments+1","Seeing Red+1","Writhe","Havoc+1","Corruption+1","Fire Breathing","Writhe","Dark Embrace","Immolate+1","Evolve+1","Rupture+1","Dual Wield+1","Injury","Body Slam+1","Exhume+1","Bite","Bite","Bite","Bite","Bite","Inflame","Injury","Barricade","Shrug It Off+1","Armaments+1","Shrug It Off+1","Spot Weakness+1","True Grit+1","Flex+1","Pain","Havoc+1","Entrench+1","Good Instincts+1","Havoc+1","Flex+1","Sentinel+1","Havoc+1","Havoc+1","Armaments+1","Parasite"],"max_hp_per_floor":[80,80,80,86,86,86,86,86,92,92,92,92,92,92,92,98,98,98,98,108,108,108,108,108,108,114,114,114,79,79,79,79,85,85,85,85,85,85,85,85,85,85,91,91,91,91,91,91,91,97],"relics":["Cursed Key","Darkstone Periapt","Du-Vu Doll","Toxic Egg 2","Oddly Smooth Stone","Champion Belt","Shovel","Blue Candle","Anchor","Prayer Wheel","Toolbox","Bronze Scales","Kunai","Mercury Hourglass","Girya","Pen Nib","Astrolabe","Meat on the Bone","Pear","War Paint","Charon\u0027s Ashes","Thread and Needle","Vajra","Bottled Tornado","Matryoshka","Sundial","Shuriken","Whetstone","Ice Cream","Orrery","Mummified Hand","The Courier","Gambling Chip","Bottled Flame","Frozen Egg 2","Juzu Bracelet","Pantograph","Singing Bowl","Dead Branch","Self Forming Clay","Centennial Puzzle","Paper Frog","Letter Opener","Molten Egg 2"],"card_choices":[{"not_picked":["Barricade","Battle Trance"],"picked":"Armaments"},{"not_picked":["Clothesline","Pommel Strike"],"picked":"Seeing Red"},{"not_picked":["Wild Strike","Perfected Strike"],"picked":"Corruption"},{"not_picked":["Brutality","Limit Break"],"picked":"Dark Embrace"},{"not_picked":["Pommel Strike","Sword Boomerang"],"picked":"Dual Wield"},{"not_picked":["Warcry","Headbutt"],"picked":"Body Slam"},{"not_picked":["Flex","Reckless Charge"],"picked":"Exhume"},{"not_picked":["Wild Strike","Fire Breathing"],"picked":"Inflame"},{"not_picked":["Brutality","Bludgeon"],"picked":"Barricade"},{"not_picked":["Clothesline","Warcry"],"picked":"Shrug It Off"},{"not_picked":["Rage","Carnage"],"picked":"Armaments"},{"not_picked":["Uppercut","Battle Trance"],"picked":"Shrug It Off"},{"not_picked":["Dropkick","Twin Strike"],"picked":"Spot Weakness"},{"not_picked":["Sword Boomerang","Clash"],"picked":"True Grit"},{"not_picked":["Anger","Body Slam"],"picked":"Flex"},{"not_picked":["Clothesline","Anger"],"picked":"Havoc"}],"player_experience":614109,"potions_floor_usage":[8,16,20,23,23,24,45,50,50,50],"damage_taken":[{"damage":0,"enemies":"2 Louse","floor":1,"turns":2},{"damage":0,"enemies":"Small Slimes","floor":3,"turns":3},{"damage":6,"enemies":"3 Sentries","floor":6,"turns":9},{"damage":6,"enemies":"Gremlin Nob","floor":8,"turns":3},{"damage":1,"enemies":"Jaw Worm","floor":12,"turns":2},{"damage":2,"enemies":"3 Sentries","floor":13,"turns":6},{"damage":4,"enemies":"Slime Boss","floor":16,"turns":7},{"damage":2,"enemies":"3 Byrds","floor":18,"turns":3},{"damage":15,"enemies":"Spheric Guardian","floor":19,"turns":4},{"damage":17,"enemies":"Centurion and Healer","floor":20,"turns":4},{"damage":9,"enemies":"Sentry and Sphere","floor":21,"turns":4},{"damage":1,"enemies":"Snecko","floor":22,"turns":4},{"damage":0,"enemies":"Slavers","floor":23,"turns":1},{"damage":2,"enemies":"Snake Plant","floor":24,"turns":2},{"damage":2,"enemies":"Gremlin Leader","floor":27,"turns":3},{"damage":11,"enemies":"Slaver and Parasite","floor":28,"turns":3},{"damage":4,"enemies":"Cultist and Chosen","floor":30,"turns":5},{"damage":20,"enemies":"Slavers","floor":31,"turns":2},{"damage":5,"enemies":"Automaton","floor":33,"turns":4},{"damage":3,"enemies":"Orb Walker","floor":35,"turns":2},{"damage":2,"enemies":"3 Shapes","floor":36,"turns":1},{"damage":3,"enemies":"3 Darklings","floor":37,"turns":4},{"damage":3,"enemies":"Maw","floor":38,"turns":5},{"damage":22,"enemies":"4 Shapes","floor":39,"turns":3},{"damage":5,"enemies":"Giant Head","floor":41,"turns":4},{"damage":3,"enemies":"3 Darklings","floor":44,"turns":1},{"damage":4,"enemies":"Sphere and 2 Shapes","floor":45,"turns":2},{"damage":8,"enemies":"4 Shapes","floor":48,"turns":1},{"damage":10,"enemies":"Awakened One","floor":50,"turns":3}],"event_choices":[{"event_name":"The Cleric","player_choice":"Leave","floor":2,"damage_taken":0},{"event_name":"Big Fish","player_choice":"Box","floor":4,"damage_taken":0},{"event_name":"Shining Light","player_choice":"Entered Light","floor":5,"damage_taken":0},{"event_name":"Vampires","player_choice":"Became a vampire","floor":29,"damage_taken":0},{"event_name":"Upgrade Shrine","player_choice":"Upgraded","floor":46,"damage_taken":0}],"boss_relics":[{"not_picked":["Runic Dome","Sozu"],"picked":"Astrolabe"},{"not_picked":["Tiny House","Black Star"],"picked":"Orrery"}],"potions_floor_spawned":[1,8,13,18,20,22,27,36,41,44,45,48],"seed_played":"2308081983426786839","ascension_level":0,"is_trial":false}