{"gold_per_floor":[110,185,202,221,221,221,253,253,553,553,573,599,599,612,612,612],"floor_reached":16,"playtime":472,"items_purged":[],"score":193,"play_id":"4b9243e7-ab4f-4885-a636-5aecbcf18dc9","local_time":"20190117184243","is_ascension_mode":true,"campfire_choices":[{"data":"Neutralize","floor":6,"key":"SMITH"},{"floor":8,"key":"REST"},{"floor":10,"key":"REST"},{"data":"Corpse Explosion","floor":13,"key":"SMITH"},{"floor":15,"key":"REST"}],"neow_cost":"NONE","seed_source_timestamp":608979242183500,"circlet_count":0,"master_deck":["AscendersBane","Defend_G","Defend_G","Defend_G","Defend_G","Defend_G","Strike_G","Strike_G","Strike_G","Strike_G","Strike_G","Survivor","Neutralize+1","PiercingWail","Bouncing Flask+1","Bane","Deadly Poison","Catalyst","Corpse Explosion+1","All Out Attack"],"relics":["Ring of the Snake","Thread and Needle","Old Coin","Pear"],"potions_floor_usage":[12,16],"damage_taken":[{"damage":8,"enemies":"Jaw Worm","floor":1,"turns":7},{"damage":6,"enemies":"Cultist","floor":3,"turns":5},{"damage":0,"enemies":"Small Slimes","floor":4,"turns":4},{"damage":32,"enemies":"Lagavulin","floor":7,"turns":7},{"damage":10,"enemies":"Exordium Wildlife","floor":11,"turns":4},{"damage":17,"enemies":"Gremlin Nob","floor":12,"turns":4},{"damage":14,"enemies":"Large Slime","floor":14,"turns":4},{"damage":53,"enemies":"Slime Boss","floor":16,"turns":6}],"seed_played":"-4510687254967390148","potions_obtained":[{"floor":7,"key":"EssenceOfSteel"},{"floor":11,"key":"SneckoOil"},{"floor":12,"key":"GamblersBrew"}],"is_trial":false,"path_per_floor":["M","?","M","M","?","R","E","R","T","R","M","E","R","M","R","B"],"character_chosen":"THE_SILENT","items_purchased":[],"campfire_rested":3,"item_purchase_floors":[],"current_hp_per_floor":[57,46,40,40,40,40,8,29,29,50,40,33,33,19,43,0],"gold":612,"neow_bonus":"TEN_PERCENT_HP_BONUS","is_prod":false,"is_daily":false,"chose_seed":false,"campfire_upgraded":2,"win_rate":0,"timestamp":1547721763,"path_taken":["M","?","M","M","?","R","E","R","T","R","?","E","R","M","R","BOSS"],"build_version":"2019-01-10","purchased_purges":0,"victory":false,"max_hp_per_floor":[72,72,72,72,72,72,72,72,72,72,72,82,82,82,82,82],"card_choices":[{"not_picked":["Dodge and Roll","Deflect"],"picked":"PiercingWail","floor":1},{"not_picked":["Setup","Deadly Poison"],"picked":"Bouncing Flask","floor":3},{"not_picked":["Distraction","Underhanded Strike"],"picked":"Bane","floor":4},{"not_picked":["Setup","Storm of Steel"],"picked":"Deadly Poison","floor":7},{"not_picked":["Bane","Deflect"],"picked":"Catalyst","floor":11},{"not_picked":["Underhanded Strike","Catalyst"],"picked":"Corpse Explosion","floor":12},{"not_picked":["Blur","Quick Slash"],"picked":"All Out Attack","floor":14}],"player_experience":658523,"relics_obtained":[{"floor":7,"key":"Thread and Needle"},{"floor":9,"key":"Old Coin"},{"floor":12,"key":"Pear"}],"event_choices":[{"damage_healed":0,"gold_gain":75,"player_choice":"Gather Gold","damage_taken":11,"max_hp_gain":0,"max_hp_loss":0,"event_name":"World of Goop","floor":2,"gold_loss":0},{"damage_healed":0,"gold_gain":0,"player_choice":"Forge","damage_taken":0,"max_hp_gain":0,"max_hp_loss":0,"event_name":"Accursed Blacksmith","floor":5,"gold_loss":0,"cards_upgraded":["Bouncing Flask"]}],"is_beta":false,"boss_relics":[],"items_purged_floors":[],"is_endless":false,"potions_floor_spawned":[7,11,12],"killed_by":"Slime Boss","ascension_level":15}