{"gold_per_floor":[109,119,119,119,119,119,394,139,139,160,160,160,183,207,207,207],"floor_reached":16,"playtime":315,"items_purged":["Regret"],"score":86,"play_id":"35d1fb5f-e16e-4a16-b2cc-23e318cbba95","local_time":"20180927125535","is_ascension_mode":false,"campfire_choices":[{"data":"PiercingWail","floor":6,"key":"SMITH"},{"data":"Wraith Form v2","floor":15,"key":"SMITH"}],"neow_cost":"","seed_source_timestamp":797109662054078,"circlet_count":0,"master_deck":["Defend_G","Defend_G+1","Defend_G+1","Defend_G","Defend_G","Strike_G","Strike_G","Strike_G","Strike_G","Strike_G","Survivor","Neutralize+1","PiercingWail+1","Deflect","Flying Knee","Wraith Form v2+1"],"relics":["Ring of the Snake","Juzu Bracelet","Mercury Hourglass","Pen Nib","Ornamental Fan","Odd Mushroom","Golden Idol","War Paint"],"potions_floor_usage":[16],"damage_taken":[{"damage":8,"enemies":"Jaw Worm","floor":1,"turns":5},{"damage":14,"enemies":"Cultist","floor":2,"turns":6},{"damage":9,"enemies":"The Mushroom Lair","floor":10,"turns":4},{"damage":0,"enemies":"Small Slimes","floor":14,"turns":2},{"damage":17,"enemies":"Slime Boss","floor":16,"turns":3}],"seed_played":"944618759342720181","potions_obtained":[{"floor":14,"key":"PowerPotion"}],"is_trial":false,"path_per_floor":["M","M","?","?","?","R","?","$","T","?","?","?","T","M","R"],"character_chosen":"THE_SILENT","items_purchased":["Pen Nib","Flying Knee"],"campfire_rested":0,"item_purchase_floors":[8,8],"current_hp_per_floor":[62,48,48,48,23,23,23,23,23,14,14,7,7,7,7,0],"gold":207,"neow_bonus":"","is_prod":false,"is_daily":false,"chose_seed":false,"campfire_upgraded":2,"win_rate":0,"timestamp":1538027735,"path_taken":["M","M","?","?","?","R","?","?","T","?","?","?","?","M","R","BOSS"],"build_version":"2018-09-20","purchased_purges":1,"victory":false,"max_hp_per_floor":[70,70,70,70,70,70,70,70,70,70,65,65,65,65,65,65],"card_choices":[{"not_picked":["Backflip","Endless Agony"],"picked":"PiercingWail","floor":1},{"not_picked":["Endless Agony","Skewer"],"picked":"Deflect","floor":2},{"not_picked":["Dagger Throw","Dagger Spray"],"picked":"Wraith Form v2","floor":10},{"not_picked":["Sucker Punch","Underhanded Strike","Endless Agony"],"picked":"SKIP","floor":14}],"player_experience":209519,"relics_obtained":[{"floor":9,"key":"Ornamental Fan"},{"floor":10,"key":"Odd Mushroom"},{"floor":13,"key":"War Paint"}],"event_choices":[{"event_name":"Upgrade Shrine","player_choice":"Upgraded","floor":3,"damage_taken":0},{"event_name":"Big Fish","player_choice":"Box","floor":4,"damage_taken":0},{"event_name":"Scrap Ooze","player_choice":"success","floor":5,"damage_taken":25},{"event_name":"Golden Shrine","player_choice":"Desecrate","floor":7,"damage_taken":0},{"event_name":"Mushrooms","player_choice":"Fought Mushrooms","floor":10,"damage_taken":0},{"event_name":"Golden Idol","player_choice":"Lose Max HP","floor":11,"damage_taken":0},{"event_name":"Golden Wing","player_choice":"Card Removal","floor":12,"damage_taken":0}],"is_beta":false,"boss_relics":[],"items_purged_floors":[8],"is_endless":false,"potions_floor_spawned":[14],"killed_by":"Slime Boss","ascension_level":0}