{"gold_per_floor":[109,109,109,121,121,146,189,202,226,226,99,112,112,125,125,248,248,269,269,289,310,328,328,253,253,332,332,332,346,94,118,118,244,244,269,62,187,207,31,72,72,72,72,85,85,105,42,1,1,1],"floor_reached":51,"playtime":2225,"items_purged":["Corruption","Regret","Strike_R","Bash"],"score":752,"play_id":"2e83d44f-a2ee-43c7-a4b1-22c658608893","local_time":"20190224003542","is_ascension_mode":false,"campfire_choices":[{"data":"True Grit","floor":10,"key":"SMITH"},{"data":"Whirlwind","floor":13,"key":"SMITH"},{"data":"Shockwave","floor":15,"key":"SMITH"},{"data":"Whirlwind","floor":23,"key":"SMITH"},{"data":"Barricade","floor":25,"key":"SMITH"},{"data":"Shrug It Off","floor":27,"key":"SMITH"},{"data":"Defend_R","floor":32,"key":"SMITH"},{"data":"Juggernaut","floor":41,"key":"SMITH"},{"data":"Madness","floor":45,"key":"SMITH"},{"data":"Body Slam","floor":49,"key":"SMITH"}],"neow_cost":"NONE","seed_source_timestamp":39546390526352,"circlet_count":0,"master_deck":["Strike_R+1","Defend_R+1","Defend_R","Defend_R","Defend_R+1","Shockwave+1","True Grit+1","Whirlwind+1","Shrug It Off+1","Barricade+1","Whirlwind+1","Ghostly Armor+1","Juggernaut+1","Metallicize+1","Madness+1","Madness","Decay","Metallicize+1","Body Slam+1","Entrench"],"relics":["Burning Blood","NeowsBlessing","Golden Idol","Smiling Mask","Lantern","Cursed Key","The Courier","Regal Pillow","Singing Bowl","Velvet Choker","TheAbacus","Ginger","Potion Belt","Mummified Hand"],"potions_floor_usage":[16,16,33,33,46,50,50,50],"damage_taken":[{"damage":0,"enemies":"2 Louse","floor":1,"turns":1},{"damage":0,"enemies":"Cultist","floor":4,"turns":1},{"damage":0,"enemies":"Small Slimes","floor":6,"turns":1},{"damage":26,"enemies":"Lagavulin","floor":7,"turns":7},{"damage":5,"enemies":"3 Louse","floor":8,"turns":6},{"damage":0,"enemies":"Large Slime","floor":12,"turns":3},{"damage":14,"enemies":"Exordium Thugs","floor":14,"turns":4},{"damage":18,"enemies":"The Guardian","floor":16,"turns":14},{"damage":7,"enemies":"Shell Parasite","floor":18,"turns":7},{"damage":0,"enemies":"3 Byrds","floor":20,"turns":2},{"damage":4,"enemies":"Centurion and Healer","floor":21,"turns":6},{"damage":22,"enemies":"Sentry and Sphere","floor":22,"turns":6},{"damage":3,"enemies":"3 Cultists","floor":29,"turns":3},{"damage":0,"enemies":"Snake Plant","floor":31,"turns":5},{"damage":66,"enemies":"Collector","floor":33,"turns":18},{"damage":0,"enemies":"3 Darklings","floor":35,"turns":3},{"damage":0,"enemies":"Mind Bloom Boss Battle","floor":37,"turns":7},{"damage":0,"enemies":"3 Shapes","floor":38,"turns":4},{"damage":16,"enemies":"Nemesis","floor":40,"turns":11},{"damage":0,"enemies":"3 Darklings","floor":44,"turns":4},{"damage":19,"enemies":"Writhing Mass","floor":46,"turns":5},{"damage":0,"enemies":"Donu and Deca","floor":50,"turns":10}],"seed_played":"915273398803474210","potions_obtained":[{"floor":1,"key":"Dexterity Potion"},{"floor":6,"key":"SteroidPotion"},{"floor":7,"key":"SkillPotion"},{"floor":12,"key":"PowerPotion"},{"floor":18,"key":"SteroidPotion"},{"floor":20,"key":"Fire Potion"},{"floor":21,"key":"Regen Potion"},{"floor":31,"key":"EssenceOfSteel"},{"floor":44,"key":"Fire Potion"},{"floor":46,"key":"Weak Potion"}],"is_trial":false,"path_per_floor":["M","?","?","M","?","M","E","M","T","R","$","M","R","M","R","B",null,"M","?","M","M","M","R","?","R","T","R","?","M","$","M","R","B",null,"M","$","?","M","$","E","R","?","T","M","R","M","$","$","R","B",null],"character_chosen":"IRONCLAD","items_purchased":["Whirlwind","Singing Bowl","TheAbacus","Potion Belt","Entrench","SkillPotion"],"campfire_rested":0,"item_purchase_floors":[11,30,36,39,47,48],"current_hp_per_floor":[80,64,64,70,50,56,36,37,37,37,37,43,43,35,35,23,80,79,79,80,80,64,64,64,64,64,64,64,67,67,75,75,30,82,84,84,86,88,88,78,78,67,67,73,73,60,60,60,60,66],"gold":1,"neow_bonus":"THREE_ENEMY_KILL","is_prod":false,"is_daily":false,"chose_seed":false,"campfire_upgraded":10,"win_rate":0,"timestamp":1550986542,"path_taken":["M","?","?","?","?","M","E","M","T","R","$","M","R","M","R","BOSS","M","?","M","M","M","R","?","R","T","R","?","M","$","M","R","BOSS","M","$","?","M","$","E","R","?","T","M","R","M","?","$","R","BOSS"],"build_version":"2019-01-23","purchased_purges":4,"victory":true,"max_hp_per_floor":[80,80,80,80,80,80,80,80,80,80,80,80,80,80,80,80,80,80,80,80,80,80,80,80,80,80,80,80,80,80,82,82,82,82,84,84,86,88,88,88,88,88,88,88,88,88,88,88,88,88],"card_choices":[{"not_picked":["Clothesline","True Grit"],"picked":"Shockwave","floor":1},{"not_picked":["Sword Boomerang","Intimidate","Rage"],"picked":"SKIP","floor":4},{"not_picked":["Perfected Strike","Pommel Strike","Havoc"],"picked":"SKIP","floor":6},{"not_picked":["Cleave","Havoc"],"picked":"True Grit","floor":7},{"not_picked":["Rupture","Anger","Blood for Blood"],"picked":"SKIP","floor":8},{"not_picked":["Havoc","Pommel Strike","Warcry"],"picked":"SKIP","floor":12},{"not_picked":["Cleave","Heavy Blade"],"picked":"Shrug It Off","floor":14},{"not_picked":["Fiend Fire","Bludgeon"],"picked":"Barricade","floor":16},{"not_picked":["Cleave","Pommel Strike+1","Thunderclap"],"picked":"SKIP","floor":18},{"not_picked":["Iron Wave","Wild Strike","Armaments"],"picked":"SKIP","floor":20},{"not_picked":["Infernal Blade","Cleave","Combust"],"picked":"SKIP","floor":21},{"not_picked":["Armaments","Sword Boomerang","Flame Barrier"],"picked":"SKIP","floor":22},{"not_picked":["Demon Form","Sever Soul"],"picked":"Ghostly Armor+1","floor":29},{"not_picked":["Flame Barrier+1","Thunderclap","Searing Blow"],"picked":"Singing Bowl","floor":31},{"not_picked":["Brutality","Limit Break"],"picked":"Juggernaut","floor":33},{"not_picked":["Flex","Armaments+1","Sword Boomerang"],"picked":"Singing Bowl","floor":35},{"not_picked":["Flex+1","Whirlwind+1","Warcry"],"picked":"Singing Bowl","floor":37},{"not_picked":["Twin Strike","Clothesline","Anger"],"picked":"Singing Bowl","floor":38},{"not_picked":["Fiend Fire","Feed"],"picked":"Metallicize+1","floor":40},{"not_picked":["Carnage+1","Armaments"],"picked":"Metallicize+1","floor":44},{"not_picked":["Perfected Strike+1","Ghostly Armor"],"picked":"Body Slam","floor":46}],"player_experience":447020,"relics_obtained":[{"floor":7,"key":"Smiling Mask"},{"floor":9,"key":"Lantern"},{"floor":26,"key":"The Courier"},{"floor":37,"key":"Ginger"},{"floor":40,"key":"Mummified Hand"}],"event_choices":[{"damage_healed":0,"gold_gain":0,"player_choice":"Entered Light","damage_taken":16,"max_hp_gain":0,"max_hp_loss":0,"event_name":"Shining Light","floor":2,"gold_loss":0,"cards_upgraded":["Defend_R","Strike_R"]},{"damage_healed":0,"gold_gain":0,"cards_transformed":["Strike_R"],"player_choice":"Transformed","damage_taken":0,"max_hp_gain":0,"max_hp_loss":0,"event_name":"Transmorgrifier","floor":3,"gold_loss":0,"cards_obtained":["Corruption"]},{"damage_healed":0,"gold_gain":0,"player_choice":"Take Damage","damage_taken":20,"relics_obtained":["Golden Idol"],"max_hp_gain":0,"max_hp_loss":0,"event_name":"Golden Idol","floor":5,"gold_loss":0},{"damage_healed":0,"gold_gain":0,"cards_transformed":["Strike_R","Strike_R"],"player_choice":"Became Test Subject","damage_taken":0,"max_hp_gain":0,"max_hp_loss":0,"event_name":"Drug Dealer","floor":19,"gold_loss":0,"cards_obtained":["Whirlwind","Whirlwind"]},{"cards_removed":["Whirlwind"],"damage_healed":0,"gold_gain":0,"player_choice":"Gave Gold","damage_taken":0,"max_hp_gain":0,"max_hp_loss":0,"event_name":"Beggar","floor":24,"gold_loss":75},{"damage_healed":0,"gold_gain":0,"player_choice":"Gave Potion","damage_taken":0,"relics_obtained":["Regal Pillow"],"max_hp_gain":0,"max_hp_loss":0,"event_name":"WeMeetAgain","floor":28,"gold_loss":0},{"damage_healed":0,"gold_gain":0,"player_choice":"Fight","damage_taken":0,"max_hp_gain":0,"max_hp_loss":0,"event_name":"MindBloom","floor":37,"gold_loss":0},{"damage_healed":0,"gold_gain":0,"player_choice":"Embrace Madness","damage_taken":11,"max_hp_gain":0,"max_hp_loss":0,"event_name":"Winding Halls","floor":42,"gold_loss":0,"cards_obtained":["Madness","Madness"]}],"is_beta":false,"boss_relics":[{"not_picked":["Runic Pyramid","Runic Dome"],"picked":"Cursed Key"},{"not_picked":["Snecko Eye","White Beast Statue"],"picked":"Velvet Choker"}],"items_purged_floors":[11,30,36,39],"is_endless":false,"potions_floor_spawned":[1,6,7,12,18,20,21,31,44,46],"ascension_level":0}