{"gold_per_floor":[114,125,125,137,2,2,17,17,44,44,78,93,18,44,44,148,148,166,179,194,94,94,94,125,125,150,197,224,262,293,316,328,438,450,472,484,507,312,323,323,323,323,346,346,372,372,382,392,392,392],"floor_reached":50,"playtime":4436,"items_purged":["Strike_R","Defend_R","Strike_R"],"score":559,"play_id":"ac0f415a-4ab3-4f5d-bfa6-d54696b1b369","local_time":"20181225153355","is_ascension_mode":true,"campfire_choices":[{"data":"Immolate","floor":6.0,"key":"SMITH"},{"data":"Bash","floor":8.0,"key":"SMITH"},{"data":"Anger","floor":10.0,"key":"SMITH"},{"data":"Carnage","floor":15.0,"key":"SMITH"},{"data":"RitualDagger","floor":23.0,"key":"SMITH"},{"data":"Limit Break","floor":25.0,"key":"SMITH"},{"floor":32.0,"key":"REST"},{"data":"Demon Form","floor":40.0,"key":"SMITH"},{"data":"Double Tap","floor":42.0,"key":"SMITH"},{"data":"True Grit","floor":44.0,"key":"SMITH"},{"floor":49.0,"key":"REST"}],"neow_cost":"NONE","seed_source_timestamp":0,"circlet_count":0,"master_deck":["Strike_R","Strike_R","Defend_R","Defend_R","Defend_R","Bash+1","Inflame","Ghostly Armor","Carnage+1","Immolate+1","Anger+1","Shockwave","Clothesline","Limit Break+1","Body Slam+1","Infernal Blade","Armaments+1","RitualDagger+1","Pommel Strike","Demon Form+1","Pommel Strike","Headbutt","Double Tap+1","Limit Break","True Grit+1","Clash+1","Jack Of All Trades","Sadistic Nature","Anger+1","Doubt","Thunderclap+1"],"special_seed":0,"relics":["Burning Blood","PreservedInsect","Anchor","Ginger","Potion Belt","Sozu","Bronze Scales","MawBank","Kunai","Happy Flower","Philosopher\u0027s Stone","Ancient Tea Set","Pen Nib"],"potions_floor_usage":[],"damage_taken":[{"damage":6.0,"enemies":"2 Louse","floor":1.0,"turns":3.0},{"damage":1.0,"enemies":"Cultist","floor":2.0,"turns":3.0},{"damage":2.0,"enemies":"Small Slimes","floor":4.0,"turns":3.0},{"damage":6.0,"enemies":"Blue Slaver","floor":7.0,"turns":4.0},{"damage":3.0,"enemies":"Gremlin Nob","floor":11.0,"turns":3.0},{"damage":0.0,"enemies":"2 Fungi Beasts","floor":12.0,"turns":2.0},{"damage":36.0,"enemies":"Hexaghost","floor":16.0,"turns":9.0},{"damage":5.0,"enemies":"Shell Parasite","floor":18.0,"turns":4.0},{"damage":19.0,"enemies":"2 Thieves","floor":19.0,"turns":4.0},{"damage":0.0,"enemies":"Chosen and Byrds","floor":20.0,"turns":4.0},{"damage":15.0,"enemies":"Gremlin Leader","floor":24.0,"turns":3.0},{"damage":12.0,"enemies":"Book of Stabbing","floor":27.0,"turns":3.0},{"damage":5.0,"enemies":"Snake Plant","floor":28.0,"turns":3.0},{"damage":30.0,"enemies":"Gremlin Leader","floor":29.0,"turns":5.0},{"damage":12.0,"enemies":"Centurion and Healer","floor":30.0,"turns":2.0},{"damage":0.0,"enemies":"Cultist and Chosen","floor":31.0,"turns":3.0},{"damage":25.0,"enemies":"Collector","floor":33.0,"turns":5.0},{"damage":0.0,"enemies":"3 Darklings","floor":35.0,"turns":3.0},{"damage":0.0,"enemies":"Orb Walker","floor":37.0,"turns":2.0},{"damage":27.0,"enemies":"Maw","floor":39.0,"turns":6.0},{"damage":16.0,"enemies":"Giant Head","floor":45.0,"turns":5.0},{"damage":38.0,"enemies":"Transient","floor":47.0,"turns":5.0},{"damage":14.0,"enemies":"Jaw Worm Horde","floor":48.0,"turns":3.0},{"damage":67,"enemies":"Time Eater","floor":50,"turns":5}],"seed_played":"-3048875889012577733","potions_obtained":[{"floor":2.0,"key":"Poison Potion"},{"floor":7.0,"key":"Poison Potion"},{"floor":11.0,"key":"Weak Potion"},{"floor":12.0,"key":"SteroidPotion"}],"is_trial":false,"path_per_floor":["M","M","?","M","$","R","M","R","T","R","E","M","$","T","R","B",null,"M","M","M","$","?","R","E","R","T","E","M","E","M","M","R","B",null,"M","?","M","$","M","R","?","R","T","R","E","?","M","M","R","B"],"character_chosen":"IRONCLAD","items_purchased":["Immolate","Jack Of All Trades"],"campfire_rested":2,"item_purchase_floors":[5,38],"current_hp_per_floor":[80,80,80,80,80,80,80,80,80,80,80,80,80,80,80,50,80,80,67,73,73,67,67,58,58,58,52,53,29,23,29,53,34,80,80,80,80,80,59,59,59,59,59,59,49,80,48,40,64,0],"gold":392,"neow_bonus":"TRANSFORM_CARD","is_prod":false,"is_daily":false,"chose_seed":false,"campfire_upgraded":9,"win_rate":0,"timestamp":1545748435,"path_taken":["M","M","?","?","$","R","M","R","T","R","E","M","$","?","R","BOSS","M","M","M","$","?","R","E","R","T","E","M","E","M","M","R","BOSS","M","?","M","$","M","R","?","R","T","R","E","?","M","M","R","BOSS"],"build_version":"2018-12-20","purchased_purges":3,"victory":false,"max_hp_per_floor":[80,80,80,80,80,80,80,80,80,80,80,80,80,80,80,80,80,80,80,80,80,80,80,80,80,80,80,80,80,80,80,80,80,80,80,80,80,80,80,80,80,80,80,80,80,80,80,80,80,80],"card_choices":[{"not_picked":["Warcry","Corruption","Burning Pact"],"picked":"SKIP","floor":1.0},{"not_picked":["Burning Pact","Perfected Strike"],"picked":"Ghostly Armor","floor":2.0},{"not_picked":["Disarm","Rampage"],"picked":"Carnage","floor":4.0},{"not_picked":["Power Through","Rupture"],"picked":"Anger","floor":7.0},{"not_picked":["Immolate","Perfected Strike"],"picked":"Shockwave","floor":11.0},{"not_picked":["Combust","Sword Boomerang"],"picked":"Clothesline","floor":12.0},{"not_picked":["Berserk","Dark Embrace"],"picked":"Limit Break","floor":16.0},{"not_picked":["Shrug It Off","Wild Strike"],"picked":"Body Slam+1","floor":18.0},{"not_picked":["Iron Wave","Rupture"],"picked":"Infernal Blade","floor":19.0},{"not_picked":["Perfected Strike","Infernal Blade+1"],"picked":"Armaments+1","floor":20.0},{"not_picked":["Sword Boomerang","Burning Pact"],"picked":"Pommel Strike","floor":24.0},{"not_picked":["Anger","Headbutt+1"],"picked":"Demon Form","floor":27.0},{"not_picked":["Warcry","Cleave"],"picked":"Pommel Strike","floor":28.0},{"not_picked":["Body Slam","Warcry+1"],"picked":"Headbutt","floor":29.0},{"not_picked":["Headbutt","Rupture","Warcry"],"picked":"SKIP","floor":30.0},{"not_picked":["Evolve","Pummel"],"picked":"Double Tap","floor":31.0},{"not_picked":["Offering","Double Tap"],"picked":"Limit Break","floor":33.0},{"not_picked":["Iron Wave","Body Slam"],"picked":"True Grit","floor":35.0},{"not_picked":["Bloodletting","Pommel Strike+1"],"picked":"Clash+1","floor":37.0},{"not_picked":["Body Slam+1","Searing Blow","Intimidate+1"],"picked":"SKIP","floor":39.0},{"not_picked":["Forethought","Deep Breath"],"picked":"Sadistic Nature","floor":41.0},{"not_picked":["Pommel Strike+1","Infernal Blade"],"picked":"Anger+1","floor":45.0},{"not_picked":["Armaments","Reckless Charge","Combust"],"picked":"SKIP","floor":47.0},{"not_picked":["Cleave+1","Perfected Strike+1"],"picked":"Thunderclap+1","floor":48.0}],"player_experience":89728,"relics_obtained":[{"floor":9.0,"key":"Anchor"},{"floor":11.0,"key":"Ginger"},{"floor":14.0,"key":"Potion Belt"},{"floor":24.0,"key":"Bronze Scales"},{"floor":26.0,"key":"MawBank"},{"floor":27.0,"key":"Kunai"},{"floor":29.0,"key":"Happy Flower"},{"floor":43.0,"key":"Ancient Tea Set"},{"floor":45.0,"key":"Pen Nib"}],"event_choices":[{"damage_healed":0.0,"max_hp_gain":0.0,"max_hp_loss":0.0,"gold_gain":0.0,"event_name":"WeMeetAgain","player_choice":"Gave Potion","floor":3.0,"gold_loss":0.0,"damage_taken":0.0,"relics_obtained":["PreservedInsect"]},{"damage_healed":0.0,"max_hp_gain":0.0,"max_hp_loss":0.0,"gold_gain":0.0,"event_name":"Nest","player_choice":"Joined the Cult","floor":22.0,"gold_loss":0.0,"damage_taken":6.0,"cards_obtained":["RitualDagger"]},{"damage_healed":0.0,"max_hp_gain":0.0,"max_hp_loss":0.0,"gold_gain":0.0,"event_name":"Tomb of Lord Red Mask","player_choice":"Ignored","floor":36.0,"gold_loss":0.0,"damage_taken":0.0},{"damage_healed":0.0,"max_hp_gain":0.0,"max_hp_loss":0.0,"gold_gain":0.0,"event_name":"SensoryStone","player_choice":"Memory 1","floor":41.0,"gold_loss":0.0,"damage_taken":0.0},{"damage_healed":31.0,"max_hp_gain":0.0,"max_hp_loss":0.0,"gold_gain":0.0,"event_name":"MindBloom","player_choice":"Heal","floor":46.0,"gold_loss":0.0,"damage_taken":0.0,"cards_obtained":["Doubt"]}],"is_beta":false,"boss_relics":[{"not_picked":["Orrery","Black Blood"],"picked":"Sozu"},{"not_picked":["Black Star","Velvet Choker"],"picked":"Philosopher\u0027s Stone"}],"items_purged_floors":[13,21,38],"is_endless":false,"potions_floor_spawned":[2,7,11,12,18,24,27,31,37,39,45,48],"killed_by":"Time Eater","ascension_level":1}