{"gold_per_floor":[215,143,161,336,355,355,355,371,371,371,446,462,475,491,491,596,596,625,637,660,685,709,721,733],"floor_reached":24,"playtime":2848,"items_purged":[],"score":192,"play_id":"37414900-7b23-44b0-a1db-9eae1d3bee50","local_time":"20190203025514","is_ascension_mode":false,"campfire_choices":[{"data":"Turbo","floor":6.0,"key":"SMITH"},{"data":"Zap","floor":10.0,"key":"SMITH"},{"data":"Loop","floor":15.0,"key":"SMITH"},{"floor":23,"key":"REST"}],"neow_cost":"NONE","seed_source_timestamp":0,"circlet_count":0,"master_deck":["Strike_B","Strike_B","Strike_B","Strike_B","Defend_B","Defend_B","Defend_B","Defend_B","Zap+1","Dualcast","Barrage","Rebound","Turbo+1","BootSequence","Ball Lightning","All For One","Loop+1","Gash","Echo Form","Reboot","Clumsy","Shame","Pain","Doom and Gloom","Skim","RitualDagger","Gash+1","Hologram","Beam Cell","Go for the Eyes","Gash","Reboot"],"special_seed":0,"relics":["Cracked Core","Shuriken","Calling Bell","MawBank","Question Card","Prayer Wheel"],"potions_floor_usage":[21],"damage_taken":[{"damage":0.0,"enemies":"2 Louse","floor":1.0,"turns":2.0},{"damage":1.0,"enemies":"Jaw Worm","floor":3.0,"turns":3.0},{"damage":0.0,"enemies":"Small Slimes","floor":5.0,"turns":2.0},{"damage":0.0,"enemies":"Exordium Thugs","floor":8.0,"turns":3.0},{"damage":1.0,"enemies":"3 Louse","floor":12.0,"turns":3.0},{"damage":0.0,"enemies":"Looter","floor":13.0,"turns":2.0},{"damage":0.0,"enemies":"Exordium Wildlife","floor":14.0,"turns":3.0},{"damage":43.0,"enemies":"The Guardian","floor":16.0,"turns":7.0},{"damage":36.0,"enemies":"2 Thieves","floor":18.0,"turns":4.0},{"damage":13.0,"enemies":"Shell Parasite","floor":20.0,"turns":3.0},{"damage":0,"enemies":"Chosen and Byrds","floor":21,"turns":3},{"damage":17,"enemies":"Cultist and Chosen","floor":22,"turns":5},{"damage":7,"enemies":"3 Cultists","floor":24,"turns":3}],"seed_played":"8004643539167141930","potions_obtained":[{"floor":1.0,"key":"Regen Potion"},{"floor":8.0,"key":"GamblersBrew"},{"floor":12.0,"key":"EntropicBrew"},{"floor":18.0,"key":"GamblersBrew"},{"floor":20.0,"key":"Explosive Potion"},{"floor":21,"key":"FearPotion"},{"floor":22,"key":"SteroidPotion"}],"is_trial":false,"path_per_floor":["M","$","M","?","M","R","?","M","T","R","?","M","M","M","R","B",null,"M","?","M","M","M","R","M"],"character_chosen":"DEFECT","items_purchased":["Rebound","Turbo"],"campfire_rested":1,"item_purchase_floors":[2,2],"current_hp_per_floor":[75,75,74,74,74,74,67,67,67,67,56,55,55,55,55,12,75,48,42,29,29,12,34,27],"gold":733,"neow_bonus":"HUNDRED_GOLD","is_prod":false,"is_daily":false,"chose_seed":false,"campfire_upgraded":3,"win_rate":0.0,"timestamp":1549158914,"path_taken":["M","$","M","?","M","R","?","M","T","R","?","?","M","M","R","BOSS","M","?","M","M","M","R","M"],"build_version":"2019-01-23","purchased_purges":0,"victory":false,"max_hp_per_floor":[75,75,75,75,75,75,75,75,75,75,75,75,75,75,75,75,75,75,75,75,75,75,75,75],"card_choices":[{"not_picked":["Rip and Tear","Go for the Eyes"],"picked":"Barrage","floor":1.0},{"not_picked":["Turbo","Stack"],"picked":"BootSequence","floor":3.0},{"not_picked":["Rebound","Barrage"],"picked":"Ball Lightning","floor":5.0},{"not_picked":["Sweeping Beam","Capacitor"],"picked":"All For One","floor":8.0},{"not_picked":["Compile Driver","Stack"],"picked":"Loop","floor":12.0},{"not_picked":["Ball Lightning","Go for the Eyes"],"picked":"Gash","floor":13.0},{"not_picked":["Glacier","Rebound"],"picked":"Echo Form","floor":14.0},{"not_picked":["Core Surge","Electrodynamics"],"picked":"Reboot","floor":16.0},{"not_picked":["Cold Snap+1","Rebound","Compile Driver+1"],"picked":"Doom and Gloom","floor":18.0},{"not_picked":["Chaos","Storm+1","Static Discharge"],"picked":"Skim","floor":18.0},{"not_picked":["Force Field","Steam","Go for the Eyes"],"picked":"Gash+1","floor":20.0},{"not_picked":["Streamline","Darkness","Self Repair"],"picked":"Hologram","floor":20.0},{"not_picked":["Redo","Turbo","Chaos"],"picked":"Beam Cell","floor":21},{"not_picked":["BootSequence","Compile Driver","Double Energy"],"picked":"Go for the Eyes","floor":21},{"not_picked":["Ball Lightning","Turbo","Streamline"],"picked":"Gash","floor":22},{"not_picked":["Rebound","Rip and Tear","Force Field"],"picked":"Reboot","floor":22}],"player_experience":111727,"relics_obtained":[{"floor":9.0,"key":"Shuriken"},{"floor":17.0,"key":"MawBank"},{"floor":17.0,"key":"Question Card"},{"floor":17.0,"key":"Prayer Wheel"}],"event_choices":[{"damage_healed":0.0,"max_hp_gain":0.0,"max_hp_loss":0.0,"gold_gain":175.0,"event_name":"Liars Game","player_choice":"AGREE","floor":4.0,"gold_loss":0.0,"damage_taken":0.0,"cards_obtained":["Doubt"]},{"cards_removed":["Doubt"],"damage_healed":0.0,"max_hp_gain":0.0,"max_hp_loss":0.0,"gold_gain":0.0,"event_name":"Golden Wing","player_choice":"Card Removal","floor":7.0,"gold_loss":0.0,"damage_taken":7.0},{"damage_healed":0.0,"max_hp_gain":0.0,"max_hp_loss":0.0,"gold_gain":75.0,"event_name":"World of Goop","player_choice":"Gather Gold","floor":11.0,"gold_loss":0.0,"damage_taken":11.0},{"damage_healed":0.0,"max_hp_gain":0.0,"max_hp_loss":0.0,"gold_gain":0.0,"event_name":"Nest","player_choice":"Joined the Cult","floor":19.0,"gold_loss":0.0,"damage_taken":6.0,"cards_obtained":["RitualDagger"]}],"is_beta":false,"boss_relics":[{"not_picked":["Snecko Eye","Lizard Tail"],"picked":"Calling Bell"}],"items_purged_floors":[],"is_endless":false,"potions_floor_spawned":[1,8,12,18,20,21,22],"killed_by":"3 Cultists","ascension_level":0}