{"gold_per_floor":[113,133,150,27,27,27,56,56,56,5,23,23,23,42,42,120,120,138,188,88,13,25,25],"floor_reached":23,"playtime":1033,"items_purged":["Strike_G","Strike_G"],"score":312,"play_id":"0facb2b3-291a-4834-87f8-0eddf54d8251","local_time":"20190301184044","is_ascension_mode":true,"campfire_choices":[{"data":"Bouncing Flask","floor":6.0,"key":"SMITH"},{"data":"Sucker Punch","floor":8.0,"key":"SMITH"},{"data":"Dagger Spray","floor":13,"key":"SMITH"},{"floor":15,"key":"REST"}],"neow_cost":"NONE","seed_source_timestamp":1257526907938442,"circlet_count":0,"master_deck":["AscendersBane","Defend_G","Defend_G","Defend_G","Defend_G","Defend_G","Strike_G","Strike_G","Strike_G","Survivor","Neutralize","Cloak And Dagger","Sucker Punch+1","Bouncing Flask+1","Leg Sweep","PiercingWail","Dagger Spray+1","Skewer+1","Backstab","Deadly Poison","Night Terror","Corpse Explosion"],"special_seed":0,"relics":["Ring of the Snake","Bag of Preparation","Anchor","Prayer Wheel","Black Star"],"potions_floor_usage":[16,16,21],"damage_taken":[{"damage":1.0,"enemies":"Cultist","floor":1.0,"turns":4.0},{"damage":1.0,"enemies":"Small Slimes","floor":2.0,"turns":4.0},{"damage":7.0,"enemies":"Jaw Worm","floor":3.0,"turns":5.0},{"damage":25.0,"enemies":"Gremlin Nob","floor":7.0,"turns":6.0},{"damage":2,"enemies":"Exordium Wildlife","floor":11,"turns":6},{"damage":6,"enemies":"Exordium Thugs","floor":14,"turns":6},{"damage":10,"enemies":"The Guardian","floor":16,"turns":9},{"damage":0,"enemies":"3 Byrds","floor":18,"turns":5},{"damage":11,"enemies":"2 Thieves","floor":21,"turns":5},{"damage":20,"enemies":"Chosen and Byrds","floor":22,"turns":7},{"damage":36,"enemies":"Gremlin Leader","floor":23,"turns":7}],"seed_played":"7100833380466315275","potions_obtained":[{"floor":2.0,"key":"PowerPotion"},{"floor":7.0,"key":"Poison Potion"},{"floor":18,"key":"EssenceOfSteel"}],"is_trial":false,"path_per_floor":["M","M","M","$","T","R","E","R","T","$","M","?","R","M","R","B",null,"M","?","$","M","M","E"],"character_chosen":"THE_SILENT","items_purchased":["Block Potion","FearPotion"],"campfire_rested":1,"item_purchase_floors":[4,10],"current_hp_per_floor":[62,61,54,54,54,54,29,29,29,29,27,27,27,21,42,32,61,61,61,61,50,30,0],"gold":25,"neow_bonus":"THREE_CARDS","is_prod":false,"is_daily":false,"chose_seed":false,"campfire_upgraded":3,"win_rate":0,"timestamp":1551462044,"path_taken":["M","M","M","$","?","R","E","R","T","$","M","?","R","M","R","BOSS","M","?","?","M","?","E"],"build_version":"2019-01-23","purchased_purges":2,"victory":false,"max_hp_per_floor":[70,70,70,70,70,70,70,70,70,70,70,70,70,70,70,70,70,70,70,70,70,70,70],"card_choices":[{"not_picked":["Sucker Punch","Infinite Blades"],"picked":"Cloak And Dagger","floor":0.0},{"not_picked":["Flying Knee","Dagger Throw"],"picked":"Sucker Punch","floor":1.0},{"not_picked":["Dodge and Roll","Terror"],"picked":"Bouncing Flask","floor":2.0},{"not_picked":["Infinite Blades","Calculated Gamble"],"picked":"Leg Sweep","floor":3.0},{"not_picked":["Poisoned Stab","Blade Dance"],"picked":"PiercingWail","floor":7.0},{"not_picked":["Bane","Dagger Throw"],"picked":"Dagger Spray","floor":11},{"not_picked":["Dagger Throw","Cloak And Dagger"],"picked":"Skewer","floor":11},{"not_picked":["Accuracy","Crippling Poison"],"picked":"Backstab","floor":14},{"not_picked":["Bane","Sucker Punch"],"picked":"Deadly Poison","floor":14},{"not_picked":["Venomology","Grand Finale"],"picked":"Night Terror","floor":16},{"not_picked":["Reflex","PiercingWail","Dagger Spray"],"picked":"SKIP","floor":18},{"not_picked":["Outmaneuver","Flying Knee","Cloak And Dagger"],"picked":"SKIP","floor":18},{"not_picked":["Tactician","Quick Slash"],"picked":"Corpse Explosion","floor":21},{"not_picked":["Infinite Blades","Slice","Acrobatics"],"picked":"SKIP","floor":21},{"not_picked":["Blade Dance","Concentrate","Deflect"],"picked":"SKIP","floor":22},{"not_picked":["Flying Knee","Bane","Blade Dance+1"],"picked":"SKIP","floor":22}],"player_experience":679143,"relics_obtained":[{"floor":5.0,"key":"Bag of Preparation"},{"floor":7.0,"key":"Anchor"},{"floor":9.0,"key":"Prayer Wheel"}],"event_choices":[{"damage_healed":0,"gold_gain":0,"player_choice":"Upgraded","damage_taken":0,"max_hp_gain":0,"max_hp_loss":0,"event_name":"Upgrade Shrine","floor":12,"gold_loss":0,"cards_upgraded":["Skewer"]},{"damage_healed":0,"gold_gain":100,"player_choice":"Bet on Murderer","damage_taken":0,"max_hp_gain":0,"max_hp_loss":0,"event_name":"The Joust","floor":19,"gold_loss":50}],"is_beta":false,"boss_relics":[{"not_picked":["Runic Pyramid","Eternal Feather"],"picked":"Black Star"}],"items_purged_floors":[4,20],"is_endless":false,"potions_floor_spawned":[2,7,14,18],"killed_by":"Gremlin Leader","ascension_level":13}