{"gold_per_floor":[110,126,146,146,71,71,100,119,167,223,258,326,340,340,340,417,417,432,38,58,58,78,78,98,98,98,116,116,147,447,464,464,464],"floor_reached":33,"playtime":1514,"items_purged":["Regret"],"score":510,"play_id":"0b9e15bb-4b86-4552-8797-775713435836","local_time":"20190301223159","is_ascension_mode":true,"campfire_choices":[{"data":"Armaments","floor":6,"key":"SMITH"},{"data":"Flex","floor":15,"key":"SMITH"},{"floor":23,"key":"REST"},{"floor":32,"key":"REST"}],"neow_cost":"NONE","seed_source_timestamp":663293486403352,"circlet_count":0,"master_deck":["AscendersBane","Strike_R","Strike_R","Strike_R","Strike_R","Strike_R","Defend_R","Defend_R","Defend_R","Defend_R","Bash","Bludgeon","Armaments+1","Perfected Strike","Perfected Strike","Headbutt","Reaper","Battle Trance","Flex+1","Perfected Strike","Demon Form","Inflame","Limit Break","Wild Strike+1","Pommel Strike+1","Seeing Red","Perfected Strike+1"],"relics":["Burning Blood","Mercury Hourglass","Omamori","Bronze Scales","Gremlin Horn","Juzu Bracelet","Singing Bowl","Mark of Pain","Molten Egg 2","Peace Pipe","Art of War","Old Coin"],"potions_floor_usage":[2,7,11,22,29,31,33],"damage_taken":[{"damage":6,"enemies":"Small Slimes","floor":1,"turns":2},{"damage":0,"enemies":"Jaw Worm","floor":2,"turns":2},{"damage":0,"enemies":"Cultist","floor":3,"turns":2},{"damage":15,"enemies":"Lagavulin","floor":7,"turns":5},{"damage":6,"enemies":"Looter","floor":8,"turns":3},{"damage":32,"enemies":"Lagavulin Event","floor":10,"turns":5},{"damage":5,"enemies":"3 Sentries","floor":11,"turns":3},{"damage":0,"enemies":"3 Louse","floor":13,"turns":1},{"damage":56,"enemies":"Hexaghost","floor":16,"turns":6},{"damage":7,"enemies":"Chosen","floor":18,"turns":4},{"damage":25,"enemies":"Shell Parasite","floor":20,"turns":4},{"damage":18,"enemies":"Snake Plant","floor":22,"turns":3},{"damage":5,"enemies":"Sentry and Sphere","floor":24,"turns":5},{"damage":13,"enemies":"Cultist and Chosen","floor":27,"turns":4},{"damage":43,"enemies":"Book of Stabbing","floor":29,"turns":4},{"damage":32,"enemies":"Shelled Parasite and Fungi","floor":31,"turns":5},{"damage":101,"enemies":"Automaton","floor":33,"turns":6}],"seed_played":"3724476937639908609","potions_obtained":[{"floor":1,"key":"SkillPotion"},{"floor":3,"key":"AttackPotion"},{"floor":10,"key":"AttackPotion"},{"floor":16,"key":"Weak Potion"},{"floor":20,"key":"GamblersBrew"},{"floor":24,"key":"Weak Potion"},{"floor":27,"key":"Ancient Potion"},{"floor":31,"key":"LiquidBronze"}],"is_trial":false,"path_per_floor":["M","M","M","?","$","R","E","M","T","?","E","?","M","T","R","B",null,"M","$","M","?","M","R","M","?","T","M","$","E","?","M","R","B"],"character_chosen":"IRONCLAD","items_purchased":["Limit Break","Molten Egg 2"],"campfire_rested":2,"item_purchase_floors":[19,19],"current_hp_per_floor":[68,74,75,75,75,75,66,66,66,40,41,41,73,73,73,23,62,68,68,51,51,39,62,76,76,76,69,69,48,48,22,45,0],"gold":464,"neow_bonus":"ONE_RANDOM_RARE_CARD","is_prod":false,"is_daily":false,"chose_seed":false,"campfire_upgraded":2,"win_rate":0,"timestamp":1551447119,"path_taken":["M","M","M","?","$","R","E","M","T","?","E","?","M","?","R","BOSS","M","$","M","?","M","R","M","?","T","M","$","E","?","M","R","BOSS"],"build_version":"2019-01-23","purchased_purges":1,"victory":false,"max_hp_per_floor":[75,75,75,75,75,75,75,75,75,75,75,75,75,75,75,75,75,75,75,77,77,77,77,79,79,79,79,79,79,79,79,79,79],"card_choices":[{"not_picked":["Seeing Red","Second Wind"],"picked":"Armaments","floor":1},{"not_picked":["Rupture","Clash"],"picked":"Perfected Strike","floor":2},{"not_picked":["Fire Breathing","Anger"],"picked":"Perfected Strike","floor":3},{"not_picked":["Clothesline","Burning Pact"],"picked":"Headbutt","floor":7},{"not_picked":["Armaments","Perfected Strike"],"picked":"Reaper","floor":8},{"not_picked":["Headbutt","Armaments"],"picked":"Battle Trance","floor":10},{"not_picked":["Heavy Blade","Metallicize"],"picked":"Flex","floor":11},{"not_picked":["Armaments","Whirlwind"],"picked":"Perfected Strike","floor":13},{"not_picked":["Barricade","Berserk"],"picked":"Demon Form","floor":16},{"not_picked":["Sword Boomerang","Pommel Strike"],"picked":"Inflame","floor":18},{"not_picked":["Second Wind","Iron Wave+1","Cleave+1"],"picked":"Singing Bowl","floor":20},{"not_picked":["Anger+1","Sword Boomerang+1"],"picked":"Wild Strike+1","floor":22},{"not_picked":["Havoc","Disarm","Pummel+1"],"picked":"Singing Bowl","floor":24},{"not_picked":["Rupture","Infernal Blade"],"picked":"Pommel Strike+1","floor":27},{"not_picked":["Ghostly Armor","Combust"],"picked":"Seeing Red","floor":29},{"not_picked":["Barricade","Clothesline+1"],"picked":"Perfected Strike+1","floor":31}],"player_experience":149872,"relics_obtained":[{"floor":7,"key":"Omamori"},{"floor":9,"key":"Bronze Scales"},{"floor":10,"key":"Gremlin Horn"},{"floor":11,"key":"Juzu Bracelet"},{"floor":14,"key":"Singing Bowl"},{"floor":26,"key":"Peace Pipe"},{"floor":29,"key":"Art of War"}],"event_choices":[{"damage_healed":0,"gold_gain":0,"player_choice":"Box","damage_taken":0,"relics_obtained":["Mercury Hourglass"],"max_hp_gain":0,"max_hp_loss":0,"event_name":"Big Fish","floor":4,"gold_loss":0,"cards_obtained":["Regret"]},{"damage_healed":0,"gold_gain":0,"player_choice":"Searched \u00271\u0027 times","damage_taken":0,"max_hp_gain":0,"max_hp_loss":0,"event_name":"Dead Adventurer","floor":10,"gold_loss":0},{"damage_healed":0,"gold_gain":68,"player_choice":"Gained Gold","damage_taken":0,"max_hp_gain":0,"max_hp_loss":0,"event_name":"Golden Wing","floor":12,"gold_loss":0},{"damage_healed":0,"gold_gain":0,"player_choice":"Ignored","damage_taken":0,"max_hp_gain":0,"max_hp_loss":0,"event_name":"Vampires","floor":21,"gold_loss":0},{"damage_healed":0,"gold_gain":0,"player_choice":"Ignored","damage_taken":0,"max_hp_gain":0,"max_hp_loss":0,"event_name":"Beggar","floor":25,"gold_loss":0},{"damage_healed":0,"gold_gain":0,"player_choice":"Opened","damage_taken":0,"relics_obtained":["Old Coin"],"max_hp_gain":0,"max_hp_loss":0,"event_name":"The Mausoleum","floor":30,"gold_loss":0,"cards_obtained":["Writhe"]}],"is_beta":false,"boss_relics":[{"not_picked":["Snecko Eye","Fusion Hammer"],"picked":"Mark of Pain"}],"items_purged_floors":[5],"is_endless":false,"potions_floor_spawned":[1,3,10,16,20,24,27,31],"killed_by":"Automaton","ascension_level":15}