{"gold_per_floor":[361,375,77,152,152,152,171,171,171,171,191,191,211,42,42,42],"floor_reached":16,"playtime":697,"items_purged":["Regret"],"score":108,"play_id":"5bcc414c-2990-4bf9-bee1-26d25b62871e","local_time":"20180924202725","is_ascension_mode":true,"campfire_choices":[{"data":"Footwork","floor":6,"key":"SMITH"},{"data":"After Image","floor":8,"key":"SMITH"},{"data":"Neutralize","floor":12,"key":"SMITH"},{"floor":15,"key":"REST"}],"neow_cost":"PERCENT_DAMAGE","seed_source_timestamp":564635502019765,"circlet_count":0,"master_deck":["Defend_G","Defend_G","Defend_G","Defend_G","Defend_G","Strike_G","Strike_G","Strike_G","Strike_G","Strike_G","Survivor","Neutralize+1","Underhanded Strike","Footwork+1","After Image+1","Crippling Poison","Deflect","Noxious Fumes+1","Slice","Footwork+1","Outmaneuver"],"relics":["Ring of the Snake","Snake Skull","Darkstone Periapt","Ornamental Fan","Frozen Egg 2"],"potions_floor_usage":[],"damage_taken":[{"damage":3,"enemies":"Small Slimes","floor":1,"turns":6},{"damage":2,"enemies":"Jaw Worm","floor":2,"turns":5},{"damage":3,"enemies":"2 Louse","floor":7,"turns":3},{"damage":5,"enemies":"Blue Slaver","floor":11,"turns":6},{"damage":18,"enemies":"3 Louse","floor":13,"turns":5},{"damage":43,"enemies":"Slime Boss","floor":16,"turns":10}],"seed_played":"-761372279500757377","potions_obtained":[{"floor":1,"key":"SpeedPotion"}],"is_trial":false,"path_per_floor":["M","M","$","?","?","R","M","R","T","T","M","R","M","$","R"],"character_chosen":"THE_SILENT","items_purchased":["After Image","Snake Skull","Crippling Poison","Footwork+1","Outmaneuver"],"campfire_rested":1,"item_purchase_floors":[3,3,3,14,14],"current_hp_per_floor":[46,44,44,33,39,39,36,36,36,36,31,31,13,13,35,0],"gold":42,"neow_bonus":"TWO_FIFTY_GOLD","is_prod":false,"is_daily":false,"chose_seed":false,"campfire_upgraded":3,"win_rate":0,"timestamp":1537795645,"path_taken":["M","M","$","?","?","R","M","R","T","?","M","R","M","$","R","BOSS"],"build_version":"2018-09-20","purchased_purges":1,"victory":false,"max_hp_per_floor":[70,70,70,70,76,76,76,76,76,76,76,76,76,76,76,76],"card_choices":[{"not_picked":["Flechettes","Bane"],"picked":"Underhanded Strike","floor":1},{"not_picked":["Backflip","Masterful Stab"],"picked":"Footwork","floor":2},{"not_picked":["Quick Slash","Flying Knee"],"picked":"Deflect","floor":7},{"not_picked":["Sucker Punch","After Image+1"],"picked":"Noxious Fumes+1","floor":11},{"not_picked":["Bane","Skewer"],"picked":"Slice","floor":13}],"player_experience":101574,"relics_obtained":[{"floor":9,"key":"Ornamental Fan"},{"floor":10,"key":"Frozen Egg 2"}],"event_choices":[{"event_name":"World of Goop","player_choice":"Gather Gold","floor":4,"damage_taken":0},{"event_name":"Big Fish","player_choice":"Box","floor":5,"damage_taken":0}],"is_beta":false,"boss_relics":[],"items_purged_floors":[14],"is_endless":false,"potions_floor_spawned":[1],"killed_by":"Slime Boss","ascension_level":4}