{"gold_per_floor":[119,119,69,24,35,35,35,60,60,81,100,133,158,176,176,176],"floor_reached":16,"playtime":462,"items_purged":[],"score":125,"play_id":"f59aaf04-6eea-4e77-a91f-7b06bccfb433","local_time":"20180701153322","is_ascension_mode":true,"campfire_choices":[{"data":"Zap","floor":6,"key":"SMITH"},{"floor":15,"key":"REST"}],"neow_cost":"","seed_source_timestamp":411798146578574,"circlet_count":0,"master_deck":["Strike_B","Strike_B","Defend_B","Defend_B","Defend_B","Defend_B","Zap+1","Dualcast","Cold Snap","Gash","FTL","Coolheaded","Cold Snap","Redo","Cold Snap","Rebound"],"relics":["Cracked Core","Golden Idol","Pear","The Courier"],"potions_floor_usage":[],"damage_taken":[{"damage":0,"enemies":"Small Slimes","floor":1,"turns":2},{"damage":0,"enemies":"Cultist","floor":5,"turns":3},{"damage":4,"enemies":"2 Louse","floor":8,"turns":2},{"damage":0,"enemies":"2 Fungi Beasts","floor":10,"turns":3},{"damage":12,"enemies":"Lots of Slimes","floor":11,"turns":4},{"damage":30,"enemies":"Gremlin Nob","floor":12,"turns":5},{"damage":11,"enemies":"3 Louse","floor":13,"turns":3},{"damage":1,"enemies":"2 Fungi Beasts","floor":14,"turns":4},{"damage":41,"enemies":"Hexaghost","floor":16,"turns":10}],"seed_played":"592319372213927584","potions_obtained":[{"floor":8,"key":"Ancient Potion"},{"floor":12,"key":"Weak Potion"}],"is_trial":false,"path_per_floor":["M","?","?","$","M","R","?","M","T","M","M","E","M","M","R"],"character_chosen":"DEFECT","items_purchased":["Gash"],"campfire_rested":1,"item_purchase_floors":[4],"current_hp_per_floor":[75,75,75,75,75,75,57,53,63,63,51,21,10,9,34,0],"gold":176,"neow_bonus":"","is_prod":false,"is_daily":false,"chose_seed":false,"campfire_upgraded":1,"win_rate":0,"timestamp":1530430402,"path_taken":["M","?","?","$","M","R","?","?","T","M","M","E","?","M","R","BOSS"],"build_version":"2018-06-28","purchased_purges":0,"victory":false,"max_hp_per_floor":[75,75,75,75,75,75,75,75,85,85,85,85,85,85,85,85],"card_choices":[{"not_picked":["Rebound","Turbo"],"picked":"Cold Snap","floor":1},{"not_picked":["Beam Cell","Lockon"],"picked":"FTL","floor":5},{"not_picked":["Ball Lightning","Reinforced Body"],"picked":"Coolheaded","floor":8},{"not_picked":["Fusion","FTL"],"picked":"Cold Snap","floor":10},{"not_picked":["Hyperbeam","Cold Snap"],"picked":"Redo","floor":11},{"not_picked":["Skim","Ball Lightning"],"picked":"Cold Snap","floor":12},{"not_picked":["Tempest","Genetic Algorithm","Fusion"],"picked":"SKIP","floor":13},{"not_picked":["Undo","Conserve Battery"],"picked":"Rebound","floor":14}],"player_experience":465341,"relics_obtained":[{"floor":9,"key":"Pear"},{"floor":12,"key":"The Courier"}],"event_choices":[{"event_name":"Bonfire Elementals","player_choice":"BASIC","floor":2,"damage_taken":0},{"event_name":"The Cleric","player_choice":"Card Removal","floor":3,"damage_taken":0},{"event_name":"Golden Idol","player_choice":"Take Damage","floor":7,"damage_taken":0}],"boss_relics":[],"items_purged_floors":[],"is_endless":false,"potions_floor_spawned":[8,12],"killed_by":"Hexaghost","ascension_level":4}