{"gold_per_floor":[109,126,126,76,89,116,41,41,41,41,56,72,72,91,91,189,189,199,213,224,224,224,224,241,241,241,166,180,199,215,215],"floor_reached":31,"playtime":4787,"items_purged":["Strike_B"],"score":241,"play_id":"69acb031-4492-4af6-a8af-04f465ed153d","local_time":"20181017193705","is_ascension_mode":false,"campfire_choices":[{"data":"Loop","floor":8,"key":"SMITH"},{"data":"Dualcast","floor":10,"key":"SMITH"},{"floor":13,"key":"REST"},{"data":"Conserve Battery","floor":15,"key":"SMITH"},{"data":"Creative AI","floor":23,"key":"SMITH"},{"floor":25,"key":"REST"}],"neow_cost":"","seed_source_timestamp":657990369024123,"circlet_count":0,"master_deck":["Strike_B","Strike_B","Defend_B","Defend_B","Defend_B","Zap","Dualcast+1","Reprogram","Stack","Conserve Battery+1","Glacier","Loop+1","Darkness","Conserve Battery","Aggregate","Creative AI+1","Double Energy+1","Scrape","Conserve Battery+1"],"relics":["Cracked Core","Ginger","Orichalcum","Letter Opener","Sozu","Nilry\u0027s Codex","Dodecahedron"],"potions_floor_usage":[],"damage_taken":[{"damage":5,"enemies":"Small Slimes","floor":1,"turns":3},{"damage":0,"enemies":"2 Louse","floor":2,"turns":3},{"damage":0,"enemies":"Cultist","floor":5,"turns":4},{"damage":23,"enemies":"3 Sentries","floor":6,"turns":10},{"damage":0,"enemies":"2 Fungi Beasts","floor":11,"turns":3},{"damage":12,"enemies":"Exordium Thugs","floor":12,"turns":4},{"damage":2,"enemies":"Blue Slaver","floor":14,"turns":3},{"damage":25,"enemies":"Slime Boss","floor":16,"turns":12},{"damage":4,"enemies":"3 Byrds","floor":18,"turns":5},{"damage":0,"enemies":"Chosen","floor":19,"turns":7},{"damage":10,"enemies":"Snecko","floor":20,"turns":7},{"damage":18,"enemies":"Sentry and Sphere","floor":24,"turns":5},{"damage":30,"enemies":"Shelled Parasite and Fungi","floor":28,"turns":6},{"damage":10,"enemies":"Cultist and Chosen","floor":29,"turns":6},{"damage":0,"enemies":"Snecko","floor":30,"turns":7},{"damage":11,"enemies":"Gremlin Leader","floor":31,"turns":1}],"seed_played":"4352380581274591850","potions_obtained":[{"floor":1,"key":"LiquidBronze"},{"floor":5,"key":"Block Potion"}],"is_trial":false,"path_per_floor":["M","M","?","?","M","E","$","R","T","R","M","M","R","M","R","B",null,"M","M","M","?","?","R","M","R","T","$","M","M","M"],"character_chosen":"DEFECT","items_purchased":["Loop"],"campfire_rested":2,"item_purchase_floors":[7],"current_hp_per_floor":[70,70,52,52,52,29,29,29,29,29,29,17,39,37,37,12,75,71,71,61,45,45,45,27,49,49,49,19,9,9,0],"gold":215,"neow_bonus":"","is_prod":false,"is_daily":false,"chose_seed":false,"campfire_upgraded":4,"win_rate":0.0,"timestamp":1539830225,"path_taken":["M","M","?","?","M","E","$","R","T","R","M","M","R","M","R","BOSS","M","M","M","?","?","R","M","R","T","$","M","M","?","E"],"build_version":"2018-10-11","purchased_purges":1,"victory":false,"max_hp_per_floor":[75,75,75,75,75,75,75,75,75,75,75,75,75,75,75,75,75,75,75,75,75,75,75,75,75,75,75,75,75,75,75],"card_choices":[{"not_picked":["Force Field","Compile Driver"],"picked":"Reprogram","floor":1},{"not_picked":["Gash","Storm"],"picked":"Stack","floor":2},{"not_picked":["Self Repair","Hologram"],"picked":"Conserve Battery","floor":5},{"not_picked":["Coolheaded","Reinforced Body"],"picked":"Glacier","floor":6},{"not_picked":["Compile Driver","Chaos"],"picked":"Darkness","floor":11},{"not_picked":["Hologram","Cold Snap"],"picked":"Conserve Battery","floor":12},{"not_picked":["Steam","Hello World"],"picked":"Aggregate","floor":14},{"not_picked":["Rainbow","Electrodynamics"],"picked":"Creative AI","floor":16},{"not_picked":["Chaos","Streamline+1"],"picked":"Double Energy+1","floor":18},{"not_picked":["Go for the Eyes","Melter","Beam Cell+1"],"picked":"SKIP","floor":19},{"not_picked":["Storm","Go for the Eyes+1"],"picked":"Scrape","floor":20},{"not_picked":["Consume","Tempest","Compile Driver"],"picked":"SKIP","floor":24},{"not_picked":["Hologram","Chill"],"picked":"Conserve Battery+1","floor":28},{"not_picked":["Sweeping Beam","Beam Cell","Streamline"],"picked":"SKIP","floor":29},{"not_picked":["Rainbow","Ball Lightning","Steam"],"picked":"SKIP","floor":30}],"player_experience":28024,"relics_obtained":[{"floor":6,"key":"Orichalcum"},{"floor":9,"key":"Letter Opener"},{"floor":21,"key":"Nilry\u0027s Codex"},{"floor":26,"key":"Dodecahedron"}],"event_choices":[{"event_name":"Scrap Ooze","player_choice":"success","floor":3,"damage_taken":18},{"event_name":"The Cleric","player_choice":"Card Removal","floor":4,"damage_taken":0},{"event_name":"Cursed Tome","player_choice":"Obtained Book","floor":21,"damage_taken":0},{"event_name":"Bonfire Elementals","player_choice":"BASIC","floor":22,"damage_taken":0}],"is_beta":false,"boss_relics":[{"not_picked":["Ectoplasm","Runic Pyramid"],"picked":"Sozu"}],"items_purged_floors":[27],"is_endless":false,"potions_floor_spawned":[1,5,20,28,30],"killed_by":"Gremlin Leader","ascension_level":0}