{"gold_per_floor":[360,162,182,199,210,210,229,60,60,94,94,108,108,118,118,196,196,211,230,244,159,172,172,172,172,172,200,106,106,106,119,119,196,196,207,307,307,326,7,7,35,54,54,81,101,133,133,133,133,133,133,133,59,86,86],"floor_reached":56,"playtime":4489,"items_purged":["Strike_R","Strike_R","Bash"],"score":2327,"play_id":"a1acecfe-f67e-45e6-98f3-8b9a92104ba0","local_time":"20190226030644","is_ascension_mode":true,"campfire_choices":[{"data":"Warcry","floor":6,"key":"SMITH"},{"floor":11,"key":"REST"},{"data":"Rampage","floor":13,"key":"SMITH"},{"data":"Corruption","floor":15,"key":"SMITH"},{"floor":23,"key":"REST"},{"floor":25,"key":"RECALL"},{"data":"Warcry","floor":30,"key":"SMITH"},{"data":"True Grit","floor":32,"key":"SMITH"},{"floor":40,"key":"REST"},{"floor":47,"key":"REST"},{"floor":49,"key":"REST"},{"floor":52,"key":"REST"}],"neow_cost":"TEN_PERCENT_HP_LOSS","seed_source_timestamp":331176469523600,"circlet_count":0,"master_deck":["AscendersBane","Defend_R","Defend_R","Defend_R","Defend_R","Whirlwind","Rampage+1","Flash of Steel","Warcry+1","Battle Trance","Corruption+1","Headbutt","Impervious","Brutality+1","True Grit+1","Dual Wield+1","Feel No Pain","Sentinel","True Grit+1","Warcry+1","Havoc","Reaper+1","Warcry+1","Body Slam+1","Havoc","True Grit","Warcry+1","Dramatic Entrance","Bandage Up","Discovery","Feel No Pain+1"],"relics":["Burning Blood","Sundial","Mercury Hourglass","Astrolabe","PreservedInsect","Dead Branch","Fusion Hammer","Gambling Chip","OrangePellets","Prayer Wheel","Bag of Preparation","Lantern","Frozen Egg 2","Pear"],"potions_floor_usage":[4,10,16,20,27,45,45,55,55],"damage_taken":[{"damage":6,"enemies":"Cultist","floor":1,"turns":4},{"damage":5,"enemies":"Small Slimes","floor":3,"turns":4},{"damage":2,"enemies":"Jaw Worm","floor":4,"turns":3},{"damage":25,"enemies":"Exordium Thugs","floor":5,"turns":4},{"damage":11,"enemies":"2 Fungi Beasts","floor":7,"turns":3},{"damage":30,"enemies":"Gremlin Nob","floor":10,"turns":4},{"damage":7,"enemies":"Red Slaver","floor":12,"turns":4},{"damage":2,"enemies":"Looter","floor":14,"turns":3},{"damage":42,"enemies":"Hexaghost","floor":16,"turns":8},{"damage":6,"enemies":"Chosen","floor":18,"turns":6},{"damage":2,"enemies":"Spheric Guardian","floor":19,"turns":3},{"damage":18,"enemies":"Centurion and Healer","floor":20,"turns":6},{"damage":8,"enemies":"Snake Plant","floor":22,"turns":4},{"damage":4,"enemies":"Gremlin Leader","floor":27,"turns":5},{"damage":9,"enemies":"Sentry and Sphere","floor":31,"turns":3},{"damage":9,"enemies":"Champ","floor":33,"turns":4},{"damage":5,"enemies":"Orb Walker","floor":35,"turns":5},{"damage":4,"enemies":"Mind Bloom Boss Battle","floor":36,"turns":5},{"damage":13,"enemies":"3 Shapes","floor":38,"turns":2},{"damage":0,"enemies":"Giant Head","floor":41,"turns":4},{"damage":0,"enemies":"Transient","floor":42,"turns":5},{"damage":6,"enemies":"Reptomancer","floor":44,"turns":1},{"damage":5,"enemies":"Maw","floor":45,"turns":4},{"damage":7,"enemies":"Nemesis","floor":46,"turns":4},{"damage":10,"enemies":"Time Eater","floor":50,"turns":5},{"damage":9,"enemies":"Shield and Spear","floor":54,"turns":1},{"damage":18,"enemies":"The Heart","floor":55,"turns":8}],"seed_played":"8432864131684699809","potions_obtained":[{"floor":1,"key":"FearPotion"},{"floor":3,"key":"Fire Potion"},{"floor":14,"key":"Block Potion"},{"floor":16,"key":"SteroidPotion"},{"floor":18,"key":"PowerPotion"},{"floor":22,"key":"EssenceOfSteel"},{"floor":31,"key":"AttackPotion"},{"floor":38,"key":"Block Potion"},{"floor":41,"key":"EntropicBrew"},{"floor":45,"key":"AttackPotion"},{"floor":54,"key":"Strength Potion"}],"is_trial":false,"path_per_floor":["M","$","M","M","M","R","M","$","T","E","R","M","R","M","R","B",null,"M","M","M","?","M","R","?","R","T","E","$","?","R","M","R","B",null,"M","?","?","M","$","R","E","M","T","E","M","E","R","?","R","B",null,"R","$","E","B",null],"character_chosen":"IRONCLAD","items_purchased":["Rampage","Flash of Steel","Corruption","True Grit","Warcry","OrangePellets","Feel No Pain+1"],"campfire_rested":6,"item_purchase_floors":[2,2,8,28,28,39,53],"current_hp_per_floor":[68,68,68,68,49,49,44,44,44,20,40,39,39,43,43,7,53,53,57,45,45,43,63,63,63,63,65,65,65,65,62,62,59,66,67,68,68,61,61,68,68,68,68,68,68,67,68,58,68,64,67,68,68,78,76],"gold":86,"neow_bonus":"TWO_FIFTY_GOLD","is_prod":false,"is_daily":false,"chose_seed":false,"campfire_upgraded":5,"win_rate":0,"timestamp":1551118004,"path_taken":["M","$","M","M","M","R","M","$","T","E","R","?","R","M","R","BOSS","M","?","?","?","M","R","?","R","T","E","$","?","R","M","R","BOSS","M","?","?","M","$","R","E","M","T","E","?","E","R","?","R","BOSS","R","$","E","BOSS"],"build_version":"2019-01-23","purchased_purges":3,"victory":true,"max_hp_per_floor":[68,68,68,68,68,68,68,68,68,68,68,68,68,68,68,68,68,68,68,68,68,68,68,68,68,68,68,68,68,68,68,68,68,68,68,68,68,68,68,68,68,68,68,68,68,68,68,68,68,68,68,68,68,78,78],"card_choices":[{"not_picked":["Shockwave","Headbutt"],"picked":"Whirlwind","floor":1},{"not_picked":["Havoc","Cleave"],"picked":"Warcry","floor":3},{"not_picked":["Fire Breathing","Entrench","Inflame"],"picked":"SKIP","floor":4},{"not_picked":["Pommel Strike","Sword Boomerang","Flex"],"picked":"SKIP","floor":5},{"not_picked":["Body Slam","Cleave"],"picked":"Battle Trance","floor":7},{"not_picked":["Heavy Blade","Blood for Blood","Ghostly Armor"],"picked":"SKIP","floor":10},{"not_picked":["Pommel Strike","Clash"],"picked":"Headbutt","floor":12},{"not_picked":["Havoc","Armaments","Juggernaut"],"picked":"SKIP","floor":14},{"not_picked":["Dark Embrace","Brutality"],"picked":"Impervious","floor":16},{"not_picked":["Wild Strike","Searing Blow"],"picked":"Feel No Pain","floor":18},{"not_picked":["Iron Wave","Battle Trance","Carnage"],"picked":"SKIP","floor":19},{"not_picked":["Iron Wave","Fire Breathing","Blood for Blood"],"picked":"SKIP","floor":20},{"not_picked":["Clothesline","Havoc","Perfected Strike"],"picked":"SKIP","floor":22},{"not_picked":["Bludgeon","Fire Breathing"],"picked":"Sentinel","floor":27},{"not_picked":["Wild Strike","Anger+1"],"picked":"Havoc","floor":31},{"not_picked":["Brutality","Bludgeon"],"picked":"Reaper","floor":33},{"not_picked":["Second Wind","Pommel Strike","Heavy Blade+1"],"picked":"SKIP","floor":35},{"not_picked":["Clothesline","Disarm+1"],"picked":"Warcry+1","floor":36},{"not_picked":["Anger","Dropkick","Clash"],"picked":"SKIP","floor":38},{"not_picked":["Infernal Blade","Demon Form"],"picked":"Body Slam+1","floor":41},{"not_picked":["Pummel","Cleave"],"picked":"Havoc","floor":42},{"not_picked":["Flex","Ghostly Armor+1","Metallicize"],"picked":"SKIP","floor":42},{"not_picked":["Body Slam","Bludgeon"],"picked":"True Grit","floor":44},{"not_picked":["Pummel+1","Power Through","Sword Boomerang"],"picked":"SKIP","floor":45},{"not_picked":["Infernal Blade+1","Iron Wave","Cleave"],"picked":"SKIP","floor":45},{"not_picked":["Disarm","Iron Wave"],"picked":"Warcry+1","floor":46},{"not_picked":["Forethought","PanicButton"],"picked":"Dramatic Entrance","floor":48},{"not_picked":["Madness","Violence"],"picked":"Bandage Up","floor":48},{"not_picked":["Impatience","Mind Blast"],"picked":"Discovery","floor":48},{"not_picked":["Wild Strike","Clothesline","Infernal Blade+1"],"picked":"SKIP","floor":54}],"player_experience":113241,"relics_obtained":[{"floor":9,"key":"Sundial"},{"floor":10,"key":"Mercury Hourglass"},{"floor":27,"key":"Dead Branch"},{"floor":36,"key":"Gambling Chip"},{"floor":41,"key":"Prayer Wheel"},{"floor":43,"key":"Bag of Preparation"},{"floor":44,"key":"Lantern"},{"floor":46,"key":"Frozen Egg 2"},{"floor":54,"key":"Pear"}],"event_choices":[{"damage_healed":0,"gold_gain":0,"player_choice":"Obtained Relic","damage_taken":0,"relics_obtained":["PreservedInsect"],"max_hp_gain":0,"max_hp_loss":0,"event_name":"Addict","floor":21,"gold_loss":85},{"damage_healed":0,"gold_gain":0,"player_choice":"Ignored","damage_taken":0,"max_hp_gain":0,"max_hp_loss":0,"event_name":"Vampires","floor":24,"gold_loss":0},{"damage_healed":0,"gold_gain":0,"player_choice":"Ignored","damage_taken":0,"max_hp_gain":0,"max_hp_loss":0,"event_name":"N\u0027loth","floor":29,"gold_loss":0},{"damage_healed":0,"gold_gain":0,"player_choice":"Fight","damage_taken":0,"max_hp_gain":0,"max_hp_loss":0,"event_name":"MindBloom","floor":36,"gold_loss":0},{"damage_healed":0,"gold_gain":0,"player_choice":"Upgraded","damage_taken":0,"max_hp_gain":0,"max_hp_loss":0,"event_name":"Upgrade Shrine","floor":37,"gold_loss":0,"cards_upgraded":["Reaper"]},{"damage_healed":0,"gold_gain":0,"player_choice":"Memory 3","damage_taken":10,"max_hp_gain":0,"max_hp_loss":0,"event_name":"SensoryStone","floor":48,"gold_loss":0}],"is_beta":false,"boss_relics":[{"not_picked":["Ectoplasm","Black Star"],"picked":"Astrolabe"},{"not_picked":["Lizard Tail","Mark of Pain"],"picked":"Fusion Hammer"}],"items_purged_floors":[2,8,39],"is_endless":false,"potions_floor_spawned":[1,3,14,16,18,22,31,38,41,45,54],"ascension_level":14}