{"gold_per_floor":[113,133,52,62,62,89,89,104,104,4,17,43,53,65,65,169,169,154,79,79,95,95],"floor_reached":22,"playtime":1933,"items_purged":["Defend_G"],"score":263,"play_id":"44002038-6b74-4c93-a1b0-9ff9616e7645","local_time":"20190228000819","is_ascension_mode":true,"campfire_choices":[{"floor":7,"key":"REST"},{"floor":15,"key":"REST"}],"neow_cost":"TEN_PERCENT_HP_LOSS","seed_source_timestamp":0,"circlet_count":0,"master_deck":["Defend_G","Defend_G","Defend_G","Defend_G","Strike_G","Strike_G","Strike_G","Survivor","Neutralize","Dagger Spray","Backflip","Doppelganger","Blur","Catalyst","Catalyst","Deadly Poison","Backflip","Noxious Fumes","Outmaneuver","Flying Knee","Deflect","Glass Knife","Bane+1","Ghostly","Ghostly","Ghostly","Ghostly","Ghostly"],"special_seed":0,"relics":["Ring of the Serpent","WingedGreaves","FossilizedHelix","Gambling Chip"],"potions_floor_usage":[6,12,16,22],"damage_taken":[{"damage":0.0,"enemies":"2 Louse","floor":1.0,"turns":4.0},{"damage":0.0,"enemies":"Small Slimes","floor":2.0,"turns":4.0},{"damage":0.0,"enemies":"Cultist","floor":4.0,"turns":5.0},{"damage":32,"enemies":"3 Sentries","floor":6,"turns":7},{"damage":15,"enemies":"Large Slime","floor":8,"turns":10},{"damage":0,"enemies":"Looter","floor":11,"turns":5},{"damage":5,"enemies":"Lagavulin","floor":12,"turns":5},{"damage":0,"enemies":"2 Fungi Beasts","floor":13,"turns":4},{"damage":0,"enemies":"Blue Slaver","floor":14,"turns":5},{"damage":11,"enemies":"Hexaghost","floor":16,"turns":7},{"damage":23,"enemies":"2 Thieves","floor":18,"turns":4},{"damage":8,"enemies":"Spheric Guardian","floor":21,"turns":5},{"damage":9,"enemies":"Colosseum Slavers","floor":22,"turns":6},{"damage":52,"enemies":"Colosseum Nobs","floor":22,"turns":6}],"seed_played":"-4856525782929026010","potions_obtained":[{"floor":1.0,"key":"Strength Potion"},{"floor":2.0,"key":"GamblersBrew"},{"floor":6,"key":"Weak Potion"},{"floor":12,"key":"SkillPotion"},{"floor":14,"key":"GamblersBrew"},{"floor":18,"key":"Ancient Potion"}],"is_trial":false,"path_per_floor":["M","M","$","M","?","E","R","M","T","$","M","E","M","M","R","B",null,"M","$","?","M","?"],"character_chosen":"THE_SILENT","items_purchased":["Doppelganger","Deadly Poison","Backflip"],"campfire_rested":2,"item_purchase_floors":[3,10,10],"current_hp_per_floor":[63,63,63,63,63,31,49,34,34,34,34,29,29,29,47,36,63,40,40,31,23,0],"gold":95,"neow_bonus":"REMOVE_TWO","is_prod":false,"is_daily":false,"chose_seed":false,"campfire_upgraded":0,"win_rate":0,"timestamp":1551334099,"path_taken":["M","M","$","M","?","E","R","M","T","$","M","E","M","M","R","BOSS","M","$","?","M","?"],"build_version":"2019-01-23","purchased_purges":1,"victory":false,"max_hp_per_floor":[63,63,63,63,63,63,63,63,63,63,63,63,63,63,63,63,63,63,63,31,31,31],"card_choices":[{"not_picked":["Riddle With Holes","PiercingWail"],"picked":"Dagger Spray","floor":1.0},{"not_picked":["Blade Dance","Outmaneuver"],"picked":"Backflip","floor":2.0},{"not_picked":["Quick Slash","Deadly Poison"],"picked":"Blur","floor":4.0},{"not_picked":["Corpse Explosion","Backflip"],"picked":"Catalyst","floor":6},{"not_picked":["Flying Knee","Blur"],"picked":"Catalyst","floor":8},{"not_picked":["Dash","Underhanded Strike"],"picked":"Noxious Fumes","floor":11},{"not_picked":["Deflect","Distraction"],"picked":"Outmaneuver","floor":12},{"not_picked":["Accuracy","Dagger Throw"],"picked":"Flying Knee","floor":13},{"not_picked":["A Thousand Cuts","Quick Slash"],"picked":"Deflect","floor":14},{"not_picked":["Phantasmal Killer","Wraith Form v2"],"picked":"Glass Knife","floor":16},{"not_picked":["Slice","Outmaneuver"],"picked":"Bane+1","floor":18},{"not_picked":["Concentrate+1","Backflip","Escape Plan"],"picked":"SKIP","floor":21}],"player_experience":208752,"relics_obtained":[{"floor":6,"key":"WingedGreaves"},{"floor":9,"key":"FossilizedHelix"},{"floor":12,"key":"Gambling Chip"}],"event_choices":[{"damage_healed":0.0,"max_hp_gain":0.0,"max_hp_loss":0.0,"gold_gain":0.0,"event_name":"Shining Light","player_choice":"Ignored","floor":5.0,"gold_loss":0.0,"damage_taken":0.0},{"damage_healed":0,"gold_gain":0,"player_choice":"Became a Ghost","damage_taken":0,"max_hp_gain":0,"max_hp_loss":32,"event_name":"Ghosts","floor":20,"gold_loss":0,"cards_obtained":["Ghostly","Ghostly","Ghostly","Ghostly","Ghostly"]},{"damage_healed":0,"gold_gain":0,"player_choice":"Fight","damage_taken":0,"max_hp_gain":0,"max_hp_loss":0,"event_name":"Colosseum","floor":22,"gold_loss":0},{"damage_healed":0,"gold_gain":0,"player_choice":"Fought Nobs","damage_taken":0,"max_hp_gain":0,"max_hp_loss":0,"event_name":"Colosseum","floor":22,"gold_loss":0}],"is_beta":false,"boss_relics":[{"not_picked":["Calling Bell","Empty Cage"],"picked":"Ring of the Serpent"}],"items_purged_floors":[19],"is_endless":false,"potions_floor_spawned":[1,2,6,12,14,18],"killed_by":"Colosseum Nobs","ascension_level":4}