{"gold_per_floor":[113,213,229,249,268,268,283,318,318,352,368,368],"floor_reached":12,"playtime":906,"items_purged":[],"score":129,"play_id":"e474dc7c-8a4c-4e6c-8171-c404119a4b14","local_time":"20190203125342","is_ascension_mode":true,"campfire_choices":[{"data":"Neutralize","floor":6.0,"key":"SMITH"}],"neow_cost":"NONE","seed_source_timestamp":346204716892049,"circlet_count":0,"master_deck":["Defend_G","Defend_G","Defend_G","Defend_G","Defend_G","Strike_G","Strike_G","Strike_G","Strike_G","Strike_G","Survivor","Neutralize+1","Predator","Sucker Punch","Noxious Fumes","Dodge and Roll","Backstab","Dodge and Roll","PiercingWail"],"special_seed":0,"relics":["Ring of the Snake","Smiling Mask","Art of War","Juzu Bracelet"],"potions_floor_usage":[10,12,12],"damage_taken":[{"damage":2.0,"enemies":"2 Louse","floor":1.0,"turns":5.0},{"damage":1.0,"enemies":"Cultist","floor":3.0,"turns":3.0},{"damage":1.0,"enemies":"Small Slimes","floor":4.0,"turns":3.0},{"damage":0.0,"enemies":"Blue Slaver","floor":5.0,"turns":5.0},{"damage":4.0,"enemies":"Large Slime","floor":7.0,"turns":9.0},{"damage":26,"enemies":"Lagavulin","floor":8,"turns":10},{"damage":24,"enemies":"3 Sentries","floor":10,"turns":9},{"damage":3,"enemies":"3 Louse","floor":11,"turns":4},{"damage":13,"enemies":"Lagavulin","floor":12,"turns":5}],"seed_played":"-4203839655684780098","potions_obtained":[{"floor":7.0,"key":"SteroidPotion"},{"floor":8,"key":"Strength Potion"},{"floor":11,"key":"Weak Potion"}],"is_trial":false,"path_per_floor":["M","?","M","M","M","R","M","E","T","E","M","E"],"character_chosen":"THE_SILENT","items_purchased":[],"campfire_rested":0,"item_purchase_floors":[],"current_hp_per_floor":[68,68,67,66,66,66,62,36,36,12,9,0],"gold":368,"neow_bonus":"TEN_PERCENT_HP_BONUS","is_prod":false,"is_daily":false,"chose_seed":false,"campfire_upgraded":1,"win_rate":0,"timestamp":1549227222,"path_taken":["M","?","?","M","M","R","?","E","T","E","M","E"],"build_version":"2019-01-23","purchased_purges":0,"victory":false,"max_hp_per_floor":[77,77,77,77,77,77,77,77,77,77,77,77],"card_choices":[{"not_picked":["Bane","Underhanded Strike"],"picked":"Predator","floor":1.0},{"not_picked":["Underhanded Strike","PiercingWail"],"picked":"Sucker Punch","floor":3.0},{"not_picked":["Outmaneuver","Poisoned Stab"],"picked":"Noxious Fumes","floor":4.0},{"not_picked":["Dagger Throw","Concentrate"],"picked":"Dodge and Roll","floor":5.0},{"not_picked":["Prepared","Concentrate","Bane"],"picked":"SKIP","floor":7.0},{"not_picked":["Flechettes","Underhanded Strike"],"picked":"Backstab","floor":8},{"not_picked":["Prepared","Dagger Throw"],"picked":"Dodge and Roll","floor":10},{"not_picked":["Sucker Punch","Reflex"],"picked":"PiercingWail","floor":11}],"player_experience":423314,"relics_obtained":[{"floor":8,"key":"Smiling Mask"},{"floor":9,"key":"Art of War"},{"floor":10,"key":"Juzu Bracelet"}],"event_choices":[{"damage_healed":0.0,"max_hp_gain":0.0,"max_hp_loss":0.0,"gold_gain":100.0,"event_name":"Golden Shrine","player_choice":"Pray","floor":2.0,"gold_loss":0.0,"damage_taken":0.0}],"is_beta":false,"boss_relics":[],"items_purged_floors":[],"is_endless":false,"potions_floor_spawned":[7,8,11],"killed_by":"Lagavulin","ascension_level":8}