{"gold_per_floor":[112,125,125,125,43,43,76,93,166,180,199,27,44,63,63,167,167,185,185,185,185,155,155],"floor_reached":23,"playtime":1776,"items_purged":["Strike_G"],"score":328,"play_id":"51020c00-1654-4f16-8ea2-b5a7a6ae9a14","local_time":"20180929073528","is_ascension_mode":true,"campfire_choices":[{"floor":6.0,"key":"REST"},{"data":"Footwork","floor":15.0,"key":"SMITH"}],"neow_cost":"NONE","seed_source_timestamp":0,"circlet_count":0,"master_deck":["Defend_G+1","Defend_G+1","Defend_G+1","Defend_G+1","Defend_G+1","Strike_G+1","Strike_G+1","Strike_G+1","Survivor","Neutralize","Reflex","Flying Knee","Dagger Throw","Footwork+1","Dodge and Roll","Noxious Fumes","Predator","Deflect","After Image","Backflip","Infinite Blades","Tactician","Acrobatics","Venomology","Catalyst","Well Laid Plans"],"special_seed":0,"relics":["Ring of the Snake","Art of War","Ancient Tea Set","Sundial","Coffee Dripper"],"potions_floor_usage":[23],"damage_taken":[{"damage":6.0,"enemies":"Cultist","floor":1.0,"turns":5.0},{"damage":1.0,"enemies":"Jaw Worm","floor":2.0,"turns":4.0},{"damage":26.0,"enemies":"3 Sentries","floor":7.0,"turns":11.0},{"damage":0.0,"enemies":"2 Louse","floor":8.0,"turns":3.0},{"damage":0.0,"enemies":"Looter","floor":10.0,"turns":5.0},{"damage":0.0,"enemies":"Blue Slaver","floor":11.0,"turns":5.0},{"damage":0.0,"enemies":"3 Louse","floor":13.0,"turns":3.0},{"damage":4.0,"enemies":"Looter","floor":14.0,"turns":3.0},{"damage":0.0,"enemies":"The Guardian","floor":16.0,"turns":11.0},{"damage":0.0,"enemies":"Spheric Guardian","floor":18.0,"turns":7.0},{"damage":0.0,"enemies":"2 Thieves","floor":22.0,"turns":5.0},{"damage":68,"enemies":"Gremlin Leader","floor":23,"turns":4}],"seed_played":"-4571401524731016652","potions_obtained":[{"floor":2.0,"key":"SkillPotion"},{"floor":7.0,"key":"SteroidPotion"},{"floor":8.0,"key":"Poison Potion"},{"floor":14.0,"key":"Fire Potion"},{"floor":16.0,"key":"SteroidPotion"},{"floor":18.0,"key":"Swift Potion"}],"is_trial":false,"path_per_floor":["M","M","?","?","$","R","E","M","T","M","M","$","M","M","R","B",null,"M","?","?","?","M"],"character_chosen":"THE_SILENT","items_purchased":["Footwork","Dodge and Roll","Backflip","Infinite Blades"],"campfire_rested":1,"item_purchase_floors":[5,5,12,12],"current_hp_per_floor":[57,56,44,30,30,51,25,25,25,25,25,25,25,21,21,21,58,58,58,58,58,58,0],"gold":155,"neow_bonus":"TRANSFORM_CARD","is_prod":false,"is_daily":false,"chose_seed":false,"campfire_upgraded":1,"win_rate":0,"timestamp":1538181328,"path_taken":["M","?","?","?","$","R","E","?","T","M","?","?","M","M","R","BOSS","M","?","?","?","M","E"],"build_version":"2018-09-27","purchased_purges":1,"victory":false,"max_hp_per_floor":[70,70,70,70,70,70,70,70,70,70,70,70,70,70,70,70,70,70,70,70,70,70,70],"card_choices":[{"not_picked":["Quick Slash","Blur"],"picked":"Flying Knee","floor":1.0},{"not_picked":["Deadly Poison","Quick Slash"],"picked":"Dagger Throw","floor":2.0},{"not_picked":["Catalyst","Poisoned Stab"],"picked":"Noxious Fumes","floor":7.0},{"not_picked":["Skewer","Underhanded Strike"],"picked":"Predator","floor":8.0},{"not_picked":["Infinite Blades","Flying Knee"],"picked":"Deflect","floor":10.0},{"not_picked":["Poisoned Stab","Eviscerate"],"picked":"After Image","floor":11.0},{"not_picked":["Flechettes","Predator"],"picked":"Tactician","floor":13.0},{"not_picked":["PiercingWail","Sucker Punch"],"picked":"Acrobatics","floor":14.0},{"not_picked":["Glass Knife","Wraith Form v2"],"picked":"Venomology","floor":16.0},{"not_picked":["Deadly Poison+1","Outmaneuver"],"picked":"Catalyst","floor":18.0},{"not_picked":["Dagger Spray","Finisher","Reflex"],"picked":"SKIP","floor":22.0}],"player_experience":254071,"relics_obtained":[{"floor":7.0,"key":"Ancient Tea Set"},{"floor":9.0,"key":"Sundial"}],"event_choices":[{"event_name":"Scrap Ooze","player_choice":"success","floor":3.0,"damage_taken":12.0},{"event_name":"Shining Light","player_choice":"Entered Light","floor":4.0,"damage_taken":0.0},{"event_name":"The Library","player_choice":"Read","floor":19.0,"damage_taken":0.0},{"event_name":"Back to Basics","player_choice":"Simplicity","floor":20.0,"damage_taken":0.0},{"event_name":"Vampires","player_choice":"Ignored","floor":21.0,"damage_taken":0.0}],"is_beta":false,"boss_relics":[{"not_picked":["Orrery","Lizard Tail"],"picked":"Coffee Dripper"}],"items_purged_floors":[12],"is_endless":false,"potions_floor_spawned":[2,7,8,14,16,18],"killed_by":"Gremlin Leader","ascension_level":7}