{"gold_per_floor":[109,122,122,122,9,52,52,52,78,78,91,105,105,105,105,105],"floor_reached":16,"playtime":476,"items_purged":["Regret"],"score":167,"play_id":"f5c56c4c-fe18-4823-a8eb-797b315a1ca2","local_time":"20190226161943","is_ascension_mode":true,"campfire_choices":[{"floor":7,"key":"REST"},{"data":"Zap","floor":10,"key":"SMITH"},{"floor":13,"key":"REST"},{"data":"Streamline","floor":15,"key":"SMITH"}],"neow_cost":"NONE","seed_source_timestamp":939135019257117,"circlet_count":0,"master_deck":["AscendersBane","Strike_B","Strike_B","Strike_B","Strike_B","Defend_B","Defend_B","Defend_B","Defend_B","Zap+1","Dualcast","Sweeping Beam","Streamline+1","Genetic Algorithm","Leap","Pain","Go for the Eyes","Skim"],"relics":["Cracked Core","Golden Idol","Pantograph","Blood Vial","WarpedTongs","Ancient Tea Set","Vajra"],"potions_floor_usage":[16,16],"damage_taken":[{"damage":9,"enemies":"Small Slimes","floor":1,"turns":4},{"damage":15,"enemies":"2 Louse","floor":2,"turns":2},{"damage":32,"enemies":"Gremlin Nob","floor":6,"turns":4},{"damage":3,"enemies":"Cultist","floor":11,"turns":3},{"damage":15,"enemies":"Exordium Thugs","floor":12,"turns":4},{"damage":70,"enemies":"Hexaghost","floor":16,"turns":14}],"seed_played":"-7324121251866920458","potions_obtained":[{"floor":6,"key":"EssenceOfSteel"},{"floor":12,"key":"Swift Potion"}],"is_trial":false,"path_per_floor":["M","M","?","?","$","E","R","?","T","R","M","M","R","T","R","B"],"character_chosen":"DEFECT","items_purchased":["Genetic Algorithm"],"campfire_rested":2,"item_purchase_floors":[5],"current_hp_per_floor":[62,47,47,47,47,15,36,36,36,36,35,22,43,43,43,0],"gold":105,"neow_bonus":"TEN_PERCENT_HP_BONUS","is_prod":false,"is_daily":false,"chose_seed":false,"campfire_upgraded":2,"win_rate":0,"timestamp":1551176383,"path_taken":["M","M","?","?","$","E","R","?","T","R","?","M","R","?","R","BOSS"],"build_version":"2019-01-23","purchased_purges":1,"victory":false,"max_hp_per_floor":[78,78,72,72,72,72,72,72,72,72,72,72,72,72,72,72],"card_choices":[{"not_picked":["Static Discharge","Beam Cell"],"picked":"Sweeping Beam","floor":1},{"not_picked":["Sweeping Beam","Beam Cell"],"picked":"Streamline","floor":2},{"not_picked":["Melter","Ball Lightning"],"picked":"Leap","floor":6},{"not_picked":["Capacitor","Storm"],"picked":"Go for the Eyes","floor":11},{"not_picked":["Ball Lightning","Rebound"],"picked":"Skim","floor":12}],"player_experience":891202,"relics_obtained":[{"floor":6,"key":"Blood Vial"},{"floor":9,"key":"Ancient Tea Set"},{"floor":14,"key":"Vajra"}],"event_choices":[{"damage_healed":0,"gold_gain":0,"player_choice":"Lose Max HP","damage_taken":0,"relics_obtained":["Golden Idol"],"max_hp_gain":0,"max_hp_loss":6,"event_name":"Golden Idol","floor":3,"gold_loss":0},{"damage_healed":0,"gold_gain":0,"player_choice":"Box","damage_taken":0,"relics_obtained":["Pantograph"],"max_hp_gain":0,"max_hp_loss":0,"event_name":"Big Fish","floor":4,"gold_loss":0,"cards_obtained":["Regret"]},{"damage_healed":0,"gold_gain":0,"player_choice":"Rummage","damage_taken":0,"relics_obtained":["WarpedTongs"],"max_hp_gain":0,"max_hp_loss":0,"event_name":"Accursed Blacksmith","floor":8,"gold_loss":0,"cards_obtained":["Pain"]}],"is_beta":false,"boss_relics":[],"items_purged_floors":[5],"is_endless":false,"potions_floor_spawned":[6,12],"killed_by":"Hexaghost","ascension_level":14}