{"gold_per_floor":[213,28,39,58,8,8,37,37,37,112,112,112,122,140,140,242,242,259,277,300,314,414,443,543,561,561,594,620,620,55,70,70,174,174,184,184,201,219,237,269,269,71,71,95,105,150,183,208,220,232],"floor_reached":51,"playtime":5053,"items_purged":[],"score":1086,"play_id":"94d9a077-d006-4959-a38a-70c5a51d5998","local_time":"20180929054449","is_ascension_mode":true,"campfire_choices":[{"data":"Neutralize","floor":6.0,"key":"SMITH"},{"data":"Glass Knife","floor":8.0,"key":"SMITH"},{"data":"Dash","floor":12.0,"key":"SMITH"},{"floor":15.0,"key":"REST"},{"data":"Envenom","floor":29.0,"key":"SMITH"},{"data":"After Image","floor":32.0,"key":"SMITH"},{"data":"Footwork","floor":41,"key":"SMITH"},{"data":"Sadistic Nature","floor":49,"key":"SMITH"}],"neow_cost":"NONE","seed_source_timestamp":0,"circlet_count":0,"master_deck":["Defend_G","Defend_G","Defend_G","Defend_G","Defend_G","Strike_G","Strike_G","Strike_G","Strike_G","Survivor","Neutralize+1","Backflip","Dash+1","Cloak And Dagger","Predator","Glass Knife+1","Deflect+1","Blur+1","Venomology+1","Well Laid Plans","Cloak And Dagger+1","After Image+1","Dagger Spray+1","Corpse Explosion+1","Deflect+1","Dodge and Roll+1","Envenom+1","Crippling Poison+1","Catalyst+1","PiercingWail+1","Backflip+1","Burst+1","Sadistic Nature+1","Backflip+1","Adrenaline+1","Dodge and Roll+1","Heel Hook+1","Deflect+1","Footwork+1","Blur+1","Choke+1","Flechettes+1","Phantasmal Killer+1","Outmaneuver+1"],"special_seed":0,"relics":["Ring of the Snake","Tiny Chest","Mercury Hourglass","Toxic Egg 2","Question Card","Coffee Dripper","Snake Skull","Bird Faced Urn","Molten Egg 2","Ice Cream","Orichalcum","Red Mask","The Courier","Vajra","Busted Crown","Torii","Dodecahedron","Mummified Hand","Matryoshka","Regal Pillow","PreservedInsect","Thread and Needle","MawBank"],"potions_floor_usage":[33,33,37,38,38,40,40,45,48,48,50,50,50,50],"damage_taken":[{"damage":6.0,"enemies":"Cultist","floor":1.0,"turns":5.0},{"damage":1.0,"enemies":"2 Louse","floor":3.0,"turns":4.0},{"damage":0.0,"enemies":"Small Slimes","floor":4.0,"turns":4.0},{"damage":19.0,"enemies":"Gremlin Nob","floor":7.0,"turns":5.0},{"damage":1.0,"enemies":"Looter","floor":13.0,"turns":3.0},{"damage":0.0,"enemies":"Red Slaver","floor":14.0,"turns":2.0},{"damage":49.0,"enemies":"The Guardian","floor":16.0,"turns":17.0},{"damage":1.0,"enemies":"Shell Parasite","floor":18.0,"turns":3.0},{"damage":0.0,"enemies":"Chosen","floor":19.0,"turns":4.0},{"damage":0.0,"enemies":"Centurion and Healer","floor":21.0,"turns":8.0},{"damage":2.0,"enemies":"Colosseum Slavers","floor":22.0,"turns":4.0},{"damage":20.0,"enemies":"Colosseum Nobs","floor":22.0,"turns":7.0},{"damage":20.0,"enemies":"Book of Stabbing","floor":23.0,"turns":7.0},{"damage":8.0,"enemies":"Shelled Parasite and Fungi","floor":25.0,"turns":5.0},{"damage":11.0,"enemies":"Masked Bandits","floor":27.0,"turns":4.0},{"damage":0.0,"enemies":"Gremlin Leader","floor":28.0,"turns":8.0},{"damage":0.0,"enemies":"Sentry and Sphere","floor":31.0,"turns":5.0},{"damage":15,"enemies":"Collector","floor":33,"turns":8},{"damage":0,"enemies":"3 Darklings","floor":35,"turns":4},{"damage":0,"enemies":"Mind Bloom Boss Battle","floor":36,"turns":5},{"damage":0,"enemies":"3 Shapes","floor":37,"turns":3},{"damage":0,"enemies":"Spire Growth","floor":38,"turns":4},{"damage":0,"enemies":"3 Darklings","floor":39,"turns":2},{"damage":0,"enemies":"Giant Head","floor":40,"turns":7},{"damage":0,"enemies":"Sphere and 2 Shapes","floor":45,"turns":3},{"damage":0,"enemies":"Mysterious Sphere","floor":46,"turns":2},{"damage":0,"enemies":"2 Orb Walkers","floor":47,"turns":2},{"damage":0,"enemies":"Maw","floor":48,"turns":6},{"damage":1,"enemies":"Time Eater","floor":50,"turns":13}],"seed_played":"2884765645058025580","potions_obtained":[{"floor":4.0,"key":"Regen Potion"},{"floor":7.0,"key":"Ancient Potion"},{"floor":16.0,"key":"Energy Potion"},{"floor":18.0,"key":"Weak Potion"},{"floor":23.0,"key":"Explosive Potion"},{"floor":25.0,"key":"LiquidBronze"},{"floor":33,"key":"AttackPotion"},{"floor":38,"key":"Dexterity Potion"},{"floor":40,"key":"SkillPotion"}],"is_trial":false,"path_per_floor":["M","$","M","M","?","R","E","R","T","?","T","R","M","M","R","B",null,"M","M","T","M","?","E","?","M","T","?","E","R","$","M","R","B",null,"M","?","M","M","M","E","R","$","T","T","M","?","E","M","R","B"],"character_chosen":"THE_SILENT","items_purchased":["Tiny Chest","Dash","Crippling Poison+1","Catalyst+1","PiercingWail+1","Backflip+1","Burst+1","Vajra","Sadistic Nature","Mummified Hand"],"campfire_rested":1,"item_purchase_floors":[2,2,30,30,30,30,30,30,30,42],"current_hp_per_floor":[57,57,56,56,56,56,51,51,51,40,40,40,39,39,60,11,55,54,54,54,54,32,16,16,12,12,3,7,7,7,13,13,6,54,62,70,70,70,70,70,70,70,70,70,70,70,70,70,70,69],"gold":244,"neow_bonus":"HUNDRED_GOLD","is_prod":false,"is_daily":false,"chose_seed":false,"campfire_upgraded":7,"win_rate":0,"timestamp":1538174689,"path_taken":["M","?","?","M","?","R","E","R","T","?","?","R","M","M","R","BOSS","M","M","?","M","?","E","?","M","T","?","E","R","$","?","R","BOSS","M","?","M","M","M","E","R","$","T","?","?","?","E","M","R","BOSS"],"build_version":"2018-09-27","purchased_purges":0,"victory":true,"max_hp_per_floor":[70,70,70,70,70,70,70,70,70,70,70,70,70,70,70,70,70,70,70,70,70,70,70,70,70,70,70,70,70,70,70,70,70,70,70,70,70,70,70,70,70,70,70,70,70,70,70,70,70,70],"card_choices":[{"not_picked":["Flechettes","Prepared"],"picked":"Backflip","floor":1.0},{"not_picked":["Infinite Blades","Deadly Poison"],"picked":"Cloak And Dagger","floor":3.0},{"not_picked":["Setup","Backflip"],"picked":"Predator","floor":4.0},{"not_picked":["Sucker Punch","Reflex"],"picked":"Glass Knife","floor":7.0},{"not_picked":["Dagger Spray","Poisoned Stab","Endless Agony"],"picked":"Deflect+1","floor":13.0},{"not_picked":["Setup+1","Outmaneuver+1","Eviscerate"],"picked":"Blur+1","floor":14.0},{"not_picked":["Grand Finale","Doppelganger+1","Glass Knife"],"picked":"Venomology+1","floor":16.0},{"not_picked":["Prepared+1","Poisoned Stab","Bane"],"picked":"Well Laid Plans","floor":18.0},{"not_picked":["Heel Hook","Blade Dance+1","Deflect+1"],"picked":"Cloak And Dagger+1","floor":19.0},{"not_picked":["Sucker Punch","PiercingWail+1","Bane"],"picked":"After Image","floor":21.0},{"not_picked":["Bane","Setup+1","Deadly Poison+1"],"picked":"Dagger Spray","floor":22.0},{"not_picked":["Backflip+1","Reflex+1","Eviscerate+1"],"picked":"Corpse Explosion+1","floor":23.0},{"not_picked":["Backflip+1","Slice+1","Outmaneuver+1"],"picked":"Deflect+1","floor":25.0},{"not_picked":["Caltrops+1","Outmaneuver+1","Slice+1"],"picked":"Dodge and Roll+1","floor":27.0},{"not_picked":["Heel Hook+1","Blur+1","Crippling Poison+1"],"picked":"Envenom","floor":28.0},{"not_picked":["Dagger Throw+1","Sucker Punch+1","Heel Hook+1"],"picked":"Backflip+1","floor":31.0},{"not_picked":["Night Terror+1","Die Die Die+1","Grand Finale+1"],"picked":"Adrenaline+1","floor":33},{"not_picked":["Quick Slash+1"],"picked":"Dodge and Roll+1","floor":35},{"not_picked":["Predator+1"],"picked":"Heel Hook+1","floor":36},{"not_picked":["All Out Attack+1"],"picked":"Deflect+1","floor":37},{"not_picked":["Slice+1"],"picked":"Footwork","floor":38},{"not_picked":["Backflip+1"],"picked":"Blur+1","floor":39},{"not_picked":["Glass Knife+1"],"picked":"Choke+1","floor":40},{"not_picked":["Setup+1"],"picked":"Flechettes+1","floor":45},{"not_picked":["PiercingWail+1"],"picked":"Phantasmal Killer+1","floor":47},{"not_picked":["Expertise+1"],"picked":"Outmaneuver+1","floor":48}],"player_experience":249018,"relics_obtained":[{"floor":7.0,"key":"Mercury Hourglass"},{"floor":9.0,"key":"Toxic Egg 2"},{"floor":11.0,"key":"Question Card"},{"floor":20.0,"key":"Snake Skull"},{"floor":22.0,"key":"Bird Faced Urn"},{"floor":22.0,"key":"Molten Egg 2"},{"floor":23.0,"key":"Ice Cream"},{"floor":26.0,"key":"Orichalcum"},{"floor":27.0,"key":"Red Mask"},{"floor":28.0,"key":"The Courier"},{"floor":36,"key":"Torii"},{"floor":40,"key":"Dodecahedron"},{"floor":43,"key":"Matryoshka"},{"floor":44,"key":"Regal Pillow"},{"floor":44,"key":"PreservedInsect"},{"floor":46,"key":"Thread and Needle"},{"floor":47,"key":"MawBank"}],"event_choices":[{"event_name":"The Cleric","player_choice":"Card Removal","floor":5.0,"damage_taken":0.0},{"event_name":"World of Goop","player_choice":"Gather Gold","floor":10.0,"damage_taken":0.0},{"event_name":"Colosseum","player_choice":"Fight","floor":22.0,"damage_taken":0.0},{"event_name":"Colosseum","player_choice":"Fought Nobs","floor":22.0,"damage_taken":0.0},{"event_name":"Golden Shrine","player_choice":"Pray","floor":24.0,"damage_taken":0.0},{"event_name":"Masked Bandits","player_choice":"Fought Bandits","floor":27.0,"damage_taken":0.0},{"event_name":"MindBloom","player_choice":"Fight","floor":36,"damage_taken":0},{"event_name":"Mysterious Sphere","player_choice":"Fight","floor":46,"damage_taken":0}],"is_beta":false,"boss_relics":[{"not_picked":["Lizard Tail","White Beast Statue"],"picked":"Coffee Dripper"},{"not_picked":["HoveringKite","Tiny House"],"picked":"Busted Crown"}],"items_purged_floors":[],"is_endless":false,"potions_floor_spawned":[4,7,16,18,22,23,25,33,38,39,40,47,48],"ascension_level":6}