{"gold_per_floor":[114,214,232,157,176,176,191,206,206,234,253,253,270,290,290,388,388,399,399,413,413,431,431,463,476,476,495,495,512,259,274,274,375,375,390,390,400,400,417,417,417,28,78,78,88,188,200,211,211,211],"floor_reached":50,"playtime":3775,"items_purged":["Defend_G","Strike_G","Strike_G"],"score":477,"play_id":"c62493b9-5d33-4abd-98e2-d1802b7009be","local_time":"20181111020827","is_ascension_mode":false,"campfire_choices":[{"data":"Blur","floor":6,"key":"SMITH"},{"floor":12,"key":"REST"},{"floor":15,"key":"REST"},{"floor":23,"key":"REST"},{"floor":28,"key":"REST"},{"data":"Defend_G","floor":32,"key":"PURGE"},{"floor":40,"key":"REST"},{"floor":49,"key":"REST"}],"neow_cost":"NONE","seed_source_timestamp":2771478908612099,"circlet_count":0,"master_deck":["Defend_G","Defend_G","Strike_G","Strike_G","Survivor","Neutralize","Blur+1","Well Laid Plans","Footwork","Backstab","Leg Sweep","Corpse Explosion","Dash","Dash","Noxious Fumes","Blur","A Thousand Cuts","Panache","Doubt","Apotheosis","Well Laid Plans","Doubt","Parasite","Corpse Explosion"],"relics":["Cursed Key","Peace Pipe","Sozu","MutagenicStrength","Red Mask","Empty Cage","Prayer Wheel","Pen Nib","Ice Cream"],"potions_floor_usage":[11,16,16,16,33],"damage_taken":[{"damage":0,"enemies":"Small Slimes","floor":1,"turns":4},{"damage":0,"enemies":"Cultist","floor":3,"turns":3},{"damage":0,"enemies":"2 Louse","floor":5,"turns":3},{"damage":4,"enemies":"Exordium Wildlife","floor":7,"turns":5},{"damage":0,"enemies":"Large Slime","floor":8,"turns":10},{"damage":58,"enemies":"Gremlin Nob","floor":10,"turns":7},{"damage":2,"enemies":"Blue Slaver","floor":11,"turns":4},{"damage":0,"enemies":"2 Fungi Beasts","floor":13,"turns":5},{"damage":15,"enemies":"Gremlin Gang","floor":14,"turns":8},{"damage":25,"enemies":"Slime Boss","floor":16,"turns":18},{"damage":20,"enemies":"2 Thieves","floor":18,"turns":3},{"damage":0,"enemies":"3 Byrds","floor":20,"turns":2},{"damage":7,"enemies":"Centurion and Healer","floor":22,"turns":8},{"damage":16,"enemies":"Masked Bandits","floor":24,"turns":4},{"damage":0,"enemies":"Snake Plant","floor":25,"turns":5},{"damage":0,"enemies":"3 Cultists","floor":27,"turns":3},{"damage":0,"enemies":"Centurion and Healer","floor":29,"turns":6},{"damage":6,"enemies":"Snecko","floor":31,"turns":6},{"damage":10,"enemies":"Champ","floor":33,"turns":15},{"damage":3,"enemies":"3 Darklings","floor":35,"turns":4},{"damage":1,"enemies":"Orb Walker","floor":37,"turns":5},{"damage":37,"enemies":"Jaw Worm Horde","floor":39,"turns":3},{"damage":0,"enemies":"Maw","floor":45,"turns":9},{"damage":14,"enemies":"Mind Bloom Boss Battle","floor":46,"turns":9},{"damage":17,"enemies":"Writhing Mass","floor":47,"turns":7},{"damage":17,"enemies":"4 Shapes","floor":48,"turns":4},{"damage":24,"enemies":"Donu and Deca","floor":50,"turns":3}],"seed_played":"-3312997928216878850","potions_obtained":[{"floor":1,"key":"GamblersBrew"},{"floor":3,"key":"AttackPotion"},{"floor":7,"key":"Energy Potion"},{"floor":11,"key":"Strength Potion"},{"floor":16,"key":"Strength Potion"}],"is_trial":false,"path_per_floor":["M","?","M","$","M","R","M","M","T","E","M","R","M","M","R","B",null,"M","?","M","?","M","R","?","M","T","M","R","M","$","M","R","B",null,"M","?","M","T","M","R","?","$","T","$","M","?","M","M","R","B"],"character_chosen":"THE_SILENT","items_purchased":["Blur","A Thousand Cuts","Apotheosis","Well Laid Plans"],"campfire_rested":6,"item_purchase_floors":[30,30,42,42],"current_hp_per_floor":[70,70,70,70,70,70,66,66,66,8,6,27,27,12,33,8,70,50,50,50,50,43,64,48,48,48,48,69,69,69,63,63,53,70,67,67,66,66,29,50,50,50,50,50,50,36,19,2,23,0],"gold":211,"neow_bonus":"BOSS_RELIC","is_prod":false,"is_daily":false,"chose_seed":false,"campfire_upgraded":1,"win_rate":0.0,"timestamp":1541923707,"path_taken":["M","?","?","$","?","R","M","?","T","E","M","R","?","M","R","BOSS","M","?","M","?","M","R","?","?","T","M","R","M","$","M","R","BOSS","M","?","M","?","M","R","?","$","T","$","M","?","M","M","R","BOSS"],"build_version":"2018-11-08","purchased_purges":3,"victory":false,"max_hp_per_floor":[70,70,70,70,70,70,70,70,70,70,70,70,70,70,70,70,70,70,70,70,70,70,70,70,70,70,70,70,70,70,70,70,70,70,70,70,70,70,70,70,70,70,70,70,70,70,70,70,70,70],"card_choices":[{"not_picked":["Heel Hook","PiercingWail","Endless Agony"],"picked":"SKIP","floor":1},{"not_picked":["Sucker Punch","Eviscerate"],"picked":"Blur","floor":3},{"not_picked":["Backflip","Poisoned Stab","Bane"],"picked":"SKIP","floor":5},{"not_picked":["Underhanded Strike","Bane"],"picked":"Well Laid Plans","floor":7},{"not_picked":["Quick Slash","Reflex"],"picked":"Footwork","floor":8},{"not_picked":["Deflect","Well Laid Plans"],"picked":"Backstab","floor":10},{"not_picked":["Underhanded Strike","Tactician","Poisoned Stab"],"picked":"SKIP","floor":11},{"not_picked":["Deflect","Die Die Die","Bouncing Flask"],"picked":"SKIP","floor":13},{"not_picked":["Tactician","Masterful Stab"],"picked":"Leg Sweep","floor":14},{"not_picked":["Glass Knife","Night Terror"],"picked":"Corpse Explosion","floor":16},{"not_picked":["Poisoned Stab","Slice+1"],"picked":"Dash","floor":18},{"not_picked":["Predator+1","Dagger Throw","Bane"],"picked":"SKIP","floor":20},{"not_picked":["Flechettes+1","Poisoned Stab+1"],"picked":"Infinite Blades","floor":22},{"not_picked":["Dagger Throw+1","Finisher","Outmaneuver"],"picked":"SKIP","floor":25},{"not_picked":["PiercingWail","Flying Knee+1"],"picked":"Noxious Fumes","floor":27},{"not_picked":["Acrobatics","Prepared+1","Underhanded Strike"],"picked":"SKIP","floor":29},{"not_picked":["Dodge and Roll","Outmaneuver","Crippling Poison"],"picked":"SKIP","floor":31},{"not_picked":["Poisoned Stab+1","Dagger Throw+1","Flying Knee+1"],"picked":"SKIP","floor":35},{"not_picked":["Madness","Finesse"],"picked":"Panache","floor":36},{"not_picked":["Slice","Dagger Throw","Flechettes"],"picked":"SKIP","floor":37},{"not_picked":["Tactician+1","Escape Plan+1","Quick Slash+1"],"picked":"SKIP","floor":39},{"not_picked":["Deflect","Slice","PiercingWail+1"],"picked":"SKIP","floor":39},{"not_picked":["Backflip+1","Underhanded Strike+1","Envenom"],"picked":"SKIP","floor":45},{"not_picked":["Dagger Throw","Deadly Poison","Deflect+1"],"picked":"SKIP","floor":45},{"not_picked":["All Out Attack+1","Outmaneuver","Catalyst"],"picked":"SKIP","floor":47},{"not_picked":["Deadly Poison+1","Dodge and Roll+1","Finisher"],"picked":"SKIP","floor":47},{"not_picked":["Deadly Poison","Blade Dance+1"],"picked":"Corpse Explosion","floor":48},{"not_picked":["Expertise","Slice+1","Calculated Gamble"],"picked":"SKIP","floor":48}],"player_experience":103200,"relics_obtained":[{"floor":10,"key":"Peace Pipe"},{"floor":24,"key":"Red Mask"},{"floor":38,"key":"Prayer Wheel"},{"floor":43,"key":"Pen Nib"},{"floor":46,"key":"Ice Cream"}],"event_choices":[{"damage_healed":0,"gold_gain":100,"player_choice":"Pray","damage_taken":0,"max_hp_gain":0,"max_hp_loss":0,"event_name":"Golden Shrine","floor":2,"gold_loss":0},{"damage_healed":0,"gold_gain":0,"player_choice":"Read","damage_taken":0,"max_hp_gain":0,"max_hp_loss":0,"event_name":"The Library","floor":19,"gold_loss":0,"cards_obtained":["Dash"]},{"damage_healed":0,"gold_gain":0,"player_choice":"Inject Mutagens","damage_taken":0,"relics_obtained":["MutagenicStrength"],"max_hp_gain":0,"max_hp_loss":0,"event_name":"Drug Dealer","floor":21,"gold_loss":0},{"damage_healed":0,"gold_gain":0,"player_choice":"Fought Bandits","damage_taken":0,"max_hp_gain":0,"max_hp_loss":0,"event_name":"Masked Bandits","floor":24,"gold_loss":0},{"damage_healed":0,"gold_gain":0,"player_choice":"Memory 1","damage_taken":0,"max_hp_gain":0,"max_hp_loss":0,"event_name":"SensoryStone","floor":36,"gold_loss":0},{"cards_removed":["Infinite Blades"],"damage_healed":0,"gold_gain":0,"player_choice":"Removed Power","damage_taken":0,"max_hp_gain":0,"max_hp_loss":0,"event_name":"Falling","floor":41,"gold_loss":0},{"damage_healed":0,"gold_gain":0,"player_choice":"Fight","damage_taken":0,"max_hp_gain":0,"max_hp_loss":0,"event_name":"MindBloom","floor":46,"gold_loss":0}],"is_beta":false,"boss_relics":[{"not_picked":["White Beast Statue","Astrolabe"],"picked":"Sozu"},{"not_picked":["Velvet Choker","WristBlade"],"picked":"Empty Cage"}],"items_purged_floors":[4,30,42],"is_endless":false,"potions_floor_spawned":[1,3,7,11,16,18,22,27,33,37,39,48],"killed_by":"Donu and Deca","ascension_level":0}