{"gold_per_floor":[12,23,23,34,34,34,64,77,103,115,115,142,142,142,142,142],"floor_reached":16,"playtime":1110,"items_purged":[],"score":157,"play_id":"9e639fe6-ab84-4efe-8d0f-17b5e87c0315","local_time":"20190123075909","is_ascension_mode":true,"campfire_choices":[{"data":"Bash","floor":6,"key":"SMITH"},{"floor":11,"key":"REST"},{"floor":15,"key":"REST"}],"neow_cost":"NO_GOLD","seed_source_timestamp":1135411477132662,"circlet_count":0,"master_deck":["Strike_R","Strike_R","Strike_R","Strike_R","Defend_R","Defend_R","Defend_R+1","Defend_R+1","Bash+1","Battle Trance"],"relics":["Burning Blood","Juzu Bracelet","Smiling Mask","Regal Pillow"],"potions_floor_usage":[7,7,12,16,16,16],"damage_taken":[{"damage":2,"enemies":"2 Louse","floor":1,"turns":4},{"damage":7,"enemies":"Jaw Worm","floor":2,"turns":5},{"damage":0,"enemies":"Cultist","floor":4,"turns":3},{"damage":32,"enemies":"Gremlin Nob","floor":7,"turns":4},{"damage":15,"enemies":"2 Fungi Beasts","floor":8,"turns":4},{"damage":30,"enemies":"Gremlin Gang","floor":10,"turns":7},{"damage":48,"enemies":"Lagavulin","floor":12,"turns":11},{"damage":54,"enemies":"Slime Boss","floor":16,"turns":7}],"seed_played":"5584273039235622767","potions_obtained":[{"floor":1,"key":"PowerPotion"},{"floor":4,"key":"Strength Potion"},{"floor":8,"key":"LiquidBronze"},{"floor":14,"key":"SteroidPotion"},{"floor":14,"key":"Fire Potion"},{"floor":14,"key":"FearPotion"}],"is_trial":false,"path_per_floor":["M","M","?","M","$","R","E","M","T","M","R","E","?","?","R","B"],"character_chosen":"IRONCLAD","items_purchased":[],"campfire_rested":2,"item_purchase_floors":[],"current_hp_per_floor":[96,95,76,82,82,82,56,47,47,23,51,9,9,9,52,0],"gold":142,"neow_bonus":"TWENTY_PERCENT_HP_BONUS","is_prod":false,"is_daily":false,"chose_seed":false,"campfire_upgraded":1,"win_rate":0,"timestamp":1548251949,"path_taken":["M","M","?","M","?","R","E","M","T","M","R","E","?","?","R","BOSS"],"build_version":"2019-01-17v2","purchased_purges":0,"victory":false,"max_hp_per_floor":[96,96,96,96,96,96,96,96,96,96,96,96,96,96,96,96],"card_choices":[{"not_picked":["Corruption","Headbutt","Thunderclap"],"picked":"SKIP","floor":1},{"not_picked":["Armaments","Thunderclap","Corruption"],"picked":"SKIP","floor":2},{"not_picked":["Pommel Strike","Clothesline","Warcry"],"picked":"SKIP","floor":4},{"not_picked":["Rupture","Twin Strike"],"picked":"Battle Trance","floor":7},{"not_picked":["Dual Wield","Anger","Sword Boomerang"],"picked":"SKIP","floor":8},{"not_picked":["Thunderclap","Power Through","Wild Strike"],"picked":"SKIP","floor":10},{"not_picked":["Combust","Flex","Fiend Fire"],"picked":"SKIP","floor":12}],"player_experience":1135560,"relics_obtained":[{"floor":7,"key":"Juzu Bracelet"},{"floor":9,"key":"Smiling Mask"},{"floor":12,"key":"Regal Pillow"}],"event_choices":[{"damage_healed":0,"gold_gain":0,"player_choice":"Entered Light","damage_taken":19,"max_hp_gain":0,"max_hp_loss":0,"event_name":"Shining Light","floor":3,"gold_loss":0,"cards_upgraded":["Defend_R","Defend_R"]},{"cards_removed":["Strike_R"],"damage_healed":0,"gold_gain":0,"player_choice":"Forget","damage_taken":0,"max_hp_gain":0,"max_hp_loss":0,"event_name":"Living Wall","floor":13,"gold_loss":0},{"damage_healed":0,"gold_gain":0,"player_choice":"Got Potions","damage_taken":0,"max_hp_gain":0,"max_hp_loss":0,"event_name":"Lab","floor":14,"gold_loss":0}],"is_beta":false,"boss_relics":[],"items_purged_floors":[],"is_endless":false,"potions_floor_spawned":[1,4,8],"killed_by":"Slime Boss","ascension_level":4}