{"gold_per_floor":[110,285,300,316,192,267,267,267,319,333,261,275,287,287,287,389,389,406,69,86,102,112,31,31,47,128,128,128,128,140,150,150,150],"floor_reached":33,"playtime":1403,"items_purged":["Doubt"],"score":362,"play_id":"a5e3d959-5985-4ab7-87a5-7358905a8eec","local_time":"20190225002240","is_ascension_mode":true,"campfire_choices":[{"data":"Armaments","floor":7,"key":"SMITH"},{"floor":15,"key":"RECALL"},{"floor":24,"key":"REST"},{"floor":27,"key":"REST"},{"data":"Juggernaut","floor":29,"key":"SMITH"},{"floor":32,"key":"REST"}],"neow_cost":"NONE","seed_source_timestamp":238032729952032,"circlet_count":0,"master_deck":["AscendersBane","Strike_R","Strike_R","Strike_R","Strike_R","Strike_R","Defend_R+1","Defend_R","Defend_R","Defend_R","Bash","Infernal Blade","Perfected Strike","True Grit","Armaments+1","Shockwave","Inflame","Headbutt","Sword Boomerang","Juggernaut+1","Apotheosis+1","True Grit","Body Slam","Metallicize","Sentinel","Ghostly Armor","Writhe","Entrench","Shrug It Off"],"relics":["Burning Blood","PreservedInsect","Vajra","Happy Flower","Sozu","War Paint","Sundial","Frozen Egg 2"],"potions_floor_usage":[12,12],"damage_taken":[{"damage":3,"enemies":"Small Slimes","floor":1,"turns":5},{"damage":6,"enemies":"2 Louse","floor":3,"turns":3},{"damage":9,"enemies":"Jaw Worm","floor":4,"turns":4},{"damage":2,"enemies":"2 Fungi Beasts","floor":10,"turns":4},{"damage":11,"enemies":"3 Louse","floor":12,"turns":4},{"damage":11,"enemies":"Large Slime","floor":13,"turns":6},{"damage":27,"enemies":"Slime Boss","floor":16,"turns":9},{"damage":22,"enemies":"Shell Parasite","floor":18,"turns":6},{"damage":15,"enemies":"2 Thieves","floor":20,"turns":4},{"damage":29,"enemies":"Shelled Parasite and Fungi","floor":21,"turns":4},{"damage":0,"enemies":"Centurion and Healer","floor":22,"turns":5},{"damage":20,"enemies":"3 Cultists","floor":25,"turns":6},{"damage":21,"enemies":"Snake Plant","floor":30,"turns":4},{"damage":19,"enemies":"Sentry and Sphere","floor":31,"turns":7},{"damage":71,"enemies":"Automaton","floor":33,"turns":8}],"seed_played":"7772195733669943360","potions_obtained":[{"floor":1,"key":"SteroidPotion"},{"floor":4,"key":"FearPotion"},{"floor":10,"key":"BloodPotion"}],"is_trial":false,"path_per_floor":["M","?","M","M","$","?","R","$","T","M","$","M","M","?","R","B",null,"M","$","M","M","M","$","R","M","T","R","?","R","M","M","R","B"],"character_chosen":"IRONCLAD","items_purchased":["Armaments","Inflame","Apotheosis","War Paint","Sentinel"],"campfire_rested":3,"item_purchase_floors":[5,11,19,19,23],"current_hp_per_floor":[75,75,75,72,72,61,61,61,61,65,65,68,63,60,60,39,70,54,54,45,22,28,28,52,38,38,62,62,62,47,34,58,0],"gold":150,"neow_bonus":"RANDOM_COMMON_RELIC","is_prod":false,"is_daily":false,"chose_seed":false,"campfire_upgraded":2,"win_rate":0,"timestamp":1551021760,"path_taken":["M","?","M","M","$","?","R","$","T","M","$","M","M","?","R","BOSS","M","$","M","M","M","$","R","M","T","R","?","R","M","M","R","BOSS"],"build_version":"2019-01-23","purchased_purges":1,"victory":false,"max_hp_per_floor":[80,80,80,80,80,80,80,80,80,80,80,80,80,80,80,80,80,80,80,80,80,80,80,80,80,80,80,80,80,80,80,80,80],"card_choices":[{"not_picked":["Second Wind","Bloodletting"],"picked":"Infernal Blade","floor":1},{"not_picked":["Searing Blow","Havoc"],"picked":"Perfected Strike","floor":3},{"not_picked":["Intimidate","Clash"],"picked":"True Grit","floor":4},{"not_picked":["Hemokinesis","Metallicize"],"picked":"Shockwave","floor":10},{"not_picked":["Cleave","Clothesline"],"picked":"Headbutt","floor":12},{"not_picked":["Clothesline","Wild Strike"],"picked":"Sword Boomerang","floor":13},{"not_picked":["Bludgeon","Feed"],"picked":"Juggernaut","floor":16},{"not_picked":["Heavy Blade","Armaments","Anger"],"picked":"SKIP","floor":18},{"not_picked":["Cleave","Dual Wield"],"picked":"True Grit","floor":20},{"not_picked":["Corruption","Heavy Blade"],"picked":"Body Slam","floor":21},{"not_picked":["Disarm","Warcry"],"picked":"Metallicize","floor":22},{"not_picked":["Sentinel","Clothesline"],"picked":"Ghostly Armor","floor":25},{"not_picked":["Seeing Red+1","Flex+1"],"picked":"Entrench","floor":30},{"not_picked":["Inflame+1","Havoc+1"],"picked":"Shrug It Off","floor":31}],"player_experience":75677,"relics_obtained":[{"floor":9,"key":"Vajra"},{"floor":26,"key":"Sundial"}],"event_choices":[{"damage_healed":0,"gold_gain":175,"player_choice":"AGREE","damage_taken":0,"max_hp_gain":0,"max_hp_loss":0,"event_name":"Liars Game","floor":2,"gold_loss":0,"cards_obtained":["Doubt"]},{"damage_healed":0,"gold_gain":75,"player_choice":"Gather Gold","damage_taken":11,"max_hp_gain":0,"max_hp_loss":0,"event_name":"World of Goop","floor":6,"gold_loss":0},{"damage_healed":0,"gold_gain":0,"player_choice":"Success","damage_taken":3,"relics_obtained":["Happy Flower"],"max_hp_gain":0,"max_hp_loss":0,"event_name":"Scrap Ooze","floor":14,"gold_loss":0},{"damage_healed":0,"gold_gain":0,"player_choice":"Opened","damage_taken":0,"relics_obtained":["Frozen Egg 2"],"max_hp_gain":0,"max_hp_loss":0,"event_name":"The Mausoleum","floor":28,"gold_loss":0,"cards_obtained":["Writhe"]}],"is_beta":false,"boss_relics":[{"not_picked":["Runic Dome","Philosopher\u0027s Stone"],"picked":"Sozu"}],"items_purged_floors":[5],"is_endless":false,"potions_floor_spawned":[1,4,10,18,20,21,30],"killed_by":"Automaton","ascension_level":10}