{"gold_per_floor":[113,37,57,72,42,42,67,67,67,67,67,67,83,94,94,94],"floor_reached":16,"playtime":1196,"items_purged":[],"score":100,"play_id":"61a1cfc4-8935-487b-904a-3c92fce04e28","local_time":"20190208231837","is_ascension_mode":false,"campfire_choices":[{"data":"Metallicize","floor":6,"key":"SMITH"},{"data":"Defend_R","floor":8,"key":"SMITH"},{"data":"Defend_R","floor":10,"key":"SMITH"},{"data":"Defend_R","floor":12,"key":"SMITH"},{"data":"Shrug It Off","floor":15,"key":"SMITH"}],"neow_cost":"NONE","seed_source_timestamp":1849746079523274,"circlet_count":0,"master_deck":["Strike_R","Strike_R","Strike_R","Strike_R","Strike_R","Defend_R","Defend_R+1","Defend_R+1","Defend_R+1","Bash","Metallicize+1","Shrug It Off+1","Shrug It Off"],"relics":["Burning Blood","Singing Bowl","Blue Candle"],"potions_floor_usage":[],"damage_taken":[{"damage":2,"enemies":"Small Slimes","floor":1,"turns":4},{"damage":0,"enemies":"Cultist","floor":3,"turns":5},{"damage":6,"enemies":"Jaw Worm","floor":4,"turns":6},{"damage":0,"enemies":"Looter","floor":5,"turns":4},{"damage":23,"enemies":"3 Sentries","floor":7,"turns":14},{"damage":7,"enemies":"Lots of Slimes","floor":13,"turns":7},{"damage":3,"enemies":"Large Slime","floor":14,"turns":11},{"damage":74,"enemies":"Slime Boss","floor":16,"turns":14}],"seed_played":"-4015434310944389920","potions_obtained":[{"floor":3,"key":"FearPotion"},{"floor":14,"key":"Swift Potion"}],"is_trial":false,"path_per_floor":["?"],"character_chosen":"IRONCLAD","items_purchased":["Metallicize"],"campfire_rested":0,"item_purchase_floors":[2],"current_hp_per_floor":[88,88,88,88,88,88,73,73,73,73,64,64,63,66,66,0],"gold":94,"neow_bonus":"TEN_PERCENT_HP_BONUS","is_prod":false,"is_daily":false,"chose_seed":false,"campfire_upgraded":5,"win_rate":0,"timestamp":1549664317,"path_taken":["M","$","M","M","M","R","E","R","T","R","?","R","M","M","R","BOSS"],"build_version":"2019-01-23","purchased_purges":0,"victory":false,"max_hp_per_floor":[88,88,88,88,88,88,90,90,90,90,90,90,90,90,90,90],"card_choices":[{"not_picked":["Twin Strike","Pommel Strike","Clothesline"],"picked":"SKIP","floor":1},{"not_picked":["True Grit","Cleave","Burning Pact"],"picked":"SKIP","floor":3},{"not_picked":["Whirlwind","Heavy Blade","Twin Strike"],"picked":"SKIP","floor":4},{"not_picked":["Wild Strike","Seeing Red","Havoc"],"picked":"SKIP","floor":5},{"not_picked":["Iron Wave","True Grit","Reaper"],"picked":"Singing Bowl","floor":7},{"not_picked":["Pommel Strike","Reckless Charge"],"picked":"Shrug It Off","floor":13},{"not_picked":["True Grit","Reckless Charge"],"picked":"Shrug It Off","floor":14}],"player_experience":148493,"relics_obtained":[{"floor":7,"key":"Singing Bowl"},{"floor":9,"key":"Blue Candle"}],"event_choices":[{"damage_healed":0,"gold_gain":0,"player_choice":"Damaged","damage_taken":9,"max_hp_gain":0,"max_hp_loss":0,"event_name":"Wheel of Change","floor":11,"gold_loss":0}],"is_beta":false,"boss_relics":[],"items_purged_floors":[],"is_endless":false,"potions_floor_spawned":[3,14],"killed_by":"Slime Boss","ascension_level":0}