{"gold_per_floor":[118,135,160,190,202,214,237,266,304,316,328,340,369,396,408,523,535,557,583,606,635,647,659,671],"floor_reached":24,"playtime":2599,"items_purged":[],"score":211,"play_id":"56215312-fdea-4021-b41d-f2697bf8710c","local_time":"20180924161436","is_ascension_mode":true,"campfire_choices":[{"data":"Zap","floor":6,"key":"SMITH"},{"data":"Consume","floor":11,"key":"SMITH"},{"data":"Conserve Battery","floor":15,"key":"SMITH"},{"floor":23,"key":"REST"}],"neow_cost":"NONE","seed_source_timestamp":506819540120035,"circlet_count":0,"master_deck":["Strike_B","Strike_B","Strike_B","Defend_B","Defend_B","Defend_B","Defend_B","Zap+1","Dualcast+1","Conserve Battery+1","Ball Lightning","Go for the Eyes","Consume+1","Ball Lightning","Buffer","Reinforced Body","Loop+1","White Noise","Creative AI","Zap","Double Energy"],"relics":["Cracked Core","MawBank","Dream Catcher","Juzu Bracelet","Inserter"],"potions_floor_usage":[16,16,20,21,24],"damage_taken":[{"damage":0,"enemies":"Cultist","floor":1,"turns":4},{"damage":4,"enemies":"Small Slimes","floor":2,"turns":3},{"damage":0,"enemies":"2 Louse","floor":4,"turns":2},{"damage":0,"enemies":"Exordium Wildlife","floor":7,"turns":3},{"damage":2,"enemies":"Red Slaver","floor":8,"turns":3},{"damage":1,"enemies":"Large Slime","floor":13,"turns":4},{"damage":4,"enemies":"Exordium Wildlife","floor":14,"turns":3},{"damage":20,"enemies":"The Guardian","floor":16,"turns":9},{"damage":23,"enemies":"Shell Parasite","floor":18,"turns":5},{"damage":0,"enemies":"Spheric Guardian","floor":19,"turns":3},{"damage":11,"enemies":"Cultist and Chosen","floor":20,"turns":5},{"damage":34,"enemies":"Snake Plant","floor":21,"turns":6},{"damage":44,"enemies":"Masked Bandits","floor":24,"turns":3}],"seed_played":"5264853761271451189","potions_obtained":[{"floor":4,"key":"Fire Potion"},{"floor":7,"key":"SpeedPotion"},{"floor":14,"key":"Explosive Potion"},{"floor":16,"key":"SteroidPotion"},{"floor":19,"key":"EssenceOfSteel"},{"floor":20,"key":"PowerPotion"}],"is_trial":false,"path_per_floor":["M","M","T","M","$","R","M","M","T","?","R","?","M","M","R","B",null,"M","M","M","M","?","R"],"character_chosen":"DEFECT","items_purchased":[],"campfire_rested":1,"item_purchase_floors":[],"current_hp_per_floor":[75,71,71,71,71,71,71,69,69,69,69,69,68,64,64,44,75,52,52,41,14,14,36,0],"gold":671,"neow_bonus":"UPGRADE_CARD","is_prod":false,"is_daily":false,"chose_seed":false,"campfire_upgraded":3,"win_rate":0,"timestamp":1537830876,"path_taken":["M","?","?","M","$","R","M","M","T","?","R","?","M","M","R","BOSS","M","M","M","M","?","R","?"],"build_version":"2018-09-20","purchased_purges":0,"victory":false,"max_hp_per_floor":[75,75,75,75,75,75,75,75,75,75,75,75,75,75,75,75,75,75,75,75,75,75,75,75],"card_choices":[{"not_picked":["Stack","Lockon","Barrage"],"picked":"SKIP","floor":1},{"not_picked":["Leap","Capacitor"],"picked":"Conserve Battery","floor":2},{"not_picked":["Streamline","Loop"],"picked":"Ball Lightning","floor":4},{"not_picked":["Barrage","Steam"],"picked":"Go for the Eyes","floor":7},{"not_picked":["Skim","Redo"],"picked":"Consume","floor":8},{"not_picked":["Gash","Multi-Cast","Sweeping Beam"],"picked":"SKIP","floor":13},{"not_picked":["Recycle","Steam"],"picked":"Ball Lightning","floor":14},{"not_picked":["Reboot","Creative AI"],"picked":"Buffer","floor":16},{"not_picked":["Gash","Compile Driver"],"picked":"Reinforced Body","floor":18},{"not_picked":["Beam Cell","Rebound+1"],"picked":"Loop+1","floor":19},{"not_picked":["Sweeping Beam","Loop","Hello World"],"picked":"SKIP","floor":20},{"not_picked":["Beam Cell","Gash"],"picked":"White Noise","floor":21},{"not_picked":["Aggregate","Compile Driver"],"picked":"Double Energy","floor":23}],"player_experience":238543,"relics_obtained":[{"floor":3,"key":"MawBank"},{"floor":9,"key":"Dream Catcher"}],"event_choices":[{"event_name":"WeMeetAgain","player_choice":"Potion","floor":10,"damage_taken":0},{"event_name":"Bonfire Elementals","player_choice":"BASIC","floor":12,"damage_taken":0},{"event_name":"Match and Keep!","player_choice":"2 cards matched","floor":22,"damage_taken":0},{"event_name":"Masked Bandits","player_choice":"Fought Bandits","floor":24,"damage_taken":0}],"is_beta":false,"boss_relics":[{"not_picked":["Pandora\u0027s Box","Cursed Key"],"picked":"Inserter"}],"items_purged_floors":[],"is_endless":false,"potions_floor_spawned":[4,7,14,16,19,20],"killed_by":"Masked Bandits","ascension_level":2}