{"gold_per_floor":[110,110,124,49,76,76,76,90,90,105,105,135,135,155,155,259,259,279,33,33,33,53,53,64,64,64,64,64,78,93,110,110,214,264,281,296,296,1295,589,614,614,648,648,648,667,667,667,721,721,721],"floor_reached":51,"playtime":2289,"items_purged":["Strike_B","Normality"],"score":918,"play_id":"bdf1662a-ef90-4f3b-816f-f4f4beac5b8b","local_time":"20190227095936","is_ascension_mode":false,"campfire_choices":[{"data":"Strike_B","floor":6,"key":"PURGE"},{"data":"Zap","floor":11,"key":"SMITH"},{"data":"Multi-Cast","floor":15,"key":"SMITH"},{"data":"Clumsy","floor":23,"key":"PURGE"},{"data":"Defend_B","floor":25,"key":"PURGE"},{"data":"Defend_B","floor":27,"key":"PURGE"},{"data":"Writhe","floor":32,"key":"PURGE"},{"data":"Normality","floor":41,"key":"PURGE"},{"floor":49,"key":"DIG"}],"neow_cost":"TEN_PERCENT_HP_LOSS","seed_source_timestamp":50236110500395,"circlet_count":0,"master_deck":["Defend_B","Zap+1","Dualcast+1","Rebound","Cold Snap","Go for the Eyes","Echo Form","Cold Snap","Multi-Cast+1","Coolheaded","Core Surge","Steam+1","Barrage","Steam+1","Ball Lightning","Clumsy","Steam+1","Go for the Eyes","Ball Lightning","Ball Lightning+1","Rainbow","Capacitor","Coolheaded+1","Defragment+1","Tempest+1","Defragment+1","Barrage","Cold Snap","Panache","Hello World","Cold Snap+1","Fission","Doubt","Parasite","Defragment+1","Lockon+1","Writhe","Parasite"],"relics":["Cracked Core","Peace Pipe","Blood Vial","Nunchaku","Odd Mushroom","Cursed Key","Runic Capacitor","Gremlin Horn","Mummified Hand","Prayer Wheel","Tiny House","Du-Vu Doll","Bottled Flame","Shovel","Happy Flower","DataDisk","Cables"],"potions_floor_usage":[14,24,29,33,35,40,40,50,50],"damage_taken":[{"damage":1,"enemies":"Jaw Worm","floor":1,"turns":3},{"damage":1,"enemies":"Cultist","floor":3,"turns":3},{"damage":0,"enemies":"Small Slimes","floor":8,"turns":2},{"damage":0,"enemies":"2 Fungi Beasts","floor":10,"turns":4},{"damage":6,"enemies":"The Mushroom Lair","floor":12,"turns":3},{"damage":0,"enemies":"Lots of Slimes","floor":14,"turns":1},{"damage":9,"enemies":"The Guardian","floor":16,"turns":11},{"damage":10,"enemies":"Shell Parasite","floor":18,"turns":5},{"damage":0,"enemies":"Chosen","floor":22,"turns":3},{"damage":0,"enemies":"3 Cultists","floor":24,"turns":5},{"damage":0,"enemies":"Snecko","floor":29,"turns":4},{"damage":16,"enemies":"Snake Plant","floor":30,"turns":5},{"damage":8,"enemies":"Centurion and Healer","floor":31,"turns":6},{"damage":8,"enemies":"Champ","floor":33,"turns":9},{"damage":21,"enemies":"3 Darklings","floor":35,"turns":6},{"damage":0,"enemies":"3 Shapes","floor":36,"turns":4},{"damage":2,"enemies":"Nemesis","floor":40,"turns":5},{"damage":0,"enemies":"Reptomancer","floor":42,"turns":4},{"damage":27,"enemies":"Writhing Mass","floor":45,"turns":6},{"damage":13,"enemies":"Time Eater","floor":50,"turns":10}],"seed_played":"6334208803422793086","potions_obtained":[{"floor":8,"key":"Explosive Potion"},{"floor":14,"key":"SkillPotion"},{"floor":16,"key":"Swift Potion"},{"floor":18,"key":"GamblersBrew"},{"floor":30,"key":"Strength Potion"},{"floor":31,"key":"FearPotion"},{"floor":34,"key":"SkillPotion"},{"floor":36,"key":"Block Potion"},{"floor":42,"key":"SpeedPotion"}],"is_trial":false,"path_per_floor":["M","?","M","$","T","R","?","M","T","M","R","?","?","M","R","B",null,"M","$","T","?","M","R","M","R","T","R","?","M","M","M","R","B",null,"M","M","?","?","$","E","R","E","T","?","M","?","?","T","R","B",null],"character_chosen":"DEFECT","items_purchased":["Runic Capacitor","Barrage","Du-Vu Doll","Barrage","Cold Snap","Panache","Hello World"],"campfire_rested":0,"item_purchase_floors":[19,19,39,39,39,39,39],"current_hp_per_floor":[67,67,66,66,66,66,59,61,61,63,63,59,59,61,61,54,68,58,58,58,46,48,48,50,50,50,50,50,52,45,46,46,47,78,64,66,66,66,66,73,73,78,78,78,65,65,78,78,78,65],"gold":721,"neow_bonus":"ONE_RARE_RELIC","is_prod":false,"is_daily":false,"chose_seed":false,"campfire_upgraded":2,"win_rate":0,"timestamp":1551283176,"path_taken":["M","?","?","$","?","R","?","M","T","M","R","?","?","M","R","BOSS","M","$","?","?","M","R","M","R","T","R","?","?","?","M","R","BOSS","M","M","?","?","$","E","R","E","T","?","M","?","?","?","R","BOSS"],"build_version":"2019-01-23","purchased_purges":2,"victory":true,"max_hp_per_floor":[68,68,68,68,68,68,68,68,68,68,68,68,68,68,68,68,68,68,68,68,73,73,73,73,73,73,73,73,73,73,73,73,73,78,78,78,78,78,78,78,78,78,78,78,78,78,78,78,78,78],"card_choices":[{"not_picked":["Steam","Reprogram"],"picked":"Rebound","floor":1},{"not_picked":["Streamline","Beam Cell"],"picked":"Cold Snap","floor":3},{"not_picked":["Stack","Rebound"],"picked":"Go for the Eyes","floor":8},{"not_picked":["Conserve Battery","Sweeping Beam"],"picked":"Echo Form","floor":10},{"not_picked":["Auto Shields","Rebound"],"picked":"Cold Snap","floor":12},{"not_picked":["Barrage","Scrape"],"picked":"Coolheaded","floor":14},{"not_picked":["Hyperbeam","Reboot"],"picked":"Core Surge","floor":16},{"not_picked":["Gash+1","Redo"],"picked":"Steam+1","floor":18},{"not_picked":["Streamline","Gash+1"],"picked":"Steam+1","floor":22},{"not_picked":["Skim","Conserve Battery"],"picked":"Ball Lightning","floor":24},{"not_picked":["Steam Power","Gash+1","Stack"],"picked":"SKIP","floor":29},{"not_picked":["Heatsinks+1","Self Repair","Hologram"],"picked":"SKIP","floor":29},{"not_picked":["Heatsinks+1","Hologram"],"picked":"Self Repair","floor":29},{"not_picked":["Steam Power","Gash+1","Stack"],"picked":"SKIP","floor":29},{"not_picked":["Hologram","Double Energy"],"picked":"Steam+1","floor":30},{"not_picked":["Sweeping Beam","Aggregate"],"picked":"Go for the Eyes","floor":30},{"not_picked":["Rebound","Lockon+1"],"picked":"Ball Lightning","floor":31},{"not_picked":["BootSequence","Streamline"],"picked":"Ball Lightning+1","floor":31},{"not_picked":["Hyperbeam","Reboot"],"picked":"Rainbow","floor":33},{"not_picked":["Barrage","Streamline"],"picked":"Capacitor","floor":34},{"not_picked":["Stack+1","Go for the Eyes+1"],"picked":"Coolheaded+1","floor":35},{"not_picked":["Barrage+1","Conserve Battery+1"],"picked":"Defragment+1","floor":35},{"not_picked":["Sweeping Beam+1","Coolheaded+1"],"picked":"Tempest+1","floor":36},{"not_picked":["Hello World","Conserve Battery"],"picked":"Defragment+1","floor":36},{"not_picked":["Storm","Recycle+1"],"picked":"Cold Snap+1","floor":40},{"not_picked":["Leap","Stack+1"],"picked":"Fission","floor":42},{"not_picked":["Barrage+1","Conserve Battery"],"picked":"Defragment+1","floor":45},{"not_picked":["Beam Cell+1","Darkness+1"],"picked":"Lockon+1","floor":45}],"player_experience":937869,"relics_obtained":[{"floor":5,"key":"Blood Vial"},{"floor":9,"key":"Nunchaku"},{"floor":12,"key":"Odd Mushroom"},{"floor":20,"key":"Gremlin Horn"},{"floor":26,"key":"Mummified Hand"},{"floor":40,"key":"Bottled Flame"},{"floor":42,"key":"Shovel"},{"floor":43,"key":"Happy Flower"},{"floor":48,"key":"DataDisk"},{"floor":49,"key":"Cables"}],"event_choices":[{"cards_removed":["Strike_B"],"damage_healed":0,"gold_gain":0,"player_choice":"Purged","damage_taken":0,"max_hp_gain":0,"max_hp_loss":0,"event_name":"Purifier","floor":2,"gold_loss":0},{"cards_removed":["Defend_B"],"damage_healed":0,"gold_gain":0,"player_choice":"Card Removal","damage_taken":7,"max_hp_gain":0,"max_hp_loss":0,"event_name":"Golden Wing","floor":7,"gold_loss":0},{"damage_healed":0,"gold_gain":0,"player_choice":"Fought Mushrooms","damage_taken":0,"max_hp_gain":0,"max_hp_loss":0,"event_name":"Mushrooms","floor":12,"gold_loss":0},{"damage_healed":0,"gold_gain":0,"cards_transformed":["Strike_B"],"player_choice":"Transformed","damage_taken":0,"max_hp_gain":0,"max_hp_loss":0,"event_name":"Transmorgrifier","floor":13,"gold_loss":0,"cards_obtained":["Multi-Cast"]},{"damage_healed":0,"gold_gain":0,"player_choice":"Shed Blood","damage_taken":17,"max_hp_gain":5,"max_hp_loss":0,"event_name":"Forgotten Altar","floor":21,"gold_loss":0},{"damage_healed":0,"gold_gain":0,"player_choice":"Opened","damage_taken":0,"relics_obtained":["Prayer Wheel"],"max_hp_gain":0,"max_hp_loss":0,"event_name":"The Mausoleum","floor":28,"gold_loss":0,"cards_obtained":["Writhe"]},{"damage_healed":0,"gold_gain":0,"player_choice":"Memory 1","damage_taken":0,"max_hp_gain":0,"max_hp_loss":0,"event_name":"SensoryStone","floor":37,"gold_loss":0},{"damage_healed":0,"gold_gain":999,"player_choice":"Gold","damage_taken":0,"max_hp_gain":0,"max_hp_loss":0,"event_name":"MindBloom","floor":38,"gold_loss":0,"cards_obtained":["Normality","Normality"]},{"damage_healed":0,"gold_gain":0,"player_choice":"Ignored","damage_taken":0,"max_hp_gain":0,"max_hp_loss":0,"event_name":"Tomb of Lord Red Mask","floor":44,"gold_loss":0},{"cards_removed":["Self Repair"],"damage_healed":0,"gold_gain":0,"player_choice":"Removed Power","damage_taken":0,"max_hp_gain":0,"max_hp_loss":0,"event_name":"Falling","floor":46,"gold_loss":0},{"damage_healed":20,"gold_gain":0,"player_choice":"Writhe","damage_taken":0,"max_hp_gain":0,"max_hp_loss":0,"event_name":"Winding Halls","floor":47,"gold_loss":0,"cards_obtained":["Writhe"]}],"is_beta":false,"boss_relics":[{"not_picked":["Coffee Dripper","Runic Pyramid"],"picked":"Cursed Key"},{"not_picked":["Snecko Eye","Fusion Hammer"],"picked":"Tiny House"}],"items_purged_floors":[4,39],"is_endless":false,"potions_floor_spawned":[8,14,16,18,30,31,36,42],"ascension_level":0}