{"gold_per_floor":[113,131,145,145,43,43,78,109,148,160,172,149,161,194,206,348,360,360,360,4,4,4,4,4,4,4,4,4,4,4,4,4,4,4,4,4,4,4,4,4,4,4,4,4,4,4,4,4,4,4],"floor_reached":50,"playtime":6104,"items_purged":["Strike_G","Defend_G"],"score":636,"play_id":"c97e67b6-fca1-48fd-b5a9-07fd0920b1e6","local_time":"20181022125430","is_ascension_mode":true,"campfire_choices":[{"data":"Dagger Spray","floor":6,"key":"SMITH"},{"floor":11,"key":"REST"},{"data":"Finisher","floor":13,"key":"SMITH"},{"data":"Infinite Blades","floor":15,"key":"SMITH"},{"data":"Accuracy","floor":23,"key":"SMITH"},{"floor":25,"key":"REST"},{"data":"Blade Dance","floor":30,"key":"SMITH"},{"floor":32,"key":"REST"},{"floor":40,"key":"REST"},{"data":"Accuracy","floor":45,"key":"SMITH"},{"data":"Storm of Steel","floor":47,"key":"SMITH"},{"floor":49,"key":"REST"}],"neow_cost":"NONE","seed_source_timestamp":1064527448255080,"circlet_count":0,"master_deck":["Defend_G","Defend_G","Defend_G","Strike_G","Strike_G","Strike_G","Strike_G","Survivor","Neutralize","Dagger Throw","Infinite Blades+1","Finisher+1","Dagger Spray+1","Escape Plan","PiercingWail","Backflip","Adrenaline","Poisoned Stab+1","Blade Dance+1","Accuracy+1","Endless Agony+1","Poisoned Stab+1","Burst","Backstab","Endless Agony","Sucker Punch+1","Corpse Explosion","Deflect+1","Flying Knee+1","Deflect+1","Accuracy+1","Storm of Steel+1","Cloak And Dagger","Madness","Madness"],"relics":["Ring of the Snake","Smiling Mask","Golden Idol","MawBank","PreservedInsect","Ectoplasm","TwistedFunnel","Strawberry","Tiny Chest","Incense Burner","Regal Pillow","Runic Pyramid","Orichalcum","Lantern","Old Coin"],"potions_floor_usage":[16,16,28,33,39,46,50,50],"damage_taken":[{"damage":1,"enemies":"2 Louse","floor":1,"turns":2},{"damage":0,"enemies":"Small Slimes","floor":2,"turns":3},{"damage":3,"enemies":"Cultist","floor":3,"turns":4},{"damage":22,"enemies":"3 Sentries","floor":7,"turns":5},{"damage":0,"enemies":"2 Fungi Beasts","floor":8,"turns":2},{"damage":9,"enemies":"Red Slaver","floor":14,"turns":4},{"damage":20,"enemies":"Slime Boss","floor":16,"turns":12},{"damage":4,"enemies":"Chosen","floor":18,"turns":4},{"damage":5,"enemies":"Shell Parasite","floor":21,"turns":3},{"damage":20,"enemies":"Slavers","floor":24,"turns":3},{"damage":0,"enemies":"Chosen and Byrds","floor":27,"turns":3},{"damage":0,"enemies":"Gremlin Leader","floor":28,"turns":3},{"damage":14,"enemies":"Centurion and Healer","floor":29,"turns":3},{"damage":9,"enemies":"Slavers","floor":31,"turns":2},{"damage":19,"enemies":"Collector","floor":33,"turns":9},{"damage":6,"enemies":"3 Shapes","floor":35,"turns":2},{"damage":0,"enemies":"3 Darklings","floor":37,"turns":2},{"damage":22,"enemies":"Jaw Worm Horde","floor":38,"turns":3},{"damage":0,"enemies":"Transient","floor":39,"turns":5},{"damage":0,"enemies":"Maw","floor":41,"turns":6},{"damage":1,"enemies":"Giant Head","floor":42,"turns":5},{"damage":4,"enemies":"4 Shapes","floor":44,"turns":2},{"damage":18,"enemies":"2 Orb Walkers","floor":46,"turns":5},{"damage":82,"enemies":"Awakened One","floor":50,"turns":9}],"seed_played":"-5497914337950722436","potions_obtained":[{"floor":3,"key":"PowerPotion"},{"floor":8,"key":"Block Potion"},{"floor":16,"key":"SkillPotion"},{"floor":18,"key":"Weak Potion"},{"floor":21,"key":"PowerPotion"},{"floor":31,"key":"GamblersBrew"},{"floor":36,"key":"LiquidBronze"},{"floor":36,"key":"Fire Potion"},{"floor":37,"key":"Block Potion"},{"floor":38,"key":"Strength Potion"},{"floor":41,"key":"LiquidBronze"},{"floor":44,"key":"EssenceOfSteel"}],"is_trial":false,"path_per_floor":["M","M","M","?","$","R","E","M","T","?","R","?","R","M","R","B",null,"M","?","$","M","$","R","E","R","T","M","E","M","R","E","R","B",null,"M","?","M","M","M","R","M","E","T","M","R","?","R","?","R"],"character_chosen":"THE_SILENT","items_purchased":["Dagger Spray","TwistedFunnel","Blade Dance","Accuracy"],"campfire_rested":5,"item_purchase_floors":[5,20,20,20],"current_hp_per_floor":[69,69,66,49,49,49,27,27,27,27,48,65,65,56,56,36,70,66,66,66,61,61,61,48,71,71,71,71,57,57,48,77,58,77,71,71,71,49,49,77,77,76,76,72,72,54,54,44,77,0],"gold":4,"neow_bonus":"RANDOM_COMMON_RELIC","is_prod":false,"is_daily":false,"chose_seed":false,"campfire_upgraded":7,"win_rate":0,"timestamp":1540238070,"path_taken":["M","M","M","?","$","R","E","M","T","?","R","?","R","M","R","BOSS","M","?","$","M","?","R","E","R","T","M","E","M","R","E","R","BOSS","M","?","M","M","M","R","M","E","T","?","R","?","R","?","R","BOSS"],"build_version":"2018-10-18","purchased_purges":2,"victory":false,"max_hp_per_floor":[70,70,70,70,70,70,70,70,70,70,70,70,70,70,70,70,70,70,70,70,70,70,70,77,77,77,77,77,77,77,77,77,77,77,77,77,77,77,77,77,77,77,77,77,77,77,77,77,77,77],"card_choices":[{"not_picked":["Outmaneuver","Quick Slash"],"picked":"Dagger Throw","floor":1},{"not_picked":["Masterful Stab","Poisoned Stab"],"picked":"Infinite Blades","floor":2},{"not_picked":["Masterful Stab","Outmaneuver"],"picked":"Finisher","floor":3},{"not_picked":["Distraction","Footwork"],"picked":"Escape Plan","floor":7},{"not_picked":["Deadly Poison","Escape Plan"],"picked":"PiercingWail","floor":8},{"not_picked":["Bouncing Flask","Deadly Poison"],"picked":"Backflip","floor":14},{"not_picked":["Envenom","Venomology"],"picked":"Adrenaline","floor":16},{"not_picked":["Riddle With Holes","Reflex"],"picked":"Poisoned Stab+1","floor":18},{"not_picked":["Dagger Throw+1","Poisoned Stab"],"picked":"Endless Agony+1","floor":21},{"not_picked":["Outmaneuver+1","Deflect+1"],"picked":"Poisoned Stab+1","floor":24},{"not_picked":["Distraction+1","Caltrops"],"picked":"Burst","floor":27},{"not_picked":["Accuracy","Catalyst"],"picked":"Backstab","floor":28},{"not_picked":["Poisoned Stab","Underhanded Strike+1"],"picked":"Endless Agony","floor":29},{"not_picked":["Dodge and Roll","Flying Knee"],"picked":"Sucker Punch+1","floor":31},{"not_picked":["Die Die Die","Doppelganger"],"picked":"Corpse Explosion","floor":33},{"not_picked":["Dash","Tactician+1"],"picked":"Deflect+1","floor":35},{"not_picked":["Calculated Gamble+1","Slice+1"],"picked":"Flying Knee+1","floor":37},{"not_picked":["Acrobatics+1","Flying Knee"],"picked":"Deflect+1","floor":38},{"not_picked":["Flying Knee","Deadly Poison"],"picked":"Accuracy","floor":39},{"not_picked":["Heel Hook+1","Poisoned Stab","Well Laid Plans"],"picked":"SKIP","floor":41},{"not_picked":["Accuracy+1","Underhanded Strike"],"picked":"Storm of Steel","floor":42},{"not_picked":["Riddle With Holes","Deflect+1"],"picked":"Cloak And Dagger","floor":44}],"player_experience":70279,"relics_obtained":[{"floor":7,"key":"MawBank"},{"floor":9,"key":"PreservedInsect"},{"floor":24,"key":"Strawberry"},{"floor":26,"key":"Tiny Chest"},{"floor":28,"key":"Incense Burner"},{"floor":31,"key":"Regal Pillow"},{"floor":42,"key":"Orichalcum"},{"floor":43,"key":"Lantern"},{"floor":46,"key":"Old Coin"}],"event_choices":[{"damage_healed":0,"gold_gain":0,"player_choice":"Take Damage","damage_taken":17,"relics_obtained":["Golden Idol"],"max_hp_gain":0,"max_hp_loss":0,"event_name":"Golden Idol","floor":4,"gold_loss":0},{"cards_removed":["Defend_G"],"damage_healed":0,"gold_gain":0,"player_choice":"Offered Basic","damage_taken":0,"max_hp_gain":0,"max_hp_loss":0,"event_name":"Bonfire Elementals","floor":10,"gold_loss":0},{"damage_healed":17,"gold_gain":0,"player_choice":"Healed","damage_taken":0,"max_hp_gain":0,"max_hp_loss":0,"event_name":"The Cleric","floor":12,"gold_loss":35},{"damage_healed":0,"gold_gain":0,"player_choice":"Ignored","damage_taken":0,"max_hp_gain":0,"max_hp_loss":0,"event_name":"Ghosts","floor":19,"gold_loss":0},{"damage_healed":0,"gold_gain":0,"player_choice":"Got Potions","damage_taken":0,"max_hp_gain":0,"max_hp_loss":0,"event_name":"The Lab","floor":36,"gold_loss":0},{"damage_healed":0,"gold_gain":0,"player_choice":"Fight","damage_taken":0,"max_hp_gain":0,"max_hp_loss":0,"event_name":"Mysterious Sphere","floor":46,"gold_loss":0},{"damage_healed":0,"gold_gain":0,"player_choice":"Embrace Madness","damage_taken":10,"max_hp_gain":0,"max_hp_loss":0,"event_name":"Winding Halls","floor":48,"gold_loss":0,"cards_obtained":["Madness","Madness"]}],"is_beta":false,"boss_relics":[{"not_picked":["Orrery","Coffee Dripper"],"picked":"Ectoplasm"},{"not_picked":["Eternal Feather","Runic Dome"],"picked":"Runic Pyramid"}],"items_purged_floors":[5,20],"is_endless":false,"potions_floor_spawned":[3,8,16,18,21,31,37,38,41,42,44],"killed_by":"Awakened One","ascension_level":2}