{"gold_per_floor":[110,110,123,143,143,143,162,181,204,204,279,290,255,180,180,279,279,293,193,209,220,230,230,230,105,129,145,160,160,172,184,184,184],"floor_reached":33,"playtime":3102,"items_purged":["Defend_G","Strike_G","Defend_G"],"score":243,"play_id":"47a55658-1732-4ae9-82df-cfa6efd5df8d","local_time":"20181111192551","is_ascension_mode":false,"campfire_choices":[{"data":"Infinite Blades","floor":6,"key":"SMITH"},{"data":"Blur","floor":10,"key":"SMITH"},{"data":"Cloak And Dagger","floor":15,"key":"SMITH"},{"floor":24,"key":"REST"},{"data":"Footwork","floor":29,"key":"SMITH"},{"floor":32,"key":"REST"}],"neow_cost":"NONE","seed_source_timestamp":2834397474234872,"circlet_count":0,"master_deck":["Defend_G","Defend_G","Defend_G","Strike_G","Strike_G","Strike_G","Strike_G","Survivor","Neutralize","Blur+1","Infinite Blades+1","Cloak And Dagger+1","Burst","Leg Sweep","Leg Sweep","A Thousand Cuts","Footwork+1"],"relics":["Ring of the Snake","NeowsBlessing","Anchor","WristBlade","Nloth\u0027s Gift","Pen Nib"],"potions_floor_usage":[5,16,16,33,33,33],"damage_taken":[{"damage":0,"enemies":"Cultist","floor":1,"turns":1},{"damage":0,"enemies":"Jaw Worm","floor":3,"turns":1},{"damage":0,"enemies":"Small Slimes","floor":4,"turns":1},{"damage":0,"enemies":"3 Louse","floor":7,"turns":6},{"damage":0,"enemies":"2 Fungi Beasts","floor":8,"turns":5},{"damage":8,"enemies":"Gremlin Gang","floor":12,"turns":5},{"damage":56,"enemies":"Slime Boss","floor":16,"turns":16},{"damage":0,"enemies":"Shell Parasite","floor":18,"turns":6},{"damage":0,"enemies":"3 Byrds","floor":20,"turns":9},{"damage":14,"enemies":"Centurion and Healer","floor":21,"turns":10},{"damage":11,"enemies":"Cultist and Chosen","floor":22,"turns":10},{"damage":6,"enemies":"Snake Plant","floor":27,"turns":7},{"damage":5,"enemies":"Snecko","floor":28,"turns":7},{"damage":17,"enemies":"Sentry and Sphere","floor":30,"turns":8},{"damage":10,"enemies":"Shelled Parasite and Fungi","floor":31,"turns":8},{"damage":65,"enemies":"Collector","floor":33,"turns":24}],"seed_played":"6781032918322483842","potions_obtained":[{"floor":1,"key":"EssenceOfSteel"},{"floor":3,"key":"SkillPotion"},{"floor":5,"key":"Fruit Juice"},{"floor":5,"key":"GamblersBrew"},{"floor":5,"key":"Energy Potion"},{"floor":12,"key":"Fire Potion"},{"floor":21,"key":"Swift Potion"},{"floor":28,"key":"GhostInAJar"},{"floor":30,"key":"Dexterity Potion"}],"is_trial":false,"path_per_floor":["M","?","M","M","?","R","M","M","T","R","?","M","?","$","R","B",null,"M","$","M","M","M","?","R","$","T","M","M","R","M","M","R","B"],"character_chosen":"THE_SILENT","items_purchased":[],"campfire_rested":2,"item_purchase_floors":[],"current_hp_per_floor":[70,70,70,70,75,75,75,75,75,75,64,56,74,74,74,18,75,75,75,75,61,50,50,72,72,72,66,61,61,44,34,56,0],"gold":184,"neow_bonus":"THREE_ENEMY_KILL","is_prod":false,"is_daily":false,"chose_seed":false,"campfire_upgraded":4,"win_rate":0.0,"timestamp":1541985951,"path_taken":["M","?","?","M","?","R","M","?","T","R","?","M","?","$","R","BOSS","M","$","M","M","M","?","R","$","T","?","M","R","M","M","R","BOSS"],"build_version":"2018-11-08","purchased_purges":3,"victory":false,"max_hp_per_floor":[70,70,70,70,75,75,75,75,75,75,75,75,75,75,75,75,75,75,75,75,75,75,75,75,75,75,75,75,75,75,75,75,75],"card_choices":[{"not_picked":["Caltrops","Sucker Punch"],"picked":"Blur","floor":1},{"not_picked":["Tactician","Sucker Punch"],"picked":"Infinite Blades","floor":3},{"not_picked":["Prepared","Expertise","Heel Hook"],"picked":"SKIP","floor":4},{"not_picked":["Backflip","Poisoned Stab","Prepared"],"picked":"SKIP","floor":7},{"not_picked":["Backflip","Poisoned Stab","Prepared"],"picked":"SKIP","floor":7},{"not_picked":["Backflip","Acrobatics","Endless Agony"],"picked":"SKIP","floor":8},{"not_picked":["Reflex","Dodge and Roll"],"picked":"Cloak And Dagger","floor":12},{"not_picked":["Venomology","Unload"],"picked":"Burst","floor":16},{"not_picked":["Underhanded Strike","Eviscerate"],"picked":"Leg Sweep","floor":18},{"not_picked":["Tactician","Blade Dance","Dagger Spray"],"picked":"SKIP","floor":20},{"not_picked":["Slice","Sucker Punch","PiercingWail"],"picked":"SKIP","floor":21},{"not_picked":["Flying Knee","Poisoned Stab"],"picked":"Leg Sweep","floor":22},{"not_picked":["Calculated Gamble","Blade Dance+1"],"picked":"A Thousand Cuts","floor":27},{"not_picked":["Slice","Bouncing Flask"],"picked":"Footwork","floor":28},{"not_picked":["Deflect+1","Calculated Gamble","Backflip"],"picked":"SKIP","floor":30},{"not_picked":["Bane","Quick Slash","Skewer"],"picked":"SKIP","floor":31}],"player_experience":144880,"relics_obtained":[{"floor":9,"key":"Anchor"},{"floor":26,"key":"Pen Nib"}],"event_choices":[{"damage_healed":0,"gold_gain":0,"player_choice":"Gave Potion","damage_taken":0,"relics_obtained":["PreservedInsect"],"max_hp_gain":0,"max_hp_loss":0,"event_name":"WeMeetAgain","floor":2,"gold_loss":0},{"damage_healed":0,"gold_gain":0,"player_choice":"Got Potions","damage_taken":0,"max_hp_gain":0,"max_hp_loss":0,"event_name":"Lab","floor":5,"gold_loss":0},{"damage_healed":0,"gold_gain":75,"player_choice":"Gather Gold","damage_taken":11,"max_hp_gain":0,"max_hp_loss":0,"event_name":"World of Goop","floor":11,"gold_loss":0},{"damage_healed":18,"gold_gain":0,"player_choice":"Healed","damage_taken":0,"max_hp_gain":0,"max_hp_loss":0,"event_name":"The Cleric","floor":13,"gold_loss":35},{"damage_healed":0,"gold_gain":0,"player_choice":"Traded Relic","damage_taken":0,"relics_obtained":["Nloth\u0027s Gift"],"max_hp_gain":0,"max_hp_loss":0,"event_name":"N\u0027loth","floor":23,"relics_lost":["PreservedInsect"],"gold_loss":0}],"is_beta":false,"boss_relics":[{"not_picked":["Ring of the Serpent","Velvet Choker"],"picked":"WristBlade"}],"items_purged_floors":[14,19,25],"is_endless":false,"potions_floor_spawned":[1,3,12,21,28,30,31],"killed_by":"Collector","ascension_level":0}