{"gold_per_floor":[113,113,131,31,47,47,73,87,87,98,98,112,131,163,163,263,263,274,284,304,44,63,63,97,97,97,97],"floor_reached":27,"playtime":1797,"items_purged":[],"score":334,"play_id":"ba8f0d7b-cfe3-4eed-b951-84db1c216e21","local_time":"20190207180853","is_ascension_mode":true,"campfire_choices":[{"data":"Zap","floor":6.0,"key":"SMITH"},{"data":"Go for the Eyes","floor":11,"key":"SMITH"},{"floor":15,"key":"REST"},{"data":"Defragment","floor":23,"key":"SMITH"},{"floor":25,"key":"REST"}],"neow_cost":"NONE","seed_source_timestamp":68965676351604,"circlet_count":0,"master_deck":["Strike_B","Strike_B","Strike_B","Strike_B","Defend_B","Defend_B","Defend_B","Defend_B","Zap+1","Dualcast","Go for the Eyes+1","Barrage","Streamline","Reinforced Body","Steam","Conserve Battery","Ball Lightning","Stack","Darkness","Capacitor","Core Surge","Core Surge","Self Repair+1","Consume","Bandage Up","Conserve Battery","Loop","Defragment+1","Leap+1"],"special_seed":0,"relics":["Cracked Core","Regal Pillow","FaceOfCleric","Emotion Chip","Pear","Dodecahedron","Lizard Tail","Smiling Mask","WingedGreaves"],"potions_floor_usage":[14,14,16,16,20,24,24],"damage_taken":[{"damage":3.0,"enemies":"2 Louse","floor":1.0,"turns":3.0},{"damage":1.0,"enemies":"Cultist","floor":3.0,"turns":3.0},{"damage":9.0,"enemies":"Jaw Worm","floor":5.0,"turns":2.0},{"damage":23,"enemies":"Lagavulin","floor":7,"turns":8},{"damage":4,"enemies":"2 Fungi Beasts","floor":8,"turns":3},{"damage":13,"enemies":"3 Louse","floor":10,"turns":2},{"damage":0,"enemies":"Exordium Wildlife","floor":12,"turns":3},{"damage":0,"enemies":"Exordium Thugs","floor":13,"turns":3},{"damage":11,"enemies":"3 Sentries","floor":14,"turns":7},{"damage":25,"enemies":"The Guardian","floor":16,"turns":10},{"damage":14,"enemies":"Chosen","floor":18,"turns":5},{"damage":23,"enemies":"Spheric Guardian","floor":19,"turns":5},{"damage":32,"enemies":"Cultist and Chosen","floor":20,"turns":6},{"damage":41,"enemies":"Sentry and Sphere","floor":22,"turns":7},{"damage":40,"enemies":"Book of Stabbing","floor":24,"turns":5},{"damage":88,"enemies":"Gremlin Leader","floor":27,"turns":6}],"seed_played":"2677713971299030735","potions_obtained":[{"floor":3.0,"key":"SpeedPotion"},{"floor":7,"key":"GamblersBrew"},{"floor":13,"key":"SkillPotion"},{"floor":14,"key":"Explosive Potion"},{"floor":16,"key":"Ancient Potion"},{"floor":19,"key":"LiquidBronze"}],"is_trial":false,"path_per_floor":["M","?","M","$","M","R","E","M","T","M","R","M","M","E","R","B",null,"M","M","M","$","M","R","E","R","T","E"],"character_chosen":"DEFECT","items_purchased":["Streamline","Reinforced Body","Bandage Up","Conserve Battery","Loop","Weak Potion"],"campfire_rested":2,"item_purchase_floors":[4,4,21,21,21,21],"current_hp_per_floor":[72,72,72,72,64,64,42,39,49,37,37,38,39,29,71,47,82,69,57,36,36,59,59,30,74,74,0],"gold":97,"neow_bonus":"RANDOM_COMMON_RELIC","is_prod":false,"is_daily":false,"chose_seed":false,"campfire_upgraded":3,"win_rate":0,"timestamp":1549591733,"path_taken":["M","?","M","$","M","R","E","?","T","M","R","M","M","E","R","BOSS","M","M","M","$","M","R","E","R","T","E"],"build_version":"2019-01-23","purchased_purges":0,"victory":false,"max_hp_per_floor":[75,75,76,76,77,77,78,79,89,90,90,91,92,93,93,94,94,95,96,97,97,98,98,99,99,99,99],"card_choices":[{"not_picked":["Turbo","Coolheaded"],"picked":"Go for the Eyes","floor":1.0},{"not_picked":["Rebound","Go for the Eyes"],"picked":"Barrage","floor":3.0},{"not_picked":["Beam Cell","FTL"],"picked":"Steam","floor":5.0},{"not_picked":["Amplify","Compile Driver"],"picked":"Conserve Battery","floor":7},{"not_picked":["Barrage","Sweeping Beam"],"picked":"Ball Lightning","floor":8},{"not_picked":["Redo","Turbo"],"picked":"Stack","floor":10},{"not_picked":["Beam Cell","Melter"],"picked":"Darkness","floor":12},{"not_picked":["Rebound","Melter"],"picked":"Capacitor","floor":13},{"not_picked":["Gash","Leap"],"picked":"Core Surge","floor":14},{"not_picked":["Machine Learning","Multi-Cast"],"picked":"Core Surge","floor":16},{"not_picked":["Sweeping Beam","Blizzard"],"picked":"Self Repair+1","floor":18},{"not_picked":["Streamline+1","Scrape+1","Barrage"],"picked":"SKIP","floor":19},{"not_picked":["Barrage","Go for the Eyes"],"picked":"Consume","floor":20},{"not_picked":["White Noise","FTL+1"],"picked":"Defragment","floor":22},{"not_picked":["Turbo","Skim"],"picked":"Leap+1","floor":24}],"player_experience":426308,"relics_obtained":[{"floor":7,"key":"Emotion Chip"},{"floor":9,"key":"Pear"},{"floor":14,"key":"Dodecahedron"},{"floor":24,"key":"Smiling Mask"},{"floor":26,"key":"WingedGreaves"}],"event_choices":[{"damage_healed":0.0,"max_hp_gain":0.0,"max_hp_loss":0.0,"gold_gain":0.0,"event_name":"FaceTrader","player_choice":"Trade","floor":2.0,"gold_loss":0.0,"damage_taken":0.0,"relics_obtained":["FaceOfCleric"]}],"is_beta":false,"boss_relics":[{"not_picked":["Eternal Feather","Tiny House"],"picked":"Lizard Tail"}],"items_purged_floors":[],"is_endless":false,"potions_floor_spawned":[3,7,13,14,16,19],"killed_by":"Gremlin Leader","ascension_level":5}