{"gold_per_floor":[118,128,141,141,141,154,154,171,195,120,120,120,132,150,150,150],"floor_reached":16,"playtime":620,"items_purged":["Strike_R"],"score":108,"play_id":"64d25541-1d04-40db-b4b9-7fcd1324ce42","local_time":"20181120192938","is_ascension_mode":true,"campfire_choices":[{"floor":7,"key":"RECALL"},{"floor":11,"key":"REST"},{"floor":15,"key":"REST"}],"neow_cost":"NONE","seed_source_timestamp":527459869092221,"circlet_count":0,"master_deck":["Strike_R","Strike_R","Strike_R","Strike_R","Defend_R","Defend_R","Defend_R","Defend_R+1","Whirlwind"],"relics":["Burning Blood","NeowsBlessing","Question Card"],"potions_floor_usage":[16,16],"damage_taken":[{"damage":0,"enemies":"Cultist","floor":1,"turns":1},{"damage":0,"enemies":"Small Slimes","floor":2,"turns":1},{"damage":0,"enemies":"Jaw Worm","floor":3,"turns":1},{"damage":37,"enemies":"Lots of Slimes","floor":6,"turns":5},{"damage":17,"enemies":"Exordium Thugs","floor":8,"turns":11},{"damage":40,"enemies":"Large Slime","floor":13,"turns":13},{"damage":0,"enemies":"Blue Slaver","floor":14,"turns":7},{"damage":62,"enemies":"Slime Boss","floor":16,"turns":12}],"seed_played":"-5181093570144403482","potions_obtained":[{"floor":1,"key":"Dexterity Potion"},{"floor":6,"key":"Block Potion"}],"is_trial":false,"path_per_floor":["M","M","M","?","?","M","R","M","T","$","R","T","M","M","R","B"],"character_chosen":"IRONCLAD","items_purchased":[],"campfire_rested":2,"item_purchase_floors":[],"current_hp_per_floor":[80,80,80,80,80,49,49,38,38,38,62,62,28,34,58,0],"gold":150,"neow_bonus":"THREE_ENEMY_KILL","is_prod":false,"is_daily":false,"chose_seed":false,"campfire_upgraded":0,"win_rate":0,"timestamp":1542763778,"path_taken":["M","?","M","?","?","M","R","?","T","$","R","?","M","M","R","BOSS"],"build_version":"2018-11-15","purchased_purges":1,"victory":false,"max_hp_per_floor":[80,80,80,80,80,80,80,80,80,80,80,80,80,80,80,80],"card_choices":[{"not_picked":["Sever Soul","Ghostly Armor","Warcry"],"picked":"SKIP","floor":1},{"not_picked":["Perfected Strike","Body Slam","Pommel Strike"],"picked":"SKIP","floor":2},{"not_picked":["Rampage","Corruption","Iron Wave"],"picked":"SKIP","floor":3},{"not_picked":["Body Slam","Sword Boomerang","Wild Strike"],"picked":"SKIP","floor":6},{"not_picked":["Headbutt","Clash"],"picked":"Whirlwind","floor":8},{"not_picked":["Pommel Strike","True Grit","Flex","Searing Blow"],"picked":"SKIP","floor":13},{"not_picked":["Pummel","Barricade","Second Wind","Sword Boomerang"],"picked":"SKIP","floor":14}],"player_experience":454292,"relics_obtained":[{"floor":12,"key":"Question Card"}],"event_choices":[{"cards_removed":["Bash"],"damage_healed":0,"gold_gain":0,"player_choice":"Forget","damage_taken":0,"max_hp_gain":0,"max_hp_loss":0,"event_name":"Living Wall","floor":4,"gold_loss":0},{"damage_healed":0,"gold_gain":0,"player_choice":"Upgraded","damage_taken":0,"max_hp_gain":0,"max_hp_loss":0,"event_name":"Upgrade Shrine","floor":5,"gold_loss":0,"cards_upgraded":["Defend_R"]}],"is_beta":false,"boss_relics":[],"items_purged_floors":[10],"is_endless":false,"potions_floor_spawned":[1,6],"killed_by":"Slime Boss","ascension_level":3}