{"gold_per_floor":[114,114,125,139,139,104,166,179,179,179,35,70,70,93,93,93],"floor_reached":16,"playtime":499,"items_purged":[],"score":170,"play_id":"23db2800-38c8-4132-a21e-0204ad10ffe0","local_time":"20190225232037","is_ascension_mode":true,"campfire_choices":[{"floor":13,"key":"REST"},{"floor":15,"key":"REST"}],"neow_cost":"PERCENT_DAMAGE","seed_source_timestamp":321618082904834,"circlet_count":0,"master_deck":["AscendersBane","Strike_R","Strike_R","Strike_R","Strike_R","Strike_R","Defend_R+1","Defend_R+1","Defend_R","Defend_R","Bash","Double Tap","Perfected Strike","Rampage","Warcry","True Grit","Corruption","Trip","Perfected Strike","Whirlwind","True Grit"],"relics":["Burning Blood","Smiling Mask","Frozen Egg 2","Golden Idol","War Paint"],"potions_floor_usage":[7,12,16],"damage_taken":[{"damage":14,"enemies":"Jaw Worm","floor":1,"turns":3},{"damage":0,"enemies":"2 Louse","floor":3,"turns":2},{"damage":0,"enemies":"Small Slimes","floor":4,"turns":3},{"damage":32,"enemies":"Gremlin Nob","floor":7,"turns":4},{"damage":13,"enemies":"2 Fungi Beasts","floor":8,"turns":4},{"damage":28,"enemies":"Lagavulin","floor":12,"turns":5},{"damage":3,"enemies":"Blue Slaver","floor":14,"turns":3},{"damage":61,"enemies":"Slime Boss","floor":16,"turns":5}],"seed_played":"-6983205749528227114","potions_obtained":[{"floor":4,"key":"SkillPotion"},{"floor":7,"key":"SteroidPotion"},{"floor":12,"key":"GamblersBrew"},{"floor":14,"key":"LiquidBronze"}],"is_trial":false,"path_per_floor":["M","?","M","M","$","?","?","M","T","?","$","E","R","M","R","B"],"character_chosen":"IRONCLAD","items_purchased":["Trip","Perfected Strike"],"campfire_rested":2,"item_purchase_floors":[11,11],"current_hp_per_floor":[42,39,45,51,51,69,43,36,36,36,36,14,34,37,57,0],"gold":93,"neow_bonus":"THREE_RARE_CARDS","is_prod":false,"is_daily":false,"chose_seed":false,"campfire_upgraded":0,"win_rate":0,"timestamp":1551104437,"path_taken":["M","?","M","M","$","?","?","M","T","?","$","E","R","M","R","BOSS"],"build_version":"2019-01-23","purchased_purges":0,"victory":false,"max_hp_per_floor":[75,75,75,75,75,75,75,75,75,69,69,69,69,69,69,69],"card_choices":[{"not_picked":["Brutality","Berserk"],"picked":"Double Tap","floor":0},{"not_picked":["Bloodletting","Thunderclap"],"picked":"Perfected Strike","floor":1},{"not_picked":["Entrench","Anger"],"picked":"Rampage","floor":3},{"not_picked":["Pummel","Anger"],"picked":"Warcry","floor":4},{"not_picked":["Shockwave","Anger"],"picked":"True Grit","floor":7},{"not_picked":["Havoc","Battle Trance"],"picked":"Corruption","floor":8},{"not_picked":["Infernal Blade","Burning Pact"],"picked":"Whirlwind","floor":12},{"not_picked":["Clash","Clothesline"],"picked":"True Grit","floor":14}],"player_experience":103793,"relics_obtained":[{"floor":7,"key":"Smiling Mask"},{"floor":9,"key":"Frozen Egg 2"},{"floor":12,"key":"War Paint"}],"event_choices":[{"damage_healed":0,"gold_gain":0,"player_choice":"Fled","damage_taken":3,"max_hp_gain":0,"max_hp_loss":0,"event_name":"Scrap Ooze","floor":2,"gold_loss":0},{"damage_healed":18,"gold_gain":0,"player_choice":"Healed","damage_taken":0,"max_hp_gain":0,"max_hp_loss":0,"event_name":"The Cleric","floor":6,"gold_loss":35},{"damage_healed":0,"gold_gain":30,"player_choice":"Searched \u00273\u0027 times","damage_taken":0,"max_hp_gain":0,"max_hp_loss":0,"event_name":"Dead Adventurer","floor":7,"gold_loss":0},{"damage_healed":0,"gold_gain":0,"player_choice":"Lose Max HP","damage_taken":0,"relics_obtained":["Golden Idol"],"max_hp_gain":0,"max_hp_loss":6,"event_name":"Golden Idol","floor":10,"gold_loss":0}],"is_beta":false,"boss_relics":[],"items_purged_floors":[],"is_endless":false,"potions_floor_spawned":[4,7,12,14],"killed_by":"Slime Boss","ascension_level":14}