{"gold_per_floor":[111,111,39,39,39,39,69,82,82,82,96,111,74,103,103,103],"floor_reached":16,"playtime":566,"items_purged":[],"score":233,"play_id":"67435cca-588b-4492-8f29-6002f3bcb68d","local_time":"20190301005036","is_ascension_mode":true,"campfire_choices":[{"data":"Body Slam","floor":6,"key":"SMITH"},{"data":"True Grit","floor":10,"key":"SMITH"},{"data":"Armaments","floor":15,"key":"SMITH"}],"neow_cost":"NONE","seed_source_timestamp":586158344771066,"circlet_count":0,"master_deck":["AscendersBane","Strike_R","Strike_R","Strike_R","Defend_R","Defend_R","Defend_R","Defend_R","Bash","Metallicize","True Grit+1","Body Slam+1","Whirlwind","Armaments+1","Iron Wave","Feel No Pain","Iron Wave"],"relics":["Burning Blood","NeowsBlessing","Singing Bowl","Question Card","Peace Pipe"],"potions_floor_usage":[11,14,16],"damage_taken":[{"damage":0,"enemies":"2 Louse","floor":1,"turns":1},{"damage":0,"enemies":"Gremlin Nob","floor":7,"turns":1},{"damage":0,"enemies":"Jaw Worm","floor":8,"turns":1},{"damage":4,"enemies":"Cultist","floor":11,"turns":5},{"damage":0,"enemies":"Lots of Slimes","floor":12,"turns":1},{"damage":12,"enemies":"3 Sentries","floor":14,"turns":9},{"damage":85,"enemies":"Hexaghost","floor":16,"turns":15}],"seed_played":"1508147857308089293","potions_obtained":[{"floor":1,"key":"EssenceOfSteel"},{"floor":11,"key":"Fruit Juice"},{"floor":12,"key":"SkillPotion"}],"is_trial":false,"path_per_floor":["M","?","$","?","?","R","E","M","T","R","M","M","$","E","R","B"],"character_chosen":"IRONCLAD","items_purchased":["True Grit","Body Slam","Feel No Pain"],"campfire_rested":0,"item_purchase_floors":[3,3,13],"current_hp_per_floor":[74,67,67,72,72,72,80,82,82,82,87,87,87,81,81,0],"gold":103,"neow_bonus":"THREE_ENEMY_KILL","is_prod":false,"is_daily":false,"chose_seed":false,"campfire_upgraded":3,"win_rate":0,"timestamp":1551369036,"path_taken":["M","?","$","?","?","R","E","M","T","R","M","M","$","E","R","BOSS"],"build_version":"2019-01-23","purchased_purges":0,"victory":false,"max_hp_per_floor":[75,75,75,80,80,80,82,82,82,82,87,87,87,87,87,87],"card_choices":[{"not_picked":["Battle Trance","Clothesline"],"picked":"Metallicize","floor":1},{"not_picked":["Burning Pact","Perfected Strike","Reckless Charge"],"picked":"Singing Bowl","floor":7},{"not_picked":["Disarm","Battle Trance"],"picked":"Whirlwind","floor":8},{"not_picked":["Perfected Strike","Body Slam","Pommel Strike"],"picked":"Armaments","floor":11},{"not_picked":["Seeing Red","Disarm","Shrug It Off"],"picked":"Iron Wave","floor":12},{"not_picked":["Disarm","Searing Blow","Sword Boomerang"],"picked":"Iron Wave","floor":14}],"player_experience":141232,"relics_obtained":[{"floor":7,"key":"Singing Bowl"},{"floor":9,"key":"Question Card"},{"floor":14,"key":"Peace Pipe"}],"event_choices":[{"cards_removed":["Strike_R"],"damage_healed":0,"gold_gain":0,"player_choice":"Card Removal","damage_taken":7,"max_hp_gain":0,"max_hp_loss":0,"event_name":"Golden Wing","floor":2,"gold_loss":0},{"damage_healed":0,"gold_gain":0,"player_choice":"Donut","damage_taken":0,"max_hp_gain":5,"max_hp_loss":0,"event_name":"Big Fish","floor":4,"gold_loss":0},{"cards_removed":["Strike_R"],"damage_healed":0,"gold_gain":0,"player_choice":"Offered Basic","damage_taken":0,"max_hp_gain":0,"max_hp_loss":0,"event_name":"Bonfire Elementals","floor":5,"gold_loss":0}],"is_beta":false,"boss_relics":[],"items_purged_floors":[],"is_endless":false,"potions_floor_spawned":[1,11,12],"killed_by":"Hexaghost","ascension_level":15}