{"gold_per_floor":[113,113,127,204,224,235,235,235,235,245,245,261,292,309,309,405,405,423,423,435,445,145,145,159,159,159,179,190,190,201,228,228,228],"floor_reached":33,"playtime":4200,"items_purged":["Strike_G"],"score":300,"play_id":"3905f1d3-3579-48e7-bc71-191c29a31316","local_time":"20180827171753","is_ascension_mode":true,"campfire_choices":[{"data":"Backstab","floor":8.0,"key":"SMITH"},{"floor":11.0,"key":"REST"},{"data":"Predator","floor":15.0,"key":"SMITH"},{"floor":23,"key":"REST"},{"floor":25,"key":"REST"},{"floor":29,"key":"REST"},{"floor":32,"key":"REST"}],"neow_cost":"","seed_source_timestamp":0,"circlet_count":0,"master_deck":["Defend_G","Defend_G","Defend_G","Defend_G","Defend_G","Strike_G","Strike_G","Strike_G","Survivor","Neutralize","Dagger Throw","Predator+1","Expertise","Backstab+1","Cloak And Dagger","Well Laid Plans","Dagger Spray","Dagger Spray","After Image","Backflip","Writhe","Predator","Blade Dance","Well Laid Plans","Blade Dance","Underhanded Strike","Eviscerate","Blur+1","Tools of the Trade"],"special_seed":0,"relics":["Ring of the Snake","Dodecahedron","Mercury Hourglass","HoveringKite","Shuriken","Darkstone Periapt","Ginger"],"potions_floor_usage":[18,30,31,31],"damage_taken":[{"damage":2.0,"enemies":"Cultist","floor":1.0,"turns":5.0},{"damage":0.0,"enemies":"2 Louse","floor":3.0,"turns":3.0},{"damage":7.0,"enemies":"Small Slimes","floor":5.0,"turns":3.0},{"damage":9.0,"enemies":"3 Louse","floor":6.0,"turns":4.0},{"damage":15.0,"enemies":"Large Slime","floor":10.0,"turns":7.0},{"damage":0.0,"enemies":"Looter","floor":12.0,"turns":2.0},{"damage":14.0,"enemies":"Lagavulin","floor":13.0,"turns":8.0},{"damage":3.0,"enemies":"Blue Slaver","floor":14.0,"turns":3.0},{"damage":51.0,"enemies":"Hexaghost","floor":16.0,"turns":12.0},{"damage":11,"enemies":"Shell Parasite","floor":18,"turns":7},{"damage":11,"enemies":"Spheric Guardian","floor":20,"turns":4},{"damage":26,"enemies":"Shelled Parasite and Fungi","floor":21,"turns":9},{"damage":7,"enemies":"Chosen and Byrds","floor":24,"turns":4},{"damage":23,"enemies":"Centurion and Healer","floor":27,"turns":7},{"damage":36,"enemies":"Snake Plant","floor":28,"turns":4},{"damage":0,"enemies":"3 Cultists","floor":30,"turns":3},{"damage":1,"enemies":"Slavers","floor":31,"turns":4},{"damage":48,"enemies":"Collector","floor":33,"turns":5}],"seed_played":"-6451317863761666051","potions_obtained":[{"floor":3.0,"key":"Regen Potion"},{"floor":13.0,"key":"SkillPotion"},{"floor":14.0,"key":"GamblersBrew"},{"floor":16.0,"key":"GamblersBrew"},{"floor":27,"key":"SteroidPotion"},{"floor":28,"key":"PowerPotion"},{"floor":30,"key":"Dexterity Potion"},{"floor":31,"key":"GamblersBrew"}],"is_trial":false,"path_per_floor":["M","?","M","?","M","M","?","R","T","M","R","M","E","M","R","B",null,"M","?","M","M","$","R","M","R","T","M","M","R","M","E","R"],"character_chosen":"THE_SILENT","items_purchased":["Blade Dance","Well Laid Plans","FairyPotion"],"campfire_rested":5,"item_purchase_floors":[22,22,22],"current_hp_per_floor":[68,68,68,68,61,52,52,52,52,37,58,58,59,56,56,5,70,59,59,48,22,22,43,36,57,57,34,7,28,28,27,48,0],"gold":228,"neow_bonus":"","is_prod":false,"is_daily":false,"chose_seed":false,"campfire_upgraded":2,"win_rate":0,"timestamp":1535415473,"path_taken":["M","?","M","?","M","?","?","R","T","M","R","?","E","M","R","BOSS","M","?","M","M","$","R","M","R","T","M","M","R","M","E","R","BOSS"],"build_version":"2018-08-23v2","purchased_purges":1,"victory":false,"max_hp_per_floor":[70,70,70,70,70,70,70,70,70,70,70,70,70,70,70,70,70,70,70,70,70,70,70,70,70,70,70,70,70,70,70,70,70],"card_choices":[{"not_picked":["Slice","Caltrops"],"picked":"Dagger Throw","floor":1.0},{"not_picked":["Prepared","Bane"],"picked":"Predator","floor":3.0},{"not_picked":["Distraction","Tactician"],"picked":"Expertise","floor":5.0},{"not_picked":["Eviscerate","Riddle With Holes"],"picked":"Backstab","floor":6.0},{"not_picked":["Reflex","Dodge and Roll"],"picked":"Cloak And Dagger","floor":10.0},{"not_picked":["Acrobatics","Expertise"],"picked":"Well Laid Plans","floor":12.0},{"not_picked":["Accuracy","Well Laid Plans"],"picked":"Dagger Spray","floor":13.0},{"not_picked":["Eviscerate","Slice"],"picked":"Dagger Spray","floor":14.0},{"not_picked":["Doppelganger","Phantasmal Killer"],"picked":"After Image","floor":16.0},{"not_picked":["Sucker Punch","Infinite Blades"],"picked":"Backflip","floor":18},{"not_picked":["Catalyst","Slice","Distraction"],"picked":"SKIP","floor":20},{"not_picked":["Prepared","Poisoned Stab+1"],"picked":"Predator","floor":21},{"not_picked":["Deflect","Bane"],"picked":"Blade Dance","floor":24},{"not_picked":["Slice","Blur"],"picked":"Underhanded Strike","floor":27},{"not_picked":["Predator+1","Choke"],"picked":"Eviscerate","floor":28},{"not_picked":["All Out Attack+1","Burst"],"picked":"Blur+1","floor":30},{"not_picked":["Quick Slash+1","Bane"],"picked":"Tools of the Trade","floor":31}],"player_experience":122326,"relics_obtained":[{"floor":9.0,"key":"Dodecahedron"},{"floor":13.0,"key":"Mercury Hourglass"},{"floor":26,"key":"Darkstone Periapt"},{"floor":31,"key":"Ginger"}],"event_choices":[{"event_name":"Living Wall","player_choice":"Forget","floor":2.0,"damage_taken":0.0},{"event_name":"Golden Wing","player_choice":"Gained Gold","floor":4.0,"damage_taken":0.0},{"event_name":"Liars Game","player_choice":"disagreed","floor":7.0,"damage_taken":0.0},{"event_name":"The Mausoleum","player_choice":"Yes","floor":19,"damage_taken":0}],"is_beta":false,"boss_relics":[{"not_picked":["Coffee Dripper","Snecko Eye"],"picked":"HoveringKite"}],"items_purged_floors":[22],"is_endless":false,"potions_floor_spawned":[3,13,14,16,27,28,30,31],"killed_by":"Collector","ascension_level":2}