{"gold_per_floor":[209,221,239,252,264,45,45,60,86,114,114,131,142,171,171,247,247,259,278,67,79,94,127,127,140,140,153,153,40,60,60,60,139,139,153,169,92,92,112,112,512,512,566,576,576,576,576,588,588,588],"floor_reached":50,"playtime":2827,"items_purged":["Defend_R"],"score":919,"play_id":"48c4d194-1ccf-4761-8564-d6096a637f46","local_time":"20190301004052","is_ascension_mode":true,"campfire_choices":[{"floor":15,"key":"REST"},{"data":"Evolve","floor":24,"key":"SMITH"},{"data":"Armaments","floor":28,"key":"SMITH"},{"floor":32,"key":"REST"},{"data":"Double Tap","floor":40,"key":"SMITH"},{"data":"Dark Embrace","floor":42,"key":"SMITH"},{"data":"Evolve","floor":45,"key":"SMITH"},{"floor":49,"key":"REST"}],"neow_cost":"NONE","seed_source_timestamp":583312737160649,"circlet_count":0,"master_deck":["AscendersBane","Strike_R","Strike_R","Strike_R","Strike_R","Strike_R","Defend_R","Defend_R","Bash","Wild Strike","Second Wind","Wild Strike","Wild Strike","Sentinel","Feel No Pain","Perfected Strike","Double Tap+1","Headbutt","Wild Strike","Dark Embrace+1","Fiend Fire","True Grit+1","Perfected Strike","Power Through+1","Evolve+1","Wild Strike","Shrug It Off","Wild Strike","Headbutt","Warcry+1","Armaments+1","Evolve+1","Seeing Red+1","Offering+1","Shrug It Off+1","Burning Pact+1","Seeing Red+1","Warcry","Secret Technique","Blind","Parasite"],"relics":["Burning Blood","Vajra","Oddly Smooth Stone","Bronze Scales","Red Skull","Meat on the Bone","Runic Dome","Mummified Hand","Black Star","Blue Candle","Old Coin","War Paint"],"potions_floor_usage":[3,10,14,16,19,21,23,25,27,33,39,41,47,50],"damage_taken":[{"damage":6,"enemies":"Cultist","floor":1,"turns":3},{"damage":0,"enemies":"2 Louse","floor":2,"turns":2},{"damage":0,"enemies":"Jaw Worm","floor":3,"turns":3},{"damage":16,"enemies":"Lots of Slimes","floor":4,"turns":5},{"damage":30,"enemies":"Exordium Wildlife","floor":5,"turns":5},{"damage":10,"enemies":"Looter","floor":8,"turns":3},{"damage":11,"enemies":"3 Sentries","floor":10,"turns":9},{"damage":0,"enemies":"2 Fungi Beasts","floor":12,"turns":2},{"damage":10,"enemies":"3 Louse","floor":13,"turns":3},{"damage":22,"enemies":"Lagavulin","floor":14,"turns":5},{"damage":37,"enemies":"The Guardian","floor":16,"turns":10},{"damage":24,"enemies":"2 Thieves","floor":18,"turns":4},{"damage":19,"enemies":"Spheric Guardian","floor":19,"turns":3},{"damage":0,"enemies":"Centurion and Healer","floor":21,"turns":6},{"damage":12,"enemies":"Cultist and Chosen","floor":22,"turns":3},{"damage":16,"enemies":"Slavers","floor":23,"turns":4},{"damage":24,"enemies":"Snake Plant","floor":25,"turns":2},{"damage":0,"enemies":"Centurion and Healer","floor":27,"turns":4},{"damage":12,"enemies":"3 Cultists","floor":30,"turns":5},{"damage":27,"enemies":"Automaton","floor":33,"turns":8},{"damage":9,"enemies":"3 Shapes","floor":35,"turns":7},{"damage":31,"enemies":"3 Darklings","floor":36,"turns":7},{"damage":29,"enemies":"Maw","floor":39,"turns":6},{"damage":24,"enemies":"Mind Bloom Boss Battle","floor":41,"turns":4},{"damage":6,"enemies":"Sphere and 2 Shapes","floor":44,"turns":3},{"damage":18,"enemies":"Transient","floor":47,"turns":4},{"damage":38,"enemies":"Writhing Mass","floor":48,"turns":3},{"damage":47,"enemies":"Donu and Deca","floor":50,"turns":5}],"seed_played":"-8295195165280573773","potions_obtained":[{"floor":1,"key":"Block Potion"},{"floor":4,"key":"Weak Potion"},{"floor":5,"key":"Block Potion"},{"floor":13,"key":"SteroidPotion"},{"floor":16,"key":"SteroidPotion"},{"floor":18,"key":"FearPotion"},{"floor":22,"key":"Block Potion"},{"floor":25,"key":"SkillPotion"},{"floor":27,"key":"Regen Potion"},{"floor":36,"key":"SmokeBomb"},{"floor":39,"key":"SkillPotion"},{"floor":44,"key":"LiquidBronze"}],"is_trial":false,"path_per_floor":["M","M","M","M","M","$","T","M","T","E","?","M","M","E","R","B",null,"M","M","$","M","M","E","R","M","T","M","R","$","M","?","R","B",null,"M","M","$","T","M","R","?","R","T","M","R","?","M","M","R","B"],"character_chosen":"IRONCLAD","items_purchased":["Sentinel","Vajra","Power Through","Evolve","Block Potion","Wild Strike","Evolve","Regen Potion"],"campfire_rested":3,"item_purchase_floors":[6,6,20,20,20,20,29,37],"current_hp_per_floor":[68,74,75,65,41,41,41,37,37,32,32,38,34,18,40,21,62,44,43,43,49,55,45,45,39,39,45,45,45,51,51,73,67,73,70,45,45,45,49,49,43,43,43,55,55,45,45,25,47,0],"gold":588,"neow_bonus":"HUNDRED_GOLD","is_prod":false,"is_daily":false,"chose_seed":false,"campfire_upgraded":5,"win_rate":0,"timestamp":1551368452,"path_taken":["M","M","M","M","M","$","?","M","T","E","?","M","M","E","R","BOSS","M","?","$","M","M","E","R","M","T","M","R","?","M","?","R","BOSS","M","M","$","?","M","R","?","R","T","M","R","?","M","M","R","BOSS"],"build_version":"2019-01-23","purchased_purges":1,"victory":false,"max_hp_per_floor":[75,75,75,75,75,75,75,75,75,75,75,75,75,75,75,75,75,75,75,75,75,75,75,75,75,75,75,75,75,75,75,75,75,75,75,75,75,75,75,75,75,75,75,75,75,75,75,75,75,75],"card_choices":[{"not_picked":["Reckless Charge","Anger"],"picked":"Wild Strike","floor":1},{"not_picked":["Clothesline","Sentinel"],"picked":"Second Wind","floor":2},{"not_picked":["Corruption","Flex"],"picked":"Wild Strike","floor":3},{"not_picked":["Whirlwind","Searing Blow"],"picked":"Wild Strike","floor":4},{"not_picked":["Dual Wield","Havoc","Clothesline"],"picked":"SKIP","floor":5},{"not_picked":["Burning Pact","Cleave"],"picked":"Feel No Pain","floor":8},{"not_picked":["Clothesline","Twin Strike"],"picked":"Perfected Strike","floor":10},{"not_picked":["Burning Pact","Body Slam"],"picked":"Headbutt","floor":12},{"not_picked":["Flex","Havoc"],"picked":"Wild Strike","floor":13},{"not_picked":["Body Slam","Wild Strike"],"picked":"Dark Embrace","floor":14},{"not_picked":["Juggernaut","Exhume"],"picked":"Fiend Fire","floor":16},{"not_picked":["Warcry","Headbutt"],"picked":"True Grit+1","floor":18},{"not_picked":["Clash","Ghostly Armor"],"picked":"Perfected Strike","floor":19},{"not_picked":["Bloodletting","Heavy Blade"],"picked":"Shrug It Off","floor":21},{"not_picked":["Iron Wave","Seeing Red"],"picked":"Wild Strike","floor":22},{"not_picked":["Clothesline","Fire Breathing"],"picked":"Headbutt","floor":23},{"not_picked":["Anger+1","Feed"],"picked":"Warcry+1","floor":25},{"not_picked":["Dual Wield","Rupture"],"picked":"Armaments","floor":27},{"not_picked":["Twin Strike","Flex+1"],"picked":"Seeing Red+1","floor":30},{"not_picked":["Bludgeon","Demon Form"],"picked":"Offering","floor":33},{"not_picked":["Thunderclap+1","Clash"],"picked":"Shrug It Off+1","floor":35},{"not_picked":["Shrug It Off","Cleave","Uppercut"],"picked":"SKIP","floor":36},{"not_picked":["Bloodletting","Inflame"],"picked":"Burning Pact+1","floor":39},{"not_picked":["Twin Strike","True Grit"],"picked":"Seeing Red+1","floor":41},{"not_picked":["Burning Pact","Body Slam"],"picked":"Warcry","floor":44},{"not_picked":["Finesse","Swift Strike"],"picked":"Secret Technique","floor":46},{"not_picked":["Impatience","HandOfGreed"],"picked":"Blind","floor":46},{"not_picked":["Pommel Strike","Headbutt","Warcry"],"picked":"SKIP","floor":48}],"player_experience":138405,"relics_obtained":[{"floor":7,"key":"Oddly Smooth Stone"},{"floor":9,"key":"Bronze Scales"},{"floor":10,"key":"Red Skull"},{"floor":14,"key":"Meat on the Bone"},{"floor":23,"key":"Mummified Hand"},{"floor":38,"key":"Blue Candle"},{"floor":41,"key":"Old Coin"},{"floor":43,"key":"War Paint"}],"event_choices":[{"damage_healed":0,"gold_gain":0,"player_choice":"1 cards matched","damage_taken":0,"max_hp_gain":0,"max_hp_loss":0,"event_name":"Match and Keep!","floor":11,"gold_loss":0,"cards_obtained":["Double Tap"]},{"cards_removed":["Defend_R"],"damage_healed":0,"gold_gain":0,"player_choice":"Card Removal","damage_taken":0,"max_hp_gain":0,"max_hp_loss":0,"event_name":"Wheel of Change","floor":31,"gold_loss":0},{"damage_healed":0,"gold_gain":0,"player_choice":"Fight","damage_taken":0,"max_hp_gain":0,"max_hp_loss":0,"event_name":"MindBloom","floor":41,"gold_loss":0},{"damage_healed":0,"gold_gain":0,"player_choice":"Memory 3","damage_taken":10,"max_hp_gain":0,"max_hp_loss":0,"event_name":"SensoryStone","floor":46,"gold_loss":0}],"is_beta":false,"boss_relics":[{"not_picked":["Lizard Tail","Fusion Hammer"],"picked":"Runic Dome"},{"not_picked":["Astrolabe","Coffee Dripper"],"picked":"Black Star"}],"items_purged_floors":[29],"is_endless":false,"potions_floor_spawned":[1,4,5,13,16,18,22,25,27,36,39,44],"killed_by":"Donu and Deca","ascension_level":15}