{"gold_per_floor":[115,66,66,79,79,79,2,2,25,61,80,94,1,42,42,161,161,174,187,187,74,94,94,94,94,119,135,135,149,176,176,176,176],"floor_reached":33,"playtime":3157,"items_purged":[],"score":323,"play_id":"88a63079-4832-4fe2-9700-08d53c708841","local_time":"20181223224315","is_ascension_mode":false,"campfire_choices":[{"data":"Dualcast","floor":6.0,"key":"SMITH"},{"floor":15.0,"key":"REST"},{"data":"Machine Learning","floor":23.0,"key":"SMITH"},{"data":"Streamline","floor":25.0,"key":"SMITH"},{"data":"Storm","floor":28.0,"key":"SMITH"},{"data":"Fusion","floor":32,"key":"SMITH"}],"neow_cost":"NONE","seed_source_timestamp":0,"circlet_count":0,"master_deck":["Strike_B","Strike_B","Strike_B","Defend_B","Defend_B","Defend_B","Zap","Dualcast+1","Scrape","Sweeping Beam","Hologram","Biased Cognition","Conserve Battery","Streamline+1","Redo","Rip and Tear","Coolheaded","Coolheaded","Machine Learning+1","Ball Lightning","BootSequence","Ghostly","Ghostly","Ghostly","Ghostly","Ghostly","Beam Cell","Storm+1","All For One","Defragment+1","Reprogram+1","Fusion+1","Dramatic Entrance"],"special_seed":0,"relics":["Cracked Core","NeowsBlessing","Bloody Idol","Bronze Scales","Nunchaku","Calipers","Velvet Choker","Boot","Pen Nib"],"potions_floor_usage":[],"damage_taken":[{"damage":0.0,"enemies":"Jaw Worm","floor":1.0,"turns":1.0},{"damage":0.0,"enemies":"Small Slimes","floor":4.0,"turns":1.0},{"damage":0.0,"enemies":"3 Sentries","floor":10.0,"turns":1.0},{"damage":0.0,"enemies":"Cultist","floor":11.0,"turns":2.0},{"damage":16.0,"enemies":"Exordium Thugs","floor":12.0,"turns":4.0},{"damage":4.0,"enemies":"Lagavulin","floor":14.0,"turns":4.0},{"damage":40.0,"enemies":"Slime Boss","floor":16.0,"turns":17.0},{"damage":17.0,"enemies":"2 Thieves","floor":18.0,"turns":4.0},{"damage":0.0,"enemies":"3 Byrds","floor":19.0,"turns":2.0},{"damage":4.0,"enemies":"Sentry and Sphere","floor":22.0,"turns":6.0},{"damage":2.0,"enemies":"Centurion and Healer","floor":27.0,"turns":5.0},{"damage":0.0,"enemies":"Snake Plant","floor":29.0,"turns":3.0},{"damage":5.0,"enemies":"Book of Stabbing","floor":30.0,"turns":4.0},{"damage":60,"enemies":"Automaton","floor":33,"turns":8}],"seed_played":"-1459671726332953283","potions_obtained":[{"floor":14.0,"key":"Regen Potion"},{"floor":16.0,"key":"FairyPotion"},{"floor":27.0,"key":"EntropicBrew"}],"is_trial":false,"path_per_floor":["M","$","?","M","?","R","$","?","T","E","M","M","$","E","R","B",null,"M","M","?","$","M","R","?","R","T","M","R","M","E","?","R","B"],"character_chosen":"DEFECT","items_purchased":["Sweeping Beam","Biased Cognition","Rip and Tear","Coolheaded","Beam Cell","Storm"],"campfire_rested":1,"item_purchase_floors":[2,7,13,13,21,21],"current_hp_per_floor":[75,75,75,75,68,68,68,68,68,68,68,52,52,48,68,28,69,52,52,34,34,30,30,30,30,34,34,34,34,34,22,22,0],"gold":176,"neow_bonus":"THREE_ENEMY_KILL","is_prod":false,"is_daily":false,"chose_seed":false,"campfire_upgraded":5,"win_rate":0.0,"timestamp":1545601395,"path_taken":["M","$","?","M","?","R","$","?","T","E","?","?","?","E","R","BOSS","M","M","?","$","M","R","?","R","T","M","R","M","E","?","R","BOSS"],"build_version":"2018-12-20","purchased_purges":0,"victory":false,"max_hp_per_floor":[75,75,75,75,75,75,75,69,69,69,69,69,69,69,69,69,69,69,69,34,34,34,34,34,34,34,34,34,34,34,34,34,34],"card_choices":[{"not_picked":["Compile Driver","Steam"],"picked":"Scrape","floor":1.0},{"not_picked":["Sweeping Beam","Hologram","Barrage"],"picked":"SKIP","floor":4.0},{"not_picked":["Sweeping Beam","Barrage"],"picked":"Hologram","floor":4.0},{"not_picked":["Loop","Genetic Algorithm"],"picked":"Conserve Battery","floor":10.0},{"not_picked":["Ball Lightning","Stack"],"picked":"Streamline","floor":11.0},{"not_picked":["Gash","Hologram"],"picked":"Redo","floor":12.0},{"not_picked":["Barrage","Scrape"],"picked":"Coolheaded","floor":14.0},{"not_picked":["Biased Cognition","Amplify"],"picked":"Machine Learning","floor":16.0},{"not_picked":["Sweeping Beam","Cold Snap"],"picked":"Ball Lightning","floor":18.0},{"not_picked":["Steam","Aggregate"],"picked":"BootSequence","floor":19.0},{"not_picked":["Go for the Eyes","Coolheaded"],"picked":"All For One","floor":22.0},{"not_picked":["Beam Cell","Redo"],"picked":"Defragment+1","floor":27.0},{"not_picked":["Gash","Beam Cell+1"],"picked":"Reprogram+1","floor":29.0},{"not_picked":["Streamline","Storm"],"picked":"Fusion","floor":30.0}],"player_experience":64608,"relics_obtained":[{"floor":9.0,"key":"Bronze Scales"},{"floor":10.0,"key":"Nunchaku"},{"floor":14.0,"key":"Calipers"},{"floor":26.0,"key":"Boot"},{"floor":30.0,"key":"Pen Nib"}],"event_choices":[{"cards_removed":["Strike_B"],"damage_healed":0.0,"max_hp_gain":0.0,"max_hp_loss":0.0,"gold_gain":0.0,"event_name":"Living Wall","player_choice":"Forget","floor":3.0,"gold_loss":0.0,"damage_taken":0.0},{"cards_removed":["Defend_B"],"damage_healed":0.0,"max_hp_gain":0.0,"max_hp_loss":0.0,"gold_gain":0.0,"event_name":"Golden Wing","player_choice":"Card Removal","floor":5.0,"gold_loss":0.0,"damage_taken":7.0},{"damage_healed":0.0,"max_hp_gain":0.0,"max_hp_loss":6.0,"gold_gain":0.0,"event_name":"Golden Idol","player_choice":"Lose Max HP","floor":8.0,"gold_loss":0.0,"damage_taken":0.0,"relics_obtained":["Golden Idol"]},{"damage_healed":0.0,"max_hp_gain":0.0,"max_hp_loss":35.0,"gold_gain":0.0,"event_name":"Ghosts","player_choice":"Became a Ghost","floor":20.0,"gold_loss":0.0,"damage_taken":0.0,"cards_obtained":["Ghostly","Ghostly","Ghostly","Ghostly","Ghostly"]},{"damage_healed":0.0,"max_hp_gain":0.0,"max_hp_loss":0.0,"gold_gain":0.0,"event_name":"Forgotten Altar","player_choice":"Gave Idol","floor":24.0,"relics_lost":["Golden Idol"],"gold_loss":0.0,"damage_taken":0.0,"relics_obtained":["Bloody Idol"]},{"damage_healed":0.0,"max_hp_gain":0.0,"max_hp_loss":0.0,"gold_gain":0.0,"event_name":"Knowing Skull","player_choice":"CARD ","floor":31.0,"potions_obtained":[],"gold_loss":0.0,"damage_taken":12.0,"cards_obtained":["Dramatic Entrance"]}],"is_beta":false,"boss_relics":[{"not_picked":["Lizard Tail","Busted Crown"],"picked":"Velvet Choker"}],"items_purged_floors":[],"is_endless":false,"potions_floor_spawned":[14,16,27,30],"killed_by":"Automaton","ascension_level":0}