{"gold_per_floor":[111,111,111,111,130,130,160,160,160,179,209,224,241,14,14,109,109,129,146,165,120,120,149,149,164,164,164,191,203,230,242,242,341,341,351,371,417,237,237,237,268,279,279,314,314,314,314,342,342,342],"floor_reached":51,"playtime":3223,"items_purged":["Defend_R"],"score":966,"play_id":"61f125b5-fde0-4294-9cb0-08308b8f53be","local_time":"20180925185609","is_ascension_mode":true,"campfire_choices":[{"floor":6,"key":"REST"},{"data":"Infernal Blade","floor":8,"key":"SMITH"},{"data":"Juggernaut","floor":15,"key":"SMITH"},{"data":"Armaments","floor":24,"key":"SMITH"},{"floor":27,"key":"REST"},{"floor":32,"key":"REST"},{"data":"Armaments","floor":40,"key":"SMITH"},{"floor":45,"key":"REST"},{"data":"Dual Wield","floor":47,"key":"SMITH"},{"floor":49,"key":"REST"}],"neow_cost":"PERCENT_DAMAGE","seed_source_timestamp":643017318413290,"circlet_count":0,"master_deck":["Strike_R","Strike_R+1","Strike_R","Strike_R","Defend_R","Defend_R+1","Bash","Headbutt","Infernal Blade+1","Metallicize","Juggernaut+1","Headbutt","Clash","Dual Wield+1","Reckless Charge","Juggernaut","Battle Trance","Sentinel+1","Reckless Charge","Armaments+1","Inflame+1","Iron Wave","Disarm","Sentinel","Clash+1","Sever Soul+1","Brutality","Shrug It Off+1","Ghostly Armor","Juggernaut","Armaments+1","Battle Trance+1","Body Slam+1","Havoc+1","Corruption+1","Warcry+1"],"relics":["Burning Blood","Incense Burner","Vajra","Mango","Bottled Lightning","PreservedInsect","Tiny Chest","Runic Dome","Happy Flower","Boot","Kunai","StoneCalendar","Red Mask","Sozu","Ice Cream","Blood Vial","Prayer Wheel","War Paint","Red Skull","Art of War"],"potions_floor_usage":[18,20,23,25,33,39],"damage_taken":[{"damage":16,"enemies":"Jaw Worm","floor":1,"turns":5},{"damage":1,"enemies":"Cultist","floor":5,"turns":3},{"damage":24,"enemies":"Gremlin Nob","floor":7,"turns":4},{"damage":0,"enemies":"Small Slimes","floor":10,"turns":3},{"damage":15,"enemies":"Lagavulin","floor":11,"turns":5},{"damage":7,"enemies":"2 Fungi Beasts","floor":12,"turns":3},{"damage":0,"enemies":"Looter","floor":13,"turns":2},{"damage":0,"enemies":"Slime Boss","floor":16,"turns":6},{"damage":8,"enemies":"2 Thieves","floor":18,"turns":3},{"damage":7,"enemies":"Chosen","floor":19,"turns":3},{"damage":24,"enemies":"Snecko","floor":20,"turns":4},{"damage":40,"enemies":"Gremlin Leader","floor":23,"turns":3},{"damage":37,"enemies":"Snake Plant","floor":25,"turns":3},{"damage":2,"enemies":"Slavers","floor":28,"turns":4},{"damage":14,"enemies":"Cultist and Chosen","floor":29,"turns":6},{"damage":14,"enemies":"Masked Bandits","floor":30,"turns":4},{"damage":11,"enemies":"Shelled Parasite and Fungi","floor":31,"turns":4},{"damage":24,"enemies":"Champ","floor":33,"turns":8},{"damage":0,"enemies":"3 Darklings","floor":35,"turns":1},{"damage":1,"enemies":"3 Shapes","floor":36,"turns":2},{"damage":49,"enemies":"Mysterious Sphere","floor":37,"turns":4},{"damage":24,"enemies":"Reptomancer","floor":39,"turns":3},{"damage":3,"enemies":"2 Orb Walkers","floor":41,"turns":3},{"damage":3,"enemies":"Transient","floor":42,"turns":5},{"damage":42,"enemies":"Nemesis","floor":44,"turns":4},{"damage":0,"enemies":"2 Orb Walkers","floor":48,"turns":3},{"damage":69,"enemies":"Donu and Deca","floor":50,"turns":8}],"seed_played":"-7959372165790697428","potions_obtained":[{"floor":11,"key":"AttackPotion"},{"floor":12,"key":"Dexterity Potion"},{"floor":16,"key":"Poison Potion"},{"floor":18,"key":"Swift Potion"},{"floor":19,"key":"Fire Potion"},{"floor":28,"key":"SmokeBomb"},{"floor":31,"key":"PowerPotion"}],"is_trial":false,"path_per_floor":["M","?","?","?","M","R","E","R","T","M","E","M","M","$","R","B",null,"M","M","M","$","?","E","R","M","T","R","E","M","?","M","R","B",null,"M","M","?","$","M","R","E","M","T","E","R","?","R","E","R","B"],"character_chosen":"IRONCLAD","items_purchased":["Tiny Chest","Reckless Charge","Armaments","Armaments","Blood Vial"],"campfire_rested":5,"item_purchase_floors":[14,14,21,38,38],"current_hp_per_floor":[46,46,34,18,23,47,43,43,43,49,40,39,45,45,45,51,94,95,94,76,76,76,42,42,11,11,40,44,36,28,23,52,34,97,97,97,54,54,38,38,43,48,48,14,43,43,43,51,80,19],"gold":342,"neow_bonus":"ONE_RARE_RELIC","is_prod":false,"is_daily":false,"chose_seed":false,"campfire_upgraded":5,"win_rate":0,"timestamp":1537876569,"path_taken":["M","?","?","?","M","R","E","R","T","M","E","?","M","$","R","BOSS","M","?","M","$","?","E","R","M","T","R","E","M","?","?","R","BOSS","M","M","?","$","M","R","E","M","T","E","R","?","R","E","R","BOSS"],"build_version":"2018-09-20","purchased_purges":1,"victory":true,"max_hp_per_floor":[80,80,80,80,80,80,94,94,94,94,94,94,94,94,94,94,94,97,97,97,97,97,97,97,97,97,97,97,97,97,97,97,97,97,97,97,97,97,97,97,97,97,97,97,97,97,97,97,97,97],"card_choices":[{"not_picked":["Anger","Flex"],"picked":"Headbutt","floor":1},{"not_picked":["Flex","Perfected Strike"],"picked":"Infernal Blade","floor":5},{"not_picked":["Clash","Body Slam"],"picked":"Metallicize","floor":7},{"not_picked":["Flex","Bloodletting"],"picked":"Juggernaut","floor":10},{"not_picked":["Heavy Blade","Rupture"],"picked":"Headbutt","floor":11},{"not_picked":["Thunderclap","Pommel Strike"],"picked":"Clash","floor":12},{"not_picked":["Body Slam","Searing Blow"],"picked":"Dual Wield","floor":13},{"not_picked":["Limit Break","Barricade"],"picked":"Juggernaut","floor":16},{"not_picked":["Perfected Strike","Sentinel"],"picked":"Battle Trance","floor":18},{"not_picked":["Power Through","Burning Pact"],"picked":"Sentinel","floor":19},{"not_picked":["Entrench","Carnage"],"picked":"Reckless Charge","floor":20},{"not_picked":["Uppercut","Dropkick"],"picked":"Inflame+1","floor":23},{"not_picked":["Hemokinesis","Anger+1"],"picked":"Iron Wave","floor":25},{"not_picked":["Armaments","Bloodletting"],"picked":"Disarm","floor":28},{"not_picked":["Iron Wave","Sword Boomerang"],"picked":"Sentinel","floor":29},{"not_picked":["True Grit","Shockwave"],"picked":"Clash+1","floor":30},{"not_picked":["Clothesline","Anger"],"picked":"Sever Soul+1","floor":31},{"not_picked":["Berserk","Exhume"],"picked":"Brutality","floor":33},{"not_picked":["Warcry","Pommel Strike+1"],"picked":"Shrug It Off+1","floor":35},{"not_picked":["Iron Wave+1","Twin Strike"],"picked":"Ghostly Armor","floor":36},{"not_picked":["Anger","Clothesline"],"picked":"Juggernaut","floor":37},{"not_picked":["Flex","Flame Barrier"],"picked":"Battle Trance","floor":41},{"not_picked":["Flex","Perfected Strike+1"],"picked":"Body Slam+1","floor":42},{"not_picked":["True Grit","Heavy Blade"],"picked":"Havoc+1","floor":42},{"not_picked":["Shrug It Off+1","Whirlwind"],"picked":"Corruption+1","floor":44},{"not_picked":["Inflame","Clothesline"],"picked":"Warcry+1","floor":48}],"player_experience":147479,"relics_obtained":[{"floor":7,"key":"Mango"},{"floor":9,"key":"Bottled Lightning"},{"floor":11,"key":"PreservedInsect"},{"floor":23,"key":"Boot"},{"floor":26,"key":"Kunai"},{"floor":28,"key":"StoneCalendar"},{"floor":30,"key":"Red Mask"},{"floor":37,"key":"Ice Cream"},{"floor":41,"key":"Prayer Wheel"},{"floor":43,"key":"War Paint"},{"floor":44,"key":"Red Skull"},{"floor":48,"key":"Art of War"}],"event_choices":[{"event_name":"Purifier","player_choice":"One Purge","floor":2,"damage_taken":0},{"event_name":"Scrap Ooze","player_choice":"success","floor":3,"damage_taken":12},{"event_name":"Shining Light","player_choice":"Entered Light","floor":4,"damage_taken":0},{"event_name":"The Mausoleum","player_choice":"Yes","floor":22,"damage_taken":0},{"event_name":"Masked Bandits","player_choice":"Fought Bandits","floor":30,"damage_taken":0},{"event_name":"Mysterious Sphere","player_choice":"Fight","floor":37,"damage_taken":0},{"event_name":"Purifier","player_choice":"One Purge","floor":46,"damage_taken":0}],"is_beta":false,"boss_relics":[{"not_picked":["Eternal Feather","Ectoplasm"],"picked":"Runic Dome"},{"not_picked":["Astrolabe","Tiny House"],"picked":"Sozu"}],"items_purged_floors":[14],"is_endless":false,"potions_floor_spawned":[11,12,16,18,19,28,31,35,36,37,39],"ascension_level":2}