{"gold_per_floor":[115,127,202,202,219,219,248,0,23,33,33,49,49,89,89,218,218,233,233,233],"floor_reached":20,"playtime":1336,"items_purged":[],"score":267,"play_id":"a25cfdb2-8e13-4e63-b8fa-3900afcd32e1","local_time":"20180926202622","is_ascension_mode":true,"campfire_choices":[{"data":"Zap","floor":6,"key":"SMITH"},{"data":"Double Energy","floor":13,"key":"SMITH"},{"data":"Defragment","floor":15,"key":"SMITH"}],"neow_cost":"NONE","seed_source_timestamp":736729875935857,"circlet_count":0,"master_deck":["Strike_B+1","Strike_B+1","Strike_B","Strike_B","Defend_B","Defend_B","Defend_B+1","Defend_B","Zap+1","Dualcast+1","Coolheaded","Conserve Battery","BootSequence","Defragment+1","Rebound","Double Energy+1","Reinforced Body","Glacier","Multi-Cast","Gash+1"],"relics":["Cracked Core","Whetstone","Art of War","Sling","Bronze Scales","Golden Idol","Singing Bowl","Runic Pyramid"],"potions_floor_usage":[16,16,16,20],"damage_taken":[{"damage":2,"enemies":"2 Louse","floor":1,"turns":2},{"damage":2,"enemies":"Jaw Worm","floor":2,"turns":3},{"damage":0,"enemies":"Small Slimes","floor":5,"turns":2},{"damage":1,"enemies":"Lagavulin","floor":7,"turns":8},{"damage":0,"enemies":"Blue Slaver","floor":10,"turns":3},{"damage":0,"enemies":"Gremlin Gang","floor":12,"turns":4},{"damage":17,"enemies":"3 Sentries","floor":14,"turns":6},{"damage":0,"enemies":"Slime Boss","floor":16,"turns":14},{"damage":9,"enemies":"Spheric Guardian","floor":18,"turns":4},{"damage":17,"enemies":"Colosseum Slavers","floor":20,"turns":4},{"damage":60,"enemies":"Colosseum Nobs","floor":20,"turns":5}],"seed_played":"-5664822818341555571","potions_obtained":[{"floor":2,"key":"Dexterity Potion"},{"floor":5,"key":"Explosive Potion"},{"floor":12,"key":"EssenceOfSteel"},{"floor":14,"key":"Block Potion"},{"floor":18,"key":"SteroidPotion"}],"is_trial":false,"path_per_floor":["M","M","?","?","M","R","E","$","T","M","?","M","R","E","R","B",null,"M","?"],"character_chosen":"DEFECT","items_purchased":["Sling","Rebound"],"campfire_rested":0,"item_purchase_floors":[8,8],"current_hp_per_floor":[73,71,60,45,45,45,44,44,44,44,26,26,26,9,9,9,75,66,66,0],"gold":233,"neow_bonus":"RANDOM_COMMON_RELIC","is_prod":false,"is_daily":false,"chose_seed":false,"campfire_upgraded":3,"win_rate":0,"timestamp":1537968382,"path_taken":["M","M","?","?","?","R","E","$","T","?","?","M","R","E","R","BOSS","M","?","?"],"build_version":"2018-09-20","purchased_purges":0,"victory":false,"max_hp_per_floor":[75,75,75,75,75,75,75,75,75,75,75,75,75,75,75,75,75,75,75,75],"card_choices":[{"not_picked":["Stack","Fusion"],"picked":"Coolheaded","floor":1},{"not_picked":["Redo","Recycle"],"picked":"Conserve Battery","floor":2},{"not_picked":["Chaos","Beam Cell"],"picked":"BootSequence","floor":5},{"not_picked":["Consume","Rebound"],"picked":"Defragment","floor":7},{"not_picked":["BootSequence","Stack"],"picked":"Double Energy","floor":10},{"not_picked":["Undo","Rebound"],"picked":"Reinforced Body","floor":12},{"not_picked":["Melter","Blizzard"],"picked":"Glacier","floor":14},{"not_picked":["Thunder Strike","Rainbow"],"picked":"Multi-Cast","floor":16},{"not_picked":["Hello World","Rebound"],"picked":"Gash+1","floor":18}],"player_experience":181027,"relics_obtained":[{"floor":7,"key":"Art of War"},{"floor":9,"key":"Bronze Scales"},{"floor":14,"key":"Singing Bowl"}],"event_choices":[{"event_name":"World of Goop","player_choice":"Gather Gold","floor":3,"damage_taken":0},{"event_name":"Shining Light","player_choice":"Entered Light","floor":4,"damage_taken":0},{"event_name":"Golden Idol","player_choice":"Take Damage","floor":11,"damage_taken":0},{"event_name":"Vampires","player_choice":"Ignored","floor":19,"damage_taken":0},{"event_name":"Colosseum","player_choice":"Fight","floor":20,"damage_taken":0},{"event_name":"Colosseum","player_choice":"Fought Nobs","floor":20,"damage_taken":0}],"is_beta":false,"boss_relics":[{"not_picked":["Pandora\u0027s Box","White Beast Statue"],"picked":"Runic Pyramid"}],"items_purged_floors":[],"is_endless":false,"potions_floor_spawned":[2,5,12,14,18],"killed_by":"Colosseum Nobs","ascension_level":3}