{"gold_per_floor":[119,119,144,157,107,107,107,126,126,126,167,186,222,43,43,162,162,178,211,226,226,238],"floor_reached":22,"playtime":863,"items_purged":["Strike_B"],"score":233,"play_id":"2e855d3f-d639-4a42-acd7-83f70f08741f","local_time":"20181225233542","is_ascension_mode":true,"campfire_choices":[{"data":"Zap","floor":6,"key":"SMITH"},{"data":"Hologram","floor":10,"key":"SMITH"},{"floor":15,"key":"REST"}],"neow_cost":"NONE","seed_source_timestamp":296673324671200,"circlet_count":0,"master_deck":["Strike_B","Strike_B","Defend_B","Defend_B","Defend_B","Defend_B","Zap+1","Dualcast","Cold Snap","Hologram+1","Coolheaded","Thunder Strike","Beam Cell","Double Energy+1","Redo+1","Static Discharge","Darkness+1","Redo+1","Rebound","Writhe"],"relics":["Cracked Core","Orichalcum","Golden Idol","Toxic Egg 2","Regal Pillow","Smiling Mask","Black Star","Red Mask","MawBank"],"potions_floor_usage":[13,16,18,18,19,22],"damage_taken":[{"damage":6,"enemies":"Jaw Worm","floor":1,"turns":3},{"damage":0,"enemies":"2 Louse","floor":3,"turns":2},{"damage":4,"enemies":"Small Slimes","floor":4,"turns":2},{"damage":4,"enemies":"Looter","floor":8,"turns":3},{"damage":21,"enemies":"Lagavulin","floor":11,"turns":8},{"damage":4,"enemies":"2 Fungi Beasts","floor":12,"turns":3},{"damage":19,"enemies":"3 Sentries","floor":13,"turns":8},{"damage":45,"enemies":"Slime Boss","floor":16,"turns":9},{"damage":7,"enemies":"Chosen","floor":18,"turns":4},{"damage":37,"enemies":"Masked Bandits","floor":19,"turns":4},{"damage":11,"enemies":"Shell Parasite","floor":20,"turns":4},{"damage":20,"enemies":"Snake Plant","floor":22,"turns":3}],"seed_played":"-3752171268398209720","potions_obtained":[{"floor":3,"key":"SkillPotion"},{"floor":8,"key":"Poison Potion"},{"floor":11,"key":"EntropicBrew"},{"floor":13,"key":"PowerPotion"},{"floor":20,"key":"PowerPotion"}],"is_trial":false,"path_per_floor":["M","?","M","M","?","R","?","M","T","R","E","M","E","$","R","B",null,"M","?","M","?","M"],"character_chosen":"DEFECT","items_purchased":["Redo+1","Static Discharge"],"campfire_rested":1,"item_purchase_floors":[14,14],"current_hp_per_floor":[69,69,69,65,65,65,70,66,66,66,45,41,22,22,59,14,74,67,30,19,19,0],"gold":238,"neow_bonus":"RANDOM_COMMON_RELIC","is_prod":false,"is_daily":false,"chose_seed":false,"campfire_upgraded":2,"win_rate":0,"timestamp":1545752142,"path_taken":["M","?","M","M","?","R","?","M","T","R","E","M","E","$","R","BOSS","M","?","M","?","M"],"build_version":"2018-12-20","purchased_purges":1,"victory":false,"max_hp_per_floor":[75,69,69,69,69,69,74,74,74,74,74,74,74,74,74,74,74,74,74,74,74,74],"card_choices":[{"not_picked":["Streamline","Genetic Algorithm"],"picked":"Cold Snap","floor":1},{"not_picked":["Reprogram","Barrage"],"picked":"Hologram","floor":3},{"not_picked":["BootSequence","White Noise"],"picked":"Coolheaded","floor":4},{"not_picked":["Reinforced Body","Compile Driver","Lockon"],"picked":"SKIP","floor":8},{"not_picked":["Cold Snap","Coolheaded+1"],"picked":"Thunder Strike","floor":11},{"not_picked":["Heatsinks","Stack+1"],"picked":"Beam Cell","floor":12},{"not_picked":["Steam+1","Melter"],"picked":"Double Energy+1","floor":13},{"not_picked":["Recycle+1","Heatsinks+1"],"picked":"Darkness+1","floor":18},{"not_picked":["FTL+1","Auto Shields+1"],"picked":"Redo+1","floor":19},{"not_picked":["Steam+1","Fusion+1"],"picked":"Rebound","floor":20}],"player_experience":528289,"relics_obtained":[{"floor":9,"key":"Toxic Egg 2"},{"floor":11,"key":"Regal Pillow"},{"floor":13,"key":"Smiling Mask"},{"floor":19,"key":"Red Mask"}],"event_choices":[{"damage_healed":0,"gold_gain":0,"player_choice":"Lose Max HP","damage_taken":0,"relics_obtained":["Golden Idol"],"max_hp_gain":0,"max_hp_loss":6,"event_name":"Golden Idol","floor":2,"gold_loss":0},{"cards_removed":["Strike_B"],"damage_healed":0,"gold_gain":0,"player_choice":"Card Removal","damage_taken":0,"max_hp_gain":0,"max_hp_loss":0,"event_name":"The Cleric","floor":5,"gold_loss":50},{"damage_healed":0,"gold_gain":0,"player_choice":"Donut","damage_taken":0,"max_hp_gain":5,"max_hp_loss":0,"event_name":"Big Fish","floor":7,"gold_loss":0},{"damage_healed":0,"gold_gain":0,"player_choice":"Fought Bandits","damage_taken":0,"max_hp_gain":0,"max_hp_loss":0,"event_name":"Masked Bandits","floor":19,"gold_loss":0},{"damage_healed":0,"gold_gain":0,"player_choice":"Opened","damage_taken":0,"relics_obtained":["MawBank"],"max_hp_gain":0,"max_hp_loss":0,"event_name":"The Mausoleum","floor":21,"gold_loss":0,"cards_obtained":["Writhe"]}],"is_beta":false,"boss_relics":[{"not_picked":["Lizard Tail","Snecko Eye"],"picked":"Black Star"}],"items_purged_floors":[14],"is_endless":false,"potions_floor_spawned":[3,8,11,13,20],"killed_by":"Snake Plant","ascension_level":4}