{"gold_per_floor":[119,69,83,96,171,171,187,197,270,288,288,39,51,51,51,150,150,160,160,179,36,36,36,51,67,67,67,67,67,67,84,84,84],"floor_reached":33,"playtime":1467,"items_purged":["Strike_R"],"score":311,"play_id":"f98aa6d6-d55d-4e73-9d95-d385578347e1","local_time":"20190227224557","is_ascension_mode":true,"campfire_choices":[{"data":"Shrug It Off","floor":6,"key":"SMITH"},{"data":"Battle Trance","floor":11,"key":"SMITH"},{"data":"Metamorphosis","floor":15,"key":"SMITH"},{"data":"Exhume","floor":23,"key":"SMITH"},{"floor":27,"key":"REST"},{"data":"Shrug It Off","floor":29,"key":"SMITH"},{"floor":32,"key":"REST"}],"neow_cost":"NONE","seed_source_timestamp":91243668172827,"circlet_count":0,"master_deck":["Strike_R","Strike_R","Strike_R+1","Defend_R","Defend_R","Defend_R","Defend_R","Bash+1","Battle Trance+1","Shrug It Off+1","Metamorphosis+1","Exhume+1","Decay","Shrug It Off+1"],"relics":["Burning Blood","NeowsBlessing","Kunai","Cursed Key","Omamori","Dodecahedron"],"potions_floor_usage":[7,16,16,24],"damage_taken":[{"damage":0,"enemies":"Small Slimes","floor":1,"turns":1},{"damage":0,"enemies":"Cultist","floor":3,"turns":1},{"damage":0,"enemies":"Jaw Worm","floor":4,"turns":1},{"damage":1,"enemies":"Looter","floor":7,"turns":3},{"damage":3,"enemies":"Blue Slaver","floor":8,"turns":6},{"damage":16,"enemies":"Exordium Wildlife","floor":10,"turns":7},{"damage":1,"enemies":"Looter","floor":13,"turns":2},{"damage":41,"enemies":"The Guardian","floor":16,"turns":9},{"damage":2,"enemies":"Chosen","floor":18,"turns":3},{"damage":2,"enemies":"Spheric Guardian","floor":20,"turns":3},{"damage":19,"enemies":"Snake Plant","floor":24,"turns":4},{"damage":51,"enemies":"Cultist and Chosen","floor":25,"turns":7},{"damage":17,"enemies":"Snecko","floor":31,"turns":5},{"damage":70,"enemies":"Automaton","floor":33,"turns":6}],"seed_played":"2538592119161477781","potions_obtained":[{"floor":1,"key":"Dexterity Potion"},{"floor":3,"key":"Energy Potion"},{"floor":4,"key":"Dexterity Potion"},{"floor":13,"key":"GamblersBrew"},{"floor":20,"key":"FearPotion"},{"floor":25,"key":"SteroidPotion"}],"is_trial":false,"path_per_floor":["?","?","M","?","?","?","$","M"],"character_chosen":"IRONCLAD","items_purchased":["Metamorphosis","Omamori"],"campfire_rested":2,"item_purchase_floors":[12,21],"current_hp_per_floor":[78,78,80,80,72,72,77,80,80,70,70,70,75,59,59,24,66,70,70,74,74,74,74,61,16,16,40,40,40,40,29,53,0],"gold":84,"neow_bonus":"THREE_ENEMY_KILL","is_prod":false,"is_daily":false,"chose_seed":false,"campfire_upgraded":5,"win_rate":0,"timestamp":1551303957,"path_taken":["M","?","M","M","?","R","M","M","T","?","R","$","M","?","R","BOSS","M","?","M","$","?","R","M","M","T","R","?","R","$","?","R","BOSS"],"build_version":"2019-01-23","purchased_purges":1,"victory":false,"max_hp_per_floor":[80,80,80,80,80,80,80,80,80,80,80,80,80,80,80,80,80,80,80,80,80,80,80,80,80,80,80,80,80,80,80,80,80],"card_choices":[{"not_picked":["Clash","Thunderclap"],"picked":"Battle Trance","floor":1},{"not_picked":["True Grit","Intimidate"],"picked":"Shrug It Off","floor":3},{"not_picked":["Flex","Armaments","Pummel"],"picked":"SKIP","floor":4},{"not_picked":["Flex","Headbutt","Sever Soul"],"picked":"SKIP","floor":7},{"not_picked":["Double Tap","Pommel Strike","Flame Barrier"],"picked":"SKIP","floor":8},{"not_picked":["Perfected Strike","Sword Boomerang","Clothesline"],"picked":"SKIP","floor":10},{"not_picked":["Havoc","Sever Soul","Perfected Strike"],"picked":"SKIP","floor":13},{"not_picked":["Limit Break","Immolate"],"picked":"Exhume","floor":16},{"not_picked":["Flex","Anger+1","Twin Strike"],"picked":"SKIP","floor":18},{"not_picked":["Armaments","Pummel","Havoc"],"picked":"SKIP","floor":20},{"not_picked":["Flame Barrier","Flex"],"picked":"Shrug It Off","floor":24},{"not_picked":["Hemokinesis","Ghostly Armor+1","Rampage"],"picked":"SKIP","floor":25},{"not_picked":["Iron Wave","Pommel Strike+1","Headbutt"],"picked":"SKIP","floor":31}],"player_experience":230495,"relics_obtained":[{"floor":9,"key":"Kunai"},{"floor":26,"key":"Dodecahedron"}],"event_choices":[{"cards_removed":["Strike_R"],"damage_healed":0,"gold_gain":0,"player_choice":"Card Removal","damage_taken":0,"max_hp_gain":0,"max_hp_loss":0,"event_name":"The Cleric","floor":2,"gold_loss":50},{"damage_healed":0,"gold_gain":75,"player_choice":"Touch","damage_taken":8,"max_hp_gain":0,"max_hp_loss":0,"event_name":"FaceTrader","floor":5,"gold_loss":0},{"damage_healed":0,"gold_gain":0,"player_choice":"Entered Light","damage_taken":16,"max_hp_gain":0,"max_hp_loss":0,"event_name":"Shining Light","floor":14,"gold_loss":0,"cards_upgraded":["Strike_R","Bash"]},{"damage_healed":0,"gold_gain":0,"player_choice":"Smashed Altar","damage_taken":0,"max_hp_gain":0,"max_hp_loss":0,"event_name":"Forgotten Altar","floor":19,"gold_loss":0,"cards_obtained":["Decay"]},{"damage_healed":0,"gold_gain":0,"player_choice":"Ignored","damage_taken":0,"max_hp_gain":0,"max_hp_loss":0,"event_name":"Beggar","floor":22,"gold_loss":0}],"is_beta":false,"boss_relics":[{"not_picked":["Astrolabe","Lizard Tail"],"picked":"Cursed Key"}],"items_purged_floors":[12],"is_endless":false,"potions_floor_spawned":[1,3,4,13,20,25],"killed_by":"Automaton","ascension_level":6}