{"gold_per_floor":[110,123,143,143,143,143,178,170,206,218,273,285,317,344,356,461,473,506,93,143,163,178,221,221,221],"floor_reached":25,"playtime":954,"items_purged":["Parasite"],"score":475,"play_id":"30c83174-5b44-41f8-80bc-b13583ac68fd","local_time":"20181231125711","is_ascension_mode":true,"campfire_choices":[{"floor":6.0,"key":"REST"},{"floor":10.0,"key":"REST"},{"data":"Defragment","floor":15.0,"key":"SMITH"},{"floor":24.0,"key":"REST"}],"neow_cost":"CURSE","seed_source_timestamp":5841318214924,"circlet_count":0,"master_deck":["AscendersBane","Strike_B","Strike_B+1","Strike_B","Strike_B","Defend_B","Defend_B","Defend_B","Defend_B+1","Zap","Dualcast","Conserve Battery","BootSequence","Cold Snap","Cold Snap","Chill","Ball Lightning","Defragment+1","Ball Lightning","Ball Lightning","Chill","Cold Snap","Fission","Cold Snap","Barrage","Defragment","Conserve Battery","BootSequence","Go for the Eyes","Steam+1"],"special_seed":0,"relics":["Cracked Core","Prayer Wheel","Golden Idol","MawBank","Dream Catcher","Smiling Mask","Velvet Choker","Cables","Centennial Puzzle"],"potions_floor_usage":[],"damage_taken":[{"damage":1.0,"enemies":"Cultist","floor":1.0,"turns":3.0},{"damage":5.0,"enemies":"Jaw Worm","floor":2.0,"turns":4.0},{"damage":2.0,"enemies":"2 Louse","floor":3.0,"turns":3.0},{"damage":28.0,"enemies":"Gremlin Nob","floor":7.0,"turns":5.0},{"damage":9.0,"enemies":"Lagavulin","floor":11.0,"turns":7.0},{"damage":0.0,"enemies":"2 Fungi Beasts","floor":13.0,"turns":3.0},{"damage":0.0,"enemies":"Red Slaver","floor":14.0,"turns":3.0},{"damage":26.0,"enemies":"Hexaghost","floor":16.0,"turns":10.0},{"damage":4.0,"enemies":"3 Byrds","floor":18.0,"turns":4.0},{"damage":5.0,"enemies":"2 Thieves","floor":21.0,"turns":3.0},{"damage":11.0,"enemies":"Snecko","floor":22.0,"turns":5.0},{"damage":9.0,"enemies":"Slavers","floor":23.0,"turns":9.0},{"damage":40,"enemies":"Gremlin Leader","floor":25,"turns":5}],"seed_played":"-3825560295679173170","potions_obtained":[{"floor":3.0,"key":"EntropicBrew"},{"floor":7.0,"key":"Poison Potion"},{"floor":8.0,"key":"Swift Potion"},{"floor":13.0,"key":"Fire Potion"},{"floor":22.0,"key":"SpeedPotion"}],"is_trial":false,"path_per_floor":["M","M","M","?","?","R","E","?","T","R","E","$","M","M","R","B","M","$","?","M","M","R"],"character_chosen":"DEFECT","items_purchased":["Cables","Defragment","Conserve Battery"],"campfire_rested":3,"item_purchase_floors":[19,19,19],"current_hp_per_floor":[63,58,56,56,37,56,28,28,28,47,38,38,38,38,38,12,51,47,47,47,42,31,22,40,0],"gold":221,"neow_bonus":"ONE_RARE_RELIC","is_prod":false,"is_daily":false,"chose_seed":false,"campfire_upgraded":1,"win_rate":0,"timestamp":1546257431,"path_taken":["M","?","?","?","?","R","E","?","T","R","E","$","?","M","R","BOSS","M","$","?","?","M","E","R","E"],"build_version":"2018-12-25","purchased_purges":1,"victory":false,"max_hp_per_floor":[71,71,71,64,64,64,64,64,64,64,64,64,64,64,64,64,64,64,61,61,61,61,61,61,61],"card_choices":[{"not_picked":["Streamline","Scrape"],"picked":"Conserve Battery","floor":1.0},{"not_picked":["Compile Driver","Leap"],"picked":"BootSequence","floor":1.0},{"not_picked":["Beam Cell","Leap"],"picked":"Cold Snap","floor":2.0},{"not_picked":["Skim","Coolheaded"],"picked":"Cold Snap","floor":2.0},{"not_picked":["Sunder","Gash"],"picked":"Chill","floor":3.0},{"not_picked":["Streamline","Force Field","Consume"],"picked":"SKIP","floor":3.0},{"not_picked":["Steam","Meteor Strike"],"picked":"Ball Lightning","floor":7.0},{"not_picked":["Go for the Eyes","Stack"],"picked":"Defragment","floor":10.0},{"not_picked":["Scrape","Doom and Gloom"],"picked":"Ball Lightning","floor":11.0},{"not_picked":["Tempest","Storm"],"picked":"Ball Lightning","floor":13.0},{"not_picked":["Rebound","Sweeping Beam","Beam Cell"],"picked":"SKIP","floor":13.0},{"not_picked":["Barrage","Conserve Battery"],"picked":"Chill","floor":14.0},{"not_picked":["Redo","Ball Lightning"],"picked":"Cold Snap","floor":14.0},{"not_picked":["Thunder Strike","Rainbow"],"picked":"Fission","floor":16.0},{"not_picked":["Melter","Fusion"],"picked":"Cold Snap","floor":18.0},{"not_picked":["Skim","Compile Driver"],"picked":"Barrage","floor":18.0},{"not_picked":["Cold Snap","Skim"],"picked":"BootSequence","floor":21.0},{"not_picked":["Hologram","BootSequence"],"picked":"Go for the Eyes","floor":21.0},{"not_picked":["Cold Snap","Compile Driver","Stack+1"],"picked":"SKIP","floor":22.0},{"not_picked":["Turbo","Barrage","Redo"],"picked":"SKIP","floor":22.0},{"not_picked":["Stack","Reprogram","Machine Learning"],"picked":"SKIP","floor":23.0},{"not_picked":["FTL","Go for the Eyes"],"picked":"Steam+1","floor":24.0}],"player_experience":883090,"relics_obtained":[{"floor":7.0,"key":"MawBank"},{"floor":9.0,"key":"Dream Catcher"},{"floor":11.0,"key":"Smiling Mask"},{"floor":23.0,"key":"Centennial Puzzle"}],"event_choices":[{"damage_healed":0.0,"max_hp_gain":0.0,"max_hp_loss":7.0,"gold_gain":0.0,"event_name":"Golden Idol","player_choice":"Lose Max HP","floor":4.0,"gold_loss":0.0,"damage_taken":0.0,"relics_obtained":["Golden Idol"]},{"damage_healed":0.0,"max_hp_gain":0.0,"max_hp_loss":0.0,"gold_gain":0.0,"event_name":"Shining Light","player_choice":"Entered Light","floor":5.0,"gold_loss":0.0,"damage_taken":19.0,"cards_upgraded":["Defend_B","Strike_B"]},{"damage_healed":0.0,"max_hp_gain":0.0,"max_hp_loss":0.0,"gold_gain":0.0,"event_name":"The Woman in Blue","player_choice":"Bought 1 Potion","floor":8.0,"gold_loss":0.0,"damage_taken":0.0},{"damage_healed":0.0,"max_hp_gain":0.0,"max_hp_loss":0.0,"gold_gain":50.0,"event_name":"Golden Shrine","player_choice":"Pray","floor":20.0,"gold_loss":0.0,"damage_taken":0.0}],"is_beta":true,"boss_relics":[{"not_picked":["Astrolabe","Orrery"],"picked":"Velvet Choker"}],"items_purged_floors":[19],"is_endless":false,"potions_floor_spawned":[3,7,13,22],"killed_by":"Gremlin Leader","ascension_level":19}