{"gold_per_floor":[109,128,143,37,53,53,53,53,77,8,27,27,41,59,59,159,159,173,173,189,207,207,207,7,71,71,100,100],"floor_reached":28,"playtime":3350,"items_purged":[],"score":250,"play_id":"c8c6d7ab-1f11-40c0-b98f-c89f997ab2dc","local_time":"20180808220213","is_ascension_mode":false,"campfire_choices":[{"data":"Blade Dance","floor":6.0,"key":"SMITH"},{"floor":12.0,"key":"REST"},{"data":"Die Die Die","floor":15.0,"key":"SMITH"},{"floor":23.0,"key":"REST"}],"neow_cost":"NONE","seed_source_timestamp":0,"circlet_count":0,"master_deck":["Defend_G","Defend_G","Defend_G","Defend_G","Defend_G","Strike_G","Strike_G","Strike_G","Strike_G","Survivor","Neutralize","Die Die Die+1","Blade Dance+1","Flying Knee","Terror","Purity","Blur","Malaise","Noxious Fumes","Backstab","Terror","A Thousand Cuts","Choke+1","Blade Dance","Acrobatics+1","Finisher","Well Laid Plans","Dramatic Entrance","Blade Dance","Dagger Spray"],"special_seed":0,"relics":["Ring of the Snake","Bronze Scales","WristBlade","Tiny Chest","Prayer Wheel","The Specimen"],"potions_floor_usage":[25,25,27,27],"damage_taken":[{"damage":1.0,"enemies":"Jaw Worm","floor":1.0,"turns":4.0},{"damage":0.0,"enemies":"Cultist","floor":2.0,"turns":5.0},{"damage":4.0,"enemies":"2 Louse","floor":3.0,"turns":2.0},{"damage":5.0,"enemies":"Looter","floor":5.0,"turns":3.0},{"damage":13.0,"enemies":"Exordium Wildlife","floor":11.0,"turns":4.0},{"damage":0.0,"enemies":"2 Fungi Beasts","floor":13.0,"turns":3.0},{"damage":9.0,"enemies":"Exordium Thugs","floor":14.0,"turns":5.0},{"damage":28.0,"enemies":"The Guardian","floor":16.0,"turns":11.0},{"damage":20.0,"enemies":"Spheric Guardian","floor":18.0,"turns":5.0},{"damage":1.0,"enemies":"Chosen","floor":20.0,"turns":4.0},{"damage":22.0,"enemies":"Centurion and Healer","floor":21.0,"turns":7.0},{"damage":60,"enemies":"Gremlin Leader","floor":25,"turns":6},{"damage":11,"enemies":"Book of Stabbing","floor":27,"turns":4},{"damage":9,"enemies":"Snecko","floor":28,"turns":3}],"seed_played":"9207363473102966120","potions_obtained":[{"floor":5.0,"key":"Dexterity Potion"},{"floor":11.0,"key":"GamblersBrew"},{"floor":20.0,"key":"Swift Potion"},{"floor":21.0,"key":"AttackPotion"},{"floor":25,"key":"SkillPotion"}],"is_trial":false,"path_per_floor":["M","M","M","$","M","R","?","?","T","$","M","R","M","M","R","B",null,"M","?","M","M","?","R","$","E","T","E"],"character_chosen":"THE_SILENT","items_purchased":["Purity","Noxious Fumes","Finisher","Well Laid Plans","Dramatic Entrance"],"campfire_rested":2,"item_purchase_floors":[4,10,24,24,24],"current_hp_per_floor":[69,69,65,65,60,60,60,65,65,65,52,74,74,65,65,37,75,55,55,54,32,57,75,75,15,15,4,0],"gold":100,"neow_bonus":"ONE_RANDOM_RARE_CARD","is_prod":false,"is_daily":false,"chose_seed":false,"campfire_upgraded":2,"win_rate":0.0,"timestamp":1533790933,"path_taken":["M","M","M","$","M","R","?","?","T","?","M","R","M","M","R","BOSS","M","?","M","M","?","R","$","E","T","E","?"],"build_version":"2018-08-02","purchased_purges":0,"victory":false,"max_hp_per_floor":[70,70,70,70,70,70,70,75,75,75,75,75,75,75,75,75,75,75,75,75,75,75,75,75,75,75,75,75],"card_choices":[{"not_picked":["Deflect","Distraction"],"picked":"Blade Dance","floor":1.0},{"not_picked":["Sucker Punch","Reflex"],"picked":"Flying Knee","floor":2.0},{"not_picked":["Acrobatics","Slice"],"picked":"Terror","floor":3.0},{"not_picked":["Quick Slash","Dodge and Roll"],"picked":"Blur","floor":5.0},{"not_picked":["Blur","Reflex"],"picked":"Backstab","floor":11.0},{"not_picked":["Bane","Malaise","Eviscerate"],"picked":"SKIP","floor":13.0},{"not_picked":["Endless Agony","Sucker Punch"],"picked":"Terror","floor":14.0},{"not_picked":["Tools of the Trade","Bullet Time"],"picked":"A Thousand Cuts","floor":16.0},{"not_picked":["Dagger Spray","Escape Plan+1"],"picked":"Choke+1","floor":18.0},{"not_picked":["Slice","Dash"],"picked":"Blade Dance","floor":20.0},{"not_picked":["Calculated Gamble","Prepared+1"],"picked":"Acrobatics+1","floor":21.0},{"not_picked":["Blur","Underhanded Strike"],"picked":"Blade Dance","floor":25},{"not_picked":["Expertise","Venomology"],"picked":"Dagger Spray","floor":27}],"player_experience":70184,"relics_obtained":[{"floor":9.0,"key":"Bronze Scales"},{"floor":25,"key":"Tiny Chest"},{"floor":26,"key":"Prayer Wheel"},{"floor":27,"key":"The Specimen"}],"event_choices":[{"event_name":"Transmorgrifier","player_choice":"Transform","floor":7.0,"damage_taken":0.0},{"event_name":"Big Fish","player_choice":"Donut","floor":8.0,"damage_taken":0.0},{"event_name":"Drug Dealer","player_choice":"Ignored","floor":19.0,"damage_taken":0.0},{"event_name":"The Library","player_choice":"Heal","floor":22.0,"damage_taken":0.0}],"is_beta":false,"boss_relics":[{"not_picked":["White Beast Statue","Coffee Dripper"],"picked":"WristBlade"}],"items_purged_floors":[],"is_endless":false,"potions_floor_spawned":[5,11,20,21,25],"killed_by":"Snecko","ascension_level":0}