{"gold_per_floor":[119,119,119,129,149,149,159,159,159,159,176,193,203,52,52,52],"floor_reached":16,"playtime":848,"items_purged":["Strike_R"],"score":127,"play_id":"ad7216bc-1587-453c-93d7-f89c2a0ec5e8","local_time":"20190223195657","is_ascension_mode":true,"campfire_choices":[{"data":"Bash","floor":6,"key":"SMITH"},{"data":"Defend_R","floor":8,"key":"SMITH"},{"data":"Defend_R","floor":10,"key":"SMITH"},{"floor":15,"key":"REST"}],"neow_cost":"TEN_PERCENT_HP_LOSS","seed_source_timestamp":941626193031224,"circlet_count":0,"master_deck":["Strike_R","Defend_R+1","Defend_R+1","Defend_R+1","Defend_R+1","Bash+1","Shrug It Off","Body Slam","Shrug It Off"],"relics":["Burning Blood","FossilizedHelix"],"potions_floor_usage":[16,16],"damage_taken":[{"damage":6,"enemies":"2 Louse","floor":1,"turns":5},{"damage":0,"enemies":"Small Slimes","floor":4,"turns":3},{"damage":6,"enemies":"Cultist","floor":5,"turns":3},{"damage":9,"enemies":"3 Louse","floor":7,"turns":10},{"damage":0,"enemies":"Looter","floor":11,"turns":4},{"damage":0,"enemies":"Exordium Wildlife","floor":12,"turns":9},{"damage":36,"enemies":"Large Slime","floor":13,"turns":17},{"damage":68,"enemies":"Slime Boss","floor":16,"turns":14}],"seed_played":"8359417025352561799","potions_obtained":[{"floor":5,"key":"Swift Potion"},{"floor":12,"key":"AttackPotion"}],"is_trial":false,"path_per_floor":["M","?","?","M","M","R","M","R","T","R","M","M","M","$","R","B"],"character_chosen":"IRONCLAD","items_purchased":["Body Slam","Shrug It Off"],"campfire_rested":1,"item_purchase_floors":[14,14],"current_hp_per_floor":[72,58,58,64,64,64,61,61,61,61,67,72,42,42,63,0],"gold":52,"neow_bonus":"REMOVE_TWO","is_prod":false,"is_daily":false,"chose_seed":false,"campfire_upgraded":3,"win_rate":0,"timestamp":1550973417,"path_taken":["M","?","?","M","M","R","M","R","T","R","M","M","M","$","R","BOSS"],"build_version":"2019-01-23","purchased_purges":1,"victory":false,"max_hp_per_floor":[72,72,72,72,72,72,72,72,72,72,72,72,72,72,72,72],"card_choices":[{"not_picked":["Pommel Strike","Havoc","Thunderclap"],"picked":"SKIP","floor":1},{"not_picked":["Bloodletting","Pommel Strike","Sword Boomerang"],"picked":"SKIP","floor":4},{"not_picked":["Wild Strike","Flex","Sword Boomerang"],"picked":"SKIP","floor":5},{"not_picked":["Iron Wave","Sword Boomerang","Uppercut"],"picked":"SKIP","floor":7},{"not_picked":["Immolate","Clash","Twin Strike"],"picked":"SKIP","floor":11},{"not_picked":["Clash","Sever Soul","Anger"],"picked":"SKIP","floor":12},{"not_picked":["Iron Wave","Uppercut"],"picked":"Shrug It Off","floor":13}],"player_experience":1499134,"relics_obtained":[{"floor":9,"key":"FossilizedHelix"}],"event_choices":[{"damage_healed":0,"gold_gain":0,"player_choice":"Entered Light","damage_taken":14,"max_hp_gain":0,"max_hp_loss":0,"event_name":"Shining Light","floor":2,"gold_loss":0,"cards_upgraded":["Defend_R","Defend_R"]},{"cards_removed":["Strike_R"],"damage_healed":0,"gold_gain":0,"player_choice":"Forget","damage_taken":0,"max_hp_gain":0,"max_hp_loss":0,"event_name":"Living Wall","floor":3,"gold_loss":0}],"is_beta":false,"boss_relics":[],"items_purged_floors":[14],"is_endless":false,"potions_floor_spawned":[5,12],"killed_by":"Slime Boss","ascension_level":7}