{"gold_per_floor":[119,133,133,133,7,38,52,52,52,52,69,69,82,95,95,95],"floor_reached":16,"playtime":721,"items_purged":["Strike_G"],"score":133,"play_id":"a5ad93bd-3063-48fb-95d0-2d3a985da9bf","local_time":"20180928201919","is_ascension_mode":true,"campfire_choices":[{"floor":8,"key":"REST"},{"data":"Neutralize","floor":10,"key":"SMITH"},{"data":"Noxious Fumes","floor":15,"key":"SMITH"}],"neow_cost":"CURSE","seed_source_timestamp":0,"circlet_count":0,"master_deck":["Defend_G","Defend_G","Defend_G","Defend_G","Defend_G","Strike_G","Strike_G","Survivor+1","Neutralize+1","Tactician","Dagger Spray","Sucker Punch+1","Noxious Fumes+1","Cloak And Dagger","Cloak And Dagger","Concentrate","Calculated Gamble","All Out Attack","Bouncing Flask"],"special_seed":0,"relics":["Ring of the Snake","Tough Bandages","Bag of Preparation","Paper Crane"],"potions_floor_usage":[6,16,16],"damage_taken":[{"damage":2.0,"enemies":"Cultist","floor":1.0,"turns":4.0},{"damage":7.0,"enemies":"Jaw Worm","floor":2.0,"turns":5.0},{"damage":34,"enemies":"Gremlin Nob","floor":6,"turns":5},{"damage":0,"enemies":"Small Slimes","floor":7,"turns":3},{"damage":13,"enemies":"Exordium Wildlife","floor":11,"turns":5},{"damage":0,"enemies":"Blue Slaver","floor":13,"turns":5},{"damage":0,"enemies":"Large Slime","floor":14,"turns":6},{"damage":27,"enemies":"Slime Boss","floor":16,"turns":5}],"seed_played":"-4232200933396138499","potions_obtained":[{"floor":1.0,"key":"Poison Potion"},{"floor":6,"key":"EssenceOfSteel"},{"floor":13,"key":"SneckoOil"}],"is_trial":false,"path_per_floor":["M","M","T","?","$","E","M","R","T","R","M","?","M","M","R"],"character_chosen":"THE_SILENT","items_purchased":["Cloak And Dagger"],"campfire_rested":1,"item_purchase_floors":[5],"current_hp_per_floor":[61,54,54,54,54,20,20,40,40,40,27,14,14,14,14,0],"gold":95,"neow_bonus":"TRANSFORM_TWO_CARDS","is_prod":false,"is_daily":false,"chose_seed":false,"campfire_upgraded":2,"win_rate":0,"timestamp":1538140759,"path_taken":["M","M","?","?","?","E","?","R","T","R","M","?","M","M","R","BOSS"],"build_version":"2018-09-27","purchased_purges":1,"victory":false,"max_hp_per_floor":[70,70,70,67,67,67,67,67,67,67,67,67,67,67,67,67],"card_choices":[{"not_picked":["Underhanded Strike","Deadly Poison"],"picked":"Sucker Punch","floor":1.0},{"not_picked":["Deadly Poison","Dagger Spray"],"picked":"Noxious Fumes","floor":2.0},{"not_picked":["Backflip","Deadly Poison"],"picked":"Cloak And Dagger","floor":6},{"not_picked":["Cloak And Dagger","Flying Knee"],"picked":"Concentrate","floor":7},{"not_picked":["Deflect","Blade Dance"],"picked":"Calculated Gamble","floor":11},{"not_picked":["Bane","Deadly Poison"],"picked":"All Out Attack","floor":13},{"not_picked":["Predator","Endless Agony"],"picked":"Bouncing Flask","floor":14}],"player_experience":243984,"relics_obtained":[{"floor":3.0,"key":"Tough Bandages"},{"floor":6,"key":"Bag of Preparation"},{"floor":9,"key":"Paper Crane"}],"event_choices":[{"event_name":"Living Wall","player_choice":"Forget","floor":4,"damage_taken":0},{"event_name":"Shining Light","player_choice":"Entered Light","floor":12,"damage_taken":0}],"is_beta":false,"boss_relics":[],"items_purged_floors":[5],"is_endless":false,"potions_floor_spawned":[1,6,13],"killed_by":"Slime Boss","ascension_level":6}