{"gold_per_floor":[111,121,139,139,156,156,175,188,188,208,208,243,243,44,44,141,141,160,43,59,59,59,59,59],"floor_reached":24,"playtime":1207,"items_purged":[],"score":233,"play_id":"15060d1d-fdf5-45e6-9a72-011a565126c2","local_time":"20190220234439","is_ascension_mode":true,"campfire_choices":[{"data":"Bash","floor":6,"key":"SMITH"},{"data":"Warcry","floor":11,"key":"SMITH"},{"data":"True Grit","floor":15,"key":"SMITH"},{"data":"Limit Break","floor":23,"key":"SMITH"}],"neow_cost":"NONE","seed_source_timestamp":327298357272239,"circlet_count":0,"master_deck":["Strike_R","Strike_R","Strike_R","Defend_R","Defend_R+1","Defend_R","Defend_R","Bash+1","Infernal Blade","Seeing Red","Thunderclap+1","Iron Wave","Heavy Blade","Infernal Blade","Warcry+1","True Grit+1","Dual Wield","Flex","Limit Break+1","Spot Weakness","Armaments","Battle Trance","Shrug It Off","Ghostly","Ghostly","Ghostly","Ghostly","Ghostly"],"relics":["Burning Blood","Pantograph","Bronze Scales","Lantern","Bag of Marbles","Mark of Pain"],"potions_floor_usage":[12,12,24],"damage_taken":[{"damage":6,"enemies":"Cultist","floor":1,"turns":4},{"damage":3,"enemies":"Jaw Worm","floor":2,"turns":3},{"damage":0,"enemies":"2 Louse","floor":3,"turns":3},{"damage":6,"enemies":"Exordium Wildlife","floor":5,"turns":4},{"damage":9,"enemies":"3 Louse","floor":7,"turns":3},{"damage":7,"enemies":"Blue Slaver","floor":8,"turns":2},{"damage":0,"enemies":"Large Slime","floor":10,"turns":4},{"damage":14,"enemies":"Lagavulin","floor":12,"turns":6},{"damage":21,"enemies":"Slime Boss","floor":16,"turns":8},{"damage":38,"enemies":"Spheric Guardian","floor":18,"turns":6},{"damage":10,"enemies":"2 Thieves","floor":20,"turns":3},{"damage":40,"enemies":"Gremlin Leader","floor":24,"turns":6}],"seed_played":"3444787764264641987","potions_obtained":[{"floor":3,"key":"SkillPotion"},{"floor":5,"key":"Energy Potion"},{"floor":10,"key":"SteroidPotion"},{"floor":16,"key":"Regen Potion"},{"floor":20,"key":"Swift Potion"}],"is_trial":false,"path_per_floor":["M","M","M","?","M","R","M","M","T","M","R","E","?","$","R","B",null,"M","$","M","?","?","R","E"],"character_chosen":"IRONCLAD","items_purchased":["Flex","Bag of Marbles","Armaments","Battle Trance"],"campfire_rested":0,"item_purchase_floors":[14,14,19,19],"current_hp_per_floor":[80,80,80,64,64,64,61,60,60,66,66,58,51,51,51,61,80,48,48,44,40,40,40,0],"gold":59,"neow_bonus":"TRANSFORM_CARD","is_prod":false,"is_daily":false,"chose_seed":false,"campfire_upgraded":4,"win_rate":0,"timestamp":1550673879,"path_taken":["M","M","?","?","M","R","M","M","T","M","R","E","?","?","R","BOSS","M","$","M","?","?","R","E"],"build_version":"2019-01-23","purchased_purges":0,"victory":false,"max_hp_per_floor":[80,80,80,80,80,80,80,80,80,80,80,80,80,80,80,80,80,80,80,80,40,40,40,40],"card_choices":[{"not_picked":["Clothesline","Body Slam"],"picked":"Seeing Red","floor":1},{"not_picked":["True Grit","Flex"],"picked":"Thunderclap","floor":2},{"not_picked":["Rupture","Second Wind"],"picked":"Iron Wave","floor":3},{"not_picked":["Flex","Clash"],"picked":"Heavy Blade","floor":5},{"not_picked":["Sword Boomerang","Twin Strike"],"picked":"Infernal Blade","floor":7},{"not_picked":["Dark Embrace","Corruption"],"picked":"Warcry","floor":8},{"not_picked":["Clash","Infernal Blade"],"picked":"True Grit","floor":10},{"not_picked":["Metallicize","Burning Pact"],"picked":"Dual Wield","floor":12},{"not_picked":["Dark Embrace","Barricade"],"picked":"Limit Break","floor":16},{"not_picked":["Hemokinesis+1","Cleave+1"],"picked":"Spot Weakness","floor":18},{"not_picked":["Reckless Charge","Iron Wave+1"],"picked":"Shrug It Off","floor":20}],"player_experience":4141,"relics_obtained":[{"floor":9,"key":"Pantograph"},{"floor":12,"key":"Bronze Scales"}],"event_choices":[{"damage_healed":0,"gold_gain":0,"player_choice":"Entered Light","damage_taken":16,"max_hp_gain":0,"max_hp_loss":0,"event_name":"Shining Light","floor":4,"gold_loss":0,"cards_upgraded":["Thunderclap","Defend_R"]},{"damage_healed":0,"gold_gain":0,"player_choice":"Success","damage_taken":7,"relics_obtained":["Lantern"],"max_hp_gain":0,"max_hp_loss":0,"event_name":"Scrap Ooze","floor":13,"gold_loss":0},{"damage_healed":0,"gold_gain":0,"player_choice":"Became a Ghost","damage_taken":0,"max_hp_gain":0,"max_hp_loss":40,"event_name":"Ghosts","floor":21,"gold_loss":0,"cards_obtained":["Ghostly","Ghostly","Ghostly","Ghostly","Ghostly"]},{"cards_removed":["Strike_R"],"damage_healed":0,"gold_gain":0,"player_choice":"Elegance","damage_taken":0,"max_hp_gain":0,"max_hp_loss":0,"event_name":"Back to Basics","floor":22,"gold_loss":0}],"is_beta":false,"boss_relics":[{"not_picked":["Lizard Tail","Velvet Choker"],"picked":"Mark of Pain"}],"items_purged_floors":[],"is_endless":false,"potions_floor_spawned":[3,5,10,16,20],"killed_by":"Gremlin Leader","ascension_level":1}