{"gold_per_floor":[119,138,26,26,26,37,70,70,94,94,75,105,124,158,158,258,288,299,316,316,37,49,78,101,113,125,171,183,210,222,234,246,358,370,392,404,433,445],"floor_reached":38,"playtime":2920,"items_purged":["Strike_R"],"score":502,"play_id":"d12c15c7-4c6f-4dd2-a4f1-76dcde7d0662","local_time":"20181023221253","is_ascension_mode":true,"campfire_choices":[{"data":"Demon Form","floor":8,"key":"SMITH"},{"floor":10,"key":"REST"},{"floor":15,"key":"REST"},{"floor":25,"key":"REST"},{"floor":30,"key":"REST"},{"floor":32,"key":"REST"}],"neow_cost":"NONE","seed_source_timestamp":1187644484032068,"circlet_count":0,"master_deck":["Strike_R","Strike_R","Strike_R","Strike_R","Defend_R","Defend_R+1","Defend_R","Bash","Demon Form+1","Pummel","Feel No Pain","Inflame","Cleave","Burning Pact","Burning Pact","Iron Wave","Shockwave","Limit Break","Normality","Clumsy","Decay","True Grit","Havoc","RitualDagger","Feel No Pain","Thunderclap","Flex","Shrug It Off","Limit Break","Impervious","Carnage+1","Flex"],"relics":["Burning Blood","Vajra","Charon\u0027s Ashes","Regal Pillow","Blood Vial","War Paint","Calling Bell","Tiny Chest","Darkstone Periapt","Mango","Lee\u0027s Waffle","MawBank","Boot","Happy Flower","Oddly Smooth Stone","Mark of Pain"],"potions_floor_usage":[14,18,23,23,24,27,37,38],"damage_taken":[{"damage":6,"enemies":"2 Louse","floor":1,"turns":3},{"damage":14,"enemies":"Jaw Worm","floor":2,"turns":3},{"damage":0,"enemies":"Small Slimes","floor":6,"turns":2},{"damage":26,"enemies":"Lagavulin","floor":7,"turns":5},{"damage":7,"enemies":"Exordium Thugs","floor":11,"turns":4},{"damage":31,"enemies":"3 Sentries","floor":12,"turns":6},{"damage":22,"enemies":"3 Louse","floor":13,"turns":3},{"damage":30,"enemies":"Gremlin Nob","floor":14,"turns":4},{"damage":46,"enemies":"The Guardian","floor":16,"turns":9},{"damage":24,"enemies":"Spheric Guardian","floor":18,"turns":4},{"damage":39,"enemies":"Shell Parasite","floor":19,"turns":6},{"damage":29,"enemies":"Shelled Parasite and Fungi","floor":22,"turns":7},{"damage":58,"enemies":"Slavers","floor":23,"turns":6},{"damage":28,"enemies":"Snake Plant","floor":24,"turns":4},{"damage":34,"enemies":"Book of Stabbing","floor":27,"turns":6},{"damage":24,"enemies":"Sentry and Sphere","floor":29,"turns":6},{"damage":39,"enemies":"Colosseum Slavers","floor":31,"turns":4},{"damage":52,"enemies":"Automaton","floor":33,"turns":8},{"damage":45,"enemies":"3 Shapes","floor":35,"turns":4},{"damage":51,"enemies":"3 Darklings","floor":37,"turns":5},{"damage":60,"enemies":"Transient","floor":38,"turns":2}],"seed_played":"4751605281656502729","potions_obtained":[{"floor":11,"key":"PowerPotion"},{"floor":13,"key":"SpeedPotion"},{"floor":16,"key":"AttackPotion"},{"floor":19,"key":"SkillPotion"},{"floor":22,"key":"Strength Potion"},{"floor":24,"key":"Block Potion"},{"floor":33,"key":"Regen Potion"},{"floor":37,"key":"FearPotion"}],"is_trial":false,"path_per_floor":["M","M","$","?","?","M","E","R","T","R","M","E","M","E","R","B",null,"M","M","?","$","M","E","M","R","T","E","?","M","R","?","R","B",null,"M","?","M"],"character_chosen":"IRONCLAD","items_purchased":["Inflame","Feel No Pain","Lee\u0027s Waffle"],"campfire_rested":5,"item_purchase_floors":[3,21,21],"current_hp_per_floor":[80,72,72,72,65,71,51,51,51,80,79,54,40,18,57,19,94,76,45,39,101,78,28,8,53,53,27,27,11,56,25,70,26,101,62,62,31,0],"gold":445,"neow_bonus":"ONE_RANDOM_RARE_CARD","is_prod":false,"is_daily":false,"chose_seed":false,"campfire_upgraded":1,"win_rate":0,"timestamp":1540357973,"path_taken":["M","M","$","?","?","?","E","R","T","R","M","E","M","E","R","BOSS","M","M","?","$","M","E","M","R","T","E","?","M","R","?","R","BOSS","M","?","M","M"],"build_version":"2018-10-18","purchased_purges":1,"victory":false,"max_hp_per_floor":[80,80,80,80,80,80,80,80,80,80,80,80,80,80,80,80,94,94,94,94,101,101,101,101,101,101,101,101,101,101,101,101,101,101,101,101,101,101],"card_choices":[{"not_picked":["Headbutt","Sword Boomerang"],"picked":"Pummel","floor":1},{"not_picked":["Second Wind","Reckless Charge"],"picked":"Feel No Pain","floor":2},{"not_picked":["Twin Strike","Clothesline"],"picked":"Cleave","floor":6},{"not_picked":["Corruption","Searing Blow"],"picked":"Burning Pact","floor":7},{"not_picked":["Wild Strike","Perfected Strike","Sword Boomerang"],"picked":"SKIP","floor":11},{"not_picked":["Combust","Armaments"],"picked":"Burning Pact","floor":12},{"not_picked":["Juggernaut","Blood for Blood"],"picked":"Iron Wave","floor":13},{"not_picked":["Flame Barrier","Pommel Strike"],"picked":"Shockwave","floor":14},{"not_picked":["Exhume","Fiend Fire"],"picked":"Limit Break","floor":16},{"not_picked":["Havoc","Dual Wield"],"picked":"True Grit","floor":18},{"not_picked":["Armaments","Shrug It Off"],"picked":"Havoc","floor":19},{"not_picked":["Feed","Dual Wield"],"picked":"Thunderclap","floor":22},{"not_picked":["Uppercut","Twin Strike"],"picked":"Flex","floor":23},{"not_picked":["Body Slam","Thunderclap"],"picked":"Shrug It Off","floor":24},{"not_picked":["True Grit","Inflame"],"picked":"Limit Break","floor":27},{"not_picked":["Body Slam","Rupture","Clash+1"],"picked":"SKIP","floor":29},{"not_picked":["Limit Break","Reaper"],"picked":"Impervious","floor":33},{"not_picked":["Body Slam","Iron Wave"],"picked":"Carnage+1","floor":35},{"not_picked":["Cleave","Shrug It Off"],"picked":"Flex","floor":37}],"player_experience":96716,"relics_obtained":[{"floor":7,"key":"Charon\u0027s Ashes"},{"floor":9,"key":"Regal Pillow"},{"floor":12,"key":"Blood Vial"},{"floor":14,"key":"War Paint"},{"floor":17,"key":"Tiny Chest"},{"floor":17,"key":"Darkstone Periapt"},{"floor":17,"key":"Mango"},{"floor":23,"key":"MawBank"},{"floor":26,"key":"Boot"},{"floor":27,"key":"Happy Flower"},{"floor":28,"key":"Oddly Smooth Stone"}],"event_choices":[{"damage_healed":0,"gold_gain":0,"player_choice":"Leave","damage_taken":0,"max_hp_gain":0,"max_hp_loss":0,"event_name":"The Cleric","floor":4,"gold_loss":0},{"damage_healed":0,"gold_gain":0,"player_choice":"Success","damage_taken":7,"relics_obtained":["Vajra"],"max_hp_gain":0,"max_hp_loss":0,"event_name":"Scrap Ooze","floor":5,"gold_loss":0},{"damage_healed":0,"gold_gain":0,"player_choice":"Joined the Cult","damage_taken":6,"max_hp_gain":0,"max_hp_loss":0,"event_name":"Nest","floor":20,"gold_loss":0,"cards_obtained":["RitualDagger"]},{"damage_healed":0,"gold_gain":0,"player_choice":"Relic","damage_taken":0,"max_hp_gain":0,"max_hp_loss":0,"event_name":"Wheel of Change","floor":28,"gold_loss":0},{"damage_healed":0,"gold_gain":0,"player_choice":"Fight","damage_taken":0,"max_hp_gain":0,"max_hp_loss":0,"event_name":"Colosseum","floor":31,"gold_loss":0},{"damage_healed":0,"gold_gain":0,"player_choice":"Fled From Nobs","damage_taken":0,"max_hp_gain":0,"max_hp_loss":0,"event_name":"Colosseum","floor":31,"gold_loss":0},{"cards_removed":["Defend_R"],"damage_healed":0,"gold_gain":0,"player_choice":"Removed Skill","damage_taken":0,"max_hp_gain":0,"max_hp_loss":0,"event_name":"Falling","floor":36,"gold_loss":0}],"is_beta":false,"boss_relics":[{"not_picked":["Coffee Dripper","Philosopher\u0027s Stone"],"picked":"Calling Bell"},{"not_picked":["Astrolabe","Runic Cube"],"picked":"Mark of Pain"}],"items_purged_floors":[3],"is_endless":false,"potions_floor_spawned":[11,13,16,19,22,24,33,37],"killed_by":"Transient","ascension_level":2}