{"gold_per_floor":[116,129,147,147,163,163,180,194,248,266,266,41,41,41,41,41],"floor_reached":16,"playtime":671,"items_purged":["Decay"],"score":94,"play_id":"efd090bb-0a39-4a9b-8eba-9eea359df8c4","local_time":"20190206191523","is_ascension_mode":false,"campfire_choices":[{"data":"Defragment","floor":6,"key":"SMITH"},{"data":"Zap","floor":13,"key":"SMITH"},{"data":"Dualcast","floor":15,"key":"SMITH"}],"neow_cost":"CURSE","seed_source_timestamp":1662868562323039,"circlet_count":0,"master_deck":["Strike_B","Strike_B","Strike_B","Strike_B","Defend_B","Defend_B","Defend_B","Defend_B","Zap+1","Dualcast+1","Writhe","Compile Driver","Defragment+1","PanicButton","Compile Driver","Capacitor","White Noise"],"relics":["Cracked Core","Bird Faced Urn"],"potions_floor_usage":[16,16],"damage_taken":[{"damage":1,"enemies":"Cultist","floor":1,"turns":3},{"damage":1,"enemies":"Jaw Worm","floor":2,"turns":3},{"damage":5,"enemies":"Small Slimes","floor":3,"turns":3},{"damage":18,"enemies":"Exordium Thugs","floor":5,"turns":4},{"damage":12,"enemies":"Blue Slaver","floor":7,"turns":2},{"damage":5,"enemies":"Looter","floor":8,"turns":3},{"damage":14,"enemies":"3 Louse","floor":10,"turns":3},{"damage":39,"enemies":"Slime Boss","floor":16,"turns":6}],"seed_played":"-1838660719884563950","potions_obtained":[{"floor":1,"key":"SteroidPotion"},{"floor":7,"key":"EssenceOfSteel"}],"is_trial":false,"path_per_floor":["M","?","M","?","$"],"character_chosen":"DEFECT","items_purchased":["Capacitor","White Noise"],"campfire_rested":0,"item_purchase_floors":[12,12],"current_hp_per_floor":[74,73,68,68,52,52,40,35,35,23,23,23,23,23,23,0],"gold":41,"neow_bonus":"ONE_RARE_RELIC","is_prod":false,"is_daily":false,"chose_seed":false,"campfire_upgraded":3,"win_rate":0,"timestamp":1549476923,"path_taken":["M","?","M","?","M","R","M","?","T","M","?","$","R","?","R","BOSS"],"build_version":"2019-01-23","purchased_purges":1,"victory":false,"max_hp_per_floor":[75,75,75,75,75,75,75,75,75,75,75,75,75,75,75,75],"card_choices":[{"not_picked":["Cold Snap","Steam"],"picked":"Compile Driver","floor":1},{"not_picked":["Tempest","Conserve Battery","Steam"],"picked":"SKIP","floor":2},{"not_picked":["Leap","Doom and Gloom"],"picked":"Defragment","floor":3},{"not_picked":["Conserve Battery","Barrage","Hologram"],"picked":"SKIP","floor":5},{"not_picked":["Barrage","Beam Cell","Redo"],"picked":"SKIP","floor":7},{"not_picked":["Go for the Eyes","Hologram"],"picked":"Compile Driver","floor":8},{"not_picked":["Conserve Battery","Biased Cognition","Beam Cell"],"picked":"SKIP","floor":10}],"player_experience":131565,"relics_obtained":[],"event_choices":[{"damage_healed":0,"gold_gain":0,"player_choice":"1 cards matched","damage_taken":0,"max_hp_gain":0,"max_hp_loss":0,"event_name":"Match and Keep!","floor":4,"gold_loss":0,"cards_obtained":["PanicButton"]},{"damage_healed":0,"gold_gain":0,"player_choice":"Cursed","damage_taken":0,"max_hp_gain":0,"max_hp_loss":0,"event_name":"Wheel of Change","floor":11,"gold_loss":0,"cards_obtained":["Decay"]}],"is_beta":false,"boss_relics":[],"items_purged_floors":[12],"is_endless":false,"potions_floor_spawned":[1,7],"killed_by":"Slime Boss","ascension_level":0}