{"gold_per_floor":[10,26,41,41,51,51,80,94,94,94,126,126,136,155,155,256,256,196,215,231,156,171,171,171,171,171,497,497,512,512,532,532,628,628,645,655,438,449,50,78,29,29],"floor_reached":42,"playtime":5332,"items_purged":["Strike_R"],"score":556,"play_id":"9626aba7-98ae-443c-ba56-3381dba3c59e","local_time":"20181023210157","is_ascension_mode":true,"campfire_choices":[{"data":"Rage","floor":6,"key":"SMITH"},{"data":"Bash","floor":10,"key":"SMITH"},{"data":"Fire Breathing","floor":12,"key":"SMITH"},{"floor":15,"key":"REST"},{"floor":23,"key":"REST"},{"data":"Combust","floor":25,"key":"SMITH"},{"floor":28,"key":"REST"},{"floor":30,"key":"REST"},{"floor":32,"key":"REST"}],"neow_cost":"NO_GOLD","seed_source_timestamp":1180957806107024,"circlet_count":0,"master_deck":["Strike_R","Strike_R","Strike_R","Defend_R","Defend_R","Defend_R","Defend_R","Bash+1","Shrug It Off","Rage+1","Seeing Red","Ghostly Armor","Shrug It Off","Fire Breathing+1","Dual Wield","Seeing Red","Juggernaut","Combust+1","Iron Wave","Evolve+1","Power Through","Juggernaut","Metallicize+1","Wild Strike+1","Immolate","Body Slam","Anger","Evolve+1","Armaments+1","Immolate","Intimidate","Iron Wave+1","Enlightenment","Warcry+1","Parasite"],"relics":["Burning Blood","Mercury Hourglass","Kunai","Strawberry","Black Star","Matryoshka","Old Coin","Incense Burner","Orrery","Calipers","Ice Cream","Champion Belt"],"potions_floor_usage":[16,16,16,22,29,40,42],"damage_taken":[{"damage":7,"enemies":"Small Slimes","floor":1,"turns":3},{"damage":14,"enemies":"Jaw Worm","floor":2,"turns":5},{"damage":2,"enemies":"2 Louse","floor":3,"turns":3},{"damage":15,"enemies":"Red Slaver","floor":5,"turns":4},{"damage":18,"enemies":"Lagavulin","floor":7,"turns":9},{"damage":1,"enemies":"3 Louse","floor":8,"turns":3},{"damage":24,"enemies":"Gremlin Nob","floor":11,"turns":5},{"damage":7,"enemies":"Exordium Thugs","floor":13,"turns":5},{"damage":10,"enemies":"Exordium Wildlife","floor":14,"turns":6},{"damage":55,"enemies":"Hexaghost","floor":16,"turns":13},{"damage":32,"enemies":"2 Thieves","floor":18,"turns":4},{"damage":17,"enemies":"3 Byrds","floor":19,"turns":3},{"damage":21,"enemies":"Snake Plant","floor":20,"turns":4},{"damage":19,"enemies":"Snecko","floor":22,"turns":5},{"damage":36,"enemies":"Book of Stabbing","floor":27,"turns":6},{"damage":23,"enemies":"Sentry and Sphere","floor":29,"turns":6},{"damage":14,"enemies":"Cultist and Chosen","floor":31,"turns":6},{"damage":69,"enemies":"Champ","floor":33,"turns":14},{"damage":32,"enemies":"3 Darklings","floor":35,"turns":5},{"damage":34,"enemies":"Orb Walker","floor":36,"turns":5},{"damage":6,"enemies":"3 Darklings","floor":38,"turns":5},{"damage":29,"enemies":"Reptomancer","floor":40,"turns":8},{"damage":26,"enemies":"Writhing Mass","floor":42,"turns":4}],"seed_played":"3652169754338657476","potions_obtained":[{"floor":7,"key":"SpeedPotion"},{"floor":13,"key":"FearPotion"},{"floor":14,"key":"Regen Potion"},{"floor":16,"key":"GamblersBrew"},{"floor":19,"key":"Ancient Potion"},{"floor":27,"key":"Fire Potion"},{"floor":33,"key":"Ancient Potion"},{"floor":40,"key":"Explosive Potion"}],"is_trial":false,"path_per_floor":["M","M","M","?","M","R","E","M","T","R","E","R","M","M","R","B",null,"M","M","M","?","M","R","?","R","T","E","R","M","R","M","R","B",null,"M","M","$","M","$","E","$"],"character_chosen":"IRONCLAD","items_purchased":["Immolate","Intimidate","Calipers","Enlightenment","Weak Potion"],"campfire_rested":5,"item_purchase_floors":[37,37,39,39,41],"current_hp_per_floor":[95,87,91,91,82,82,70,75,75,75,64,64,63,59,89,54,103,77,66,51,51,38,68,68,68,68,38,68,51,81,73,103,40,103,77,49,49,49,49,26,26,0],"gold":29,"neow_bonus":"TWENTY_PERCENT_HP_BONUS","is_prod":false,"is_daily":false,"chose_seed":false,"campfire_upgraded":4,"win_rate":0,"timestamp":1540353717,"path_taken":["M","M","M","?","M","R","E","M","T","R","E","R","M","?","R","BOSS","M","M","M","?","M","R","?","R","T","E","R","M","R","M","R","BOSS","M","?","$","M","$","E","?","M"],"build_version":"2018-10-18","purchased_purges":1,"victory":false,"max_hp_per_floor":[96,96,96,96,96,96,96,96,96,96,103,103,103,103,103,103,103,103,103,103,103,103,103,103,103,103,103,103,103,103,103,103,103,103,103,103,103,103,103,103,103,103],"card_choices":[{"not_picked":["Anger","Pommel Strike"],"picked":"Shrug It Off","floor":1},{"not_picked":["Metallicize","Clash"],"picked":"Rage","floor":2},{"not_picked":["Twin Strike","Blood for Blood"],"picked":"Seeing Red","floor":3},{"not_picked":["Perfected Strike","Headbutt"],"picked":"Ghostly Armor","floor":5},{"not_picked":["Armaments","Wild Strike"],"picked":"Shrug It Off","floor":7},{"not_picked":["Clothesline","Warcry","Blood for Blood"],"picked":"SKIP","floor":8},{"not_picked":["Warcry","Reaper"],"picked":"Fire Breathing","floor":11},{"not_picked":["Armaments","Shockwave"],"picked":"Dual Wield","floor":13},{"not_picked":["Dual Wield","Heavy Blade"],"picked":"Seeing Red","floor":14},{"not_picked":["Limit Break","Dark Embrace"],"picked":"Juggernaut","floor":16},{"not_picked":["Burning Pact+1","Dropkick"],"picked":"Combust","floor":18},{"not_picked":["Clash","True Grit"],"picked":"Iron Wave","floor":19},{"not_picked":["Sword Boomerang+1","Power Through"],"picked":"Evolve+1","floor":20},{"not_picked":["Rampage","Uppercut"],"picked":"Power Through","floor":22},{"not_picked":["Exhume","Twin Strike+1"],"picked":"Metallicize+1","floor":27},{"not_picked":["Dropkick+1","Fire Breathing","Havoc"],"picked":"SKIP","floor":29},{"not_picked":["Headbutt","Clothesline"],"picked":"Wild Strike+1","floor":31},{"not_picked":["Demon Form","Berserk"],"picked":"Immolate","floor":33},{"not_picked":["Flex","Havoc"],"picked":"Body Slam","floor":34},{"not_picked":["Sentinel+1","Clash"],"picked":"Anger","floor":34},{"not_picked":["Disarm","Flex"],"picked":"Evolve+1","floor":34},{"not_picked":["Havoc","Clothesline","Clash+1"],"picked":"SKIP","floor":35},{"not_picked":["Immolate","Flex"],"picked":"Armaments+1","floor":36},{"not_picked":["Pummel+1","Sword Boomerang"],"picked":"Iron Wave+1","floor":38},{"not_picked":["Headbutt+1","Inflame+1"],"picked":"Warcry+1","floor":40}],"player_experience":90082,"relics_obtained":[{"floor":7,"key":"Mercury Hourglass"},{"floor":9,"key":"Kunai"},{"floor":11,"key":"Strawberry"},{"floor":26,"key":"Matryoshka"},{"floor":27,"key":"Old Coin"},{"floor":27,"key":"Incense Burner"},{"floor":40,"key":"Ice Cream"},{"floor":40,"key":"Champion Belt"}],"event_choices":[{"damage_healed":0,"gold_gain":0,"player_choice":"Ignored","damage_taken":0,"max_hp_gain":0,"max_hp_loss":0,"event_name":"Liars Game","floor":4,"gold_loss":0},{"cards_removed":["Strike_R"],"damage_healed":0,"gold_gain":0,"player_choice":"Gave Gold","damage_taken":0,"max_hp_gain":0,"max_hp_loss":0,"event_name":"Beggar","floor":21,"gold_loss":75},{"damage_healed":0,"gold_gain":0,"player_choice":"Copied","damage_taken":0,"max_hp_gain":0,"max_hp_loss":0,"event_name":"Duplicator","floor":24,"gold_loss":0,"cards_obtained":["Juggernaut"]}],"is_beta":false,"boss_relics":[{"not_picked":["Philosopher\u0027s Stone","Pandora\u0027s Box"],"picked":"Black Star"},{"not_picked":["Runic Pyramid","Lizard Tail"],"picked":"Orrery"}],"items_purged_floors":[37],"is_endless":false,"potions_floor_spawned":[7,13,14,16,19,27,33,40],"killed_by":"Writhing Mass","ascension_level":2}