{"path_per_floor":["M","M","?","M","M","E","R","M","T","E","M","?","M","M","R","B",null,"M","$","?","$","M","R","M","R","T","$","E","M","R","E","R","B",null,"M","$","M","?","M","R","M","M","T","?"],"character_chosen":"IRONCLAD","items_purchased":["Battle Trance","Feel No Pain","Armaments","Metallicize","Shrug It Off"],"gold_per_floor":[109,126,126,146,166,195,195,212,212,246,266,266,276,290,290,392,392,409,181,181,9,19,19,29,29,29,29,54,64,64,90,90,192,192,205,157,172,172,185,185,205,221,247,247],"floor_reached":45,"campfire_rested":3,"playtime":5580,"current_hp_per_floor":[80,80,80,80,74,46,70,69,69,72,78,78,73,75,75,65,80,79,79,79,79,80,80,80,80,80,80,53,39,63,65,65,70,80,80,80,77,67,26,50,36,19,19,19],"items_purged":["Strike_R","Writhe"],"gold":247,"play_id":"509c866e-00e0-42fa-b5df-fbec65ec3130","is_prod":false,"is_daily":false,"is_ascension_mode":false,"campfire_upgraded":4,"path_taken":["M","M","?","M","M","E","R","M","T","E","M","?","M","M","R","BOSS","M","$","?","?","M","R","M","R","T","$","E","M","R","E","R","BOSS","M","$","M","?","M","R","M","M","T","?","M"],"build_version":"2018-01-25-PROD3","purchased_purges":3,"victory":false,"master_deck":["Strike_R","Strike_R","Strike_R","Strike_R+1","Defend_R","Defend_R","Defend_R","Defend_R","Bash+1","Entrench","Armaments+1","Flex","True Grit+1","Feel No Pain","Offering+1","Intimidate","Warcry+1","Sentinel","Cleave","Fiend Fire","Battle Trance","Feel No Pain","Armaments+1","Metallicize","Disarm+1","Pummel","Shrug It Off","Shockwave","Body Slam+1","Exhume","Entrench+1","Shrug It Off","Madness","Madness","Body Slam","Searing Blow+1","Burning Pact+1","Doubt"],"max_hp_per_floor":[80,80,80,80,80,80,80,80,80,80,80,80,80,80,80,80,80,80,80,80,80,80,80,80,80,80,80,80,80,80,80,80,80,80,80,80,80,80,80,80,80,80,80,80],"relics":["Burning Blood","NeowsBlessing","Toxic Egg","Magic Flower","Whetstone","Question Card","Paper Frog","Happy Flower","Lantern","Matryoshka","Cursed Key","Bag of Marbles","Juzu Bracelet"],"card_choices":[{"not_picked":["Twin Strike","Spot Weakness"],"picked":"Entrench"},{"not_picked":["Cleave","Rampage"],"picked":"Armaments"},{"not_picked":["Cleave","Anger"],"picked":"Flex"},{"not_picked":["Headbutt","Flex"],"picked":"True Grit"},{"not_picked":["Anger","Fire Breathing"],"picked":"Feel No Pain"},{"not_picked":["Reckless Charge","Cleave"],"picked":"Offering"},{"not_picked":["Armaments","Perfected Strike"],"picked":"Intimidate"},{"not_picked":["Pommel Strike","Bloodletting"],"picked":"Warcry"},{"not_picked":["Armaments","Anger"],"picked":"Sentinel"},{"not_picked":["Rupture","Power Through"],"picked":"Cleave"},{"not_picked":["Berserk","Brutality"],"picked":"Fiend Fire"},{"not_picked":["Dropkick","Sword Boomerang","Perfected Strike"],"picked":"Clothesline"},{"not_picked":["True Grit","Body Slam","Searing Blow"],"picked":"Disarm"},{"not_picked":["Havoc","Twin Strike","Spot Weakness"],"picked":"Pummel"},{"not_picked":["Berserk","Cleave","Battle Trance"],"picked":"Shrug It Off"},{"not_picked":["Burning Pact","Cleave","Battle Trance"],"picked":"Shockwave"},{"not_picked":["Iron Wave","Clash","Pummel"],"picked":"Body Slam"},{"not_picked":["Immolate","Limit Break","Reaper"],"picked":"Exhume"},{"not_picked":["Combust","Iron Wave","Shockwave"],"picked":"Entrench"},{"not_picked":["Perfected Strike","Flame Barrier","Burning Pact"],"picked":"Body Slam"},{"not_picked":["Pummel","Seeing Red","Clothesline"],"picked":"Searing Blow"},{"not_picked":["Rage","Anger","Shrug It Off"],"picked":"Burning Pact"}],"player_experience":159661,"potions_floor_usage":[6,10,16,28,31,33,42],"damage_taken":[{"damage":0,"enemies":"Jaw Worm","floor":1,"turns":1},{"damage":0,"enemies":"2 Louse","floor":2,"turns":1},{"damage":0,"enemies":"Blue Slaver","floor":4,"turns":1},{"damage":12,"enemies":"Looter","floor":5,"turns":4},{"damage":34,"enemies":"Gremlin Nob","floor":6,"turns":5},{"damage":7,"enemies":"Lots of Slimes","floor":8,"turns":6},{"damage":6,"enemies":"Lagavulin","floor":10,"turns":9},{"damage":3,"enemies":"3 Louse","floor":11,"turns":5},{"damage":14,"enemies":"Large Slime","floor":13,"turns":10},{"damage":7,"enemies":"2 Fungi Beasts","floor":14,"turns":4},{"damage":19,"enemies":"The Guardian","floor":16,"turns":13},{"damage":10,"enemies":"Chosen","floor":18,"turns":6},{"damage":4,"enemies":"Shell Parasite","floor":22,"turns":10},{"damage":5,"enemies":"Centurion and Healer","floor":24,"turns":9},{"damage":36,"enemies":"Gremlin Leader","floor":28,"turns":9},{"damage":23,"enemies":"3 Cultists","floor":29,"turns":6},{"damage":32,"enemies":"Book of Stabbing","floor":31,"turns":14},{"damage":4,"enemies":"Champ","floor":33,"turns":11},{"damage":4,"enemies":"Orb Walker","floor":35,"turns":5},{"damage":12,"enemies":"3 Shapes","floor":37,"turns":4},{"damage":50,"enemies":"Sphere and 2 Shapes","floor":39,"turns":15},{"damage":23,"enemies":"3 Darklings","floor":41,"turns":9},{"damage":26,"enemies":"4 Shapes","floor":42,"turns":11},{"damage":19,"enemies":"Sphere and 2 Shapes","floor":45,"turns":3}],"event_choices":[{"event_name":"Living Wall","player_choice":"Grow","floor":3,"damage_taken":0},{"event_name":"The Woman in Blue","player_choice":"Bought 0 Potions","floor":12,"damage_taken":0},{"event_name":"The Mausoleum","player_choice":"Yes","floor":20,"damage_taken":0},{"event_name":"Winding Halls","player_choice":"Embrace Madness","floor":38,"damage_taken":0}],"boss_relics":[{"not_picked":["Philosopher\u0027s Stone","Tiny House"],"picked":"Question Card"},{"not_picked":["Eternal Feather","Black Blood"],"picked":"Cursed Key"}],"potions_floor_spawned":[4,5,10,11,13,16,22,24,31,39,42],"seed_played":"-1668933389321262100","killed_by":"Sphere and 2 Shapes","ascension_level":0,"is_trial":false}