{"gold_per_floor":[109,109,59,35,35,66,85,85,111,27,27,202,222,247,247,247],"floor_reached":16,"playtime":403,"items_purged":[],"score":123,"play_id":"2c92c5a8-8ebb-45c9-9d27-c96b2c8d03a6","local_time":"20190228130515","is_ascension_mode":false,"campfire_choices":[{"data":"Havoc","floor":8,"key":"SMITH"},{"data":"True Grit","floor":15,"key":"SMITH"}],"neow_cost":"NONE","seed_source_timestamp":1100341116992867,"circlet_count":0,"master_deck":["Strike_R","Strike_R","Strike_R","Strike_R","Strike_R","Defend_R","Defend_R","Defend_R","Bash","Battle Trance","True Grit+1","Havoc+1","Pommel Strike","Finesse","Doubt","Headbutt"],"relics":["Burning Blood","NeowsBlessing","Dead Branch","Golden Idol","Ancient Tea Set","Art of War"],"potions_floor_usage":[6,14],"damage_taken":[{"damage":0,"enemies":"Jaw Worm","floor":1,"turns":1},{"damage":0,"enemies":"3 Sentries","floor":6,"turns":1},{"damage":0,"enemies":"Small Slimes","floor":7,"turns":1},{"damage":0,"enemies":"2 Louse","floor":13,"turns":2},{"damage":14,"enemies":"Large Slime","floor":14,"turns":6},{"damage":67,"enemies":"Hexaghost","floor":16,"turns":9}],"seed_played":"5385985463499339465","potions_obtained":[{"floor":1,"key":"PowerPotion"},{"floor":6,"key":"GamblersBrew"}],"is_trial":false,"path_per_floor":["M","?","?","$","?","E","M","R","T","$","$","?","M","M","R","B"],"character_chosen":"IRONCLAD","items_purchased":["True Grit","Finesse"],"campfire_rested":0,"item_purchase_floors":[4,10],"current_hp_per_floor":[80,77,77,77,57,63,69,69,69,69,69,69,75,67,67,0],"gold":247,"neow_bonus":"THREE_ENEMY_KILL","is_prod":false,"is_daily":false,"chose_seed":false,"campfire_upgraded":2,"win_rate":0,"timestamp":1551337515,"path_taken":["M","?","?","$","?","E","M","R","T","?","$","?","M","M","R","BOSS"],"build_version":"2019-01-23","purchased_purges":0,"victory":false,"max_hp_per_floor":[80,80,80,80,80,80,80,80,80,80,80,80,80,80,80,80],"card_choices":[{"not_picked":["Carnage","Entrench"],"picked":"Battle Trance","floor":1},{"not_picked":["Combust","Pommel Strike"],"picked":"Havoc","floor":6},{"not_picked":["Armaments","Perfected Strike"],"picked":"Pommel Strike","floor":7},{"not_picked":["Perfected Strike","Dual Wield","Power Through"],"picked":"SKIP","floor":13},{"not_picked":["Power Through","Cleave"],"picked":"Headbutt","floor":14}],"player_experience":909786,"relics_obtained":[{"floor":6,"key":"Ancient Tea Set"},{"floor":9,"key":"Art of War"}],"event_choices":[{"damage_healed":0,"gold_gain":0,"player_choice":"Success","damage_taken":3,"relics_obtained":["Dead Branch"],"max_hp_gain":0,"max_hp_loss":0,"event_name":"Scrap Ooze","floor":2,"gold_loss":0},{"cards_removed":["Defend_R"],"damage_healed":0,"gold_gain":0,"player_choice":"Card Removal","damage_taken":0,"max_hp_gain":0,"max_hp_loss":0,"event_name":"The Cleric","floor":3,"gold_loss":50},{"damage_healed":0,"gold_gain":0,"player_choice":"Take Damage","damage_taken":20,"relics_obtained":["Golden Idol"],"max_hp_gain":0,"max_hp_loss":0,"event_name":"Golden Idol","floor":5,"gold_loss":0},{"damage_healed":0,"gold_gain":175,"player_choice":"AGREE","damage_taken":0,"max_hp_gain":0,"max_hp_loss":0,"event_name":"Liars Game","floor":12,"gold_loss":0,"cards_obtained":["Doubt"]}],"is_beta":false,"boss_relics":[],"items_purged_floors":[],"is_endless":false,"potions_floor_spawned":[1,6],"killed_by":"Hexaghost","ascension_level":0}