{"gold_per_floor":[13,13,13,26,40,40,72,72,140,140,150,176,176,192,192,292,292,307,397,408,408],"floor_reached":21,"playtime":1889,"items_purged":[],"score":261,"play_id":"92bed785-42db-44e0-915f-9a51ad929963","local_time":"20181111224735","is_ascension_mode":true,"campfire_choices":[{"data":"Demon Form","floor":6,"key":"SMITH"},{"data":"True Grit","floor":8,"key":"SMITH"},{"data":"Clothesline","floor":10,"key":"SMITH"},{"floor":13,"key":"REST"},{"data":"Armaments","floor":15,"key":"SMITH"}],"neow_cost":"NO_GOLD","seed_source_timestamp":188612631180487,"circlet_count":0,"master_deck":["Strike_R","Strike_R","Strike_R","Strike_R","Strike_R","Defend_R","Defend_R","Defend_R","Bash","True Grit+1","Clothesline+1","Demon Form+1","Battle Trance","Armaments+1","Heavy Blade","Feed","Heavy Blade","Pommel Strike"],"relics":["Burning Blood","Anchor","Blue Candle","Self Forming Clay","Black Star"],"potions_floor_usage":[21],"damage_taken":[{"damage":7,"enemies":"2 Louse","floor":1,"turns":2},{"damage":3,"enemies":"Cultist","floor":4,"turns":4},{"damage":6,"enemies":"Small Slimes","floor":5,"turns":3},{"damage":45,"enemies":"Lagavulin","floor":7,"turns":7},{"damage":8,"enemies":"2 Fungi Beasts","floor":11,"turns":3},{"damage":25,"enemies":"Gremlin Nob","floor":12,"turns":4},{"damage":4,"enemies":"Exordium Wildlife","floor":14,"turns":3},{"damage":19,"enemies":"Slime Boss","floor":16,"turns":7},{"damage":25,"enemies":"3 Byrds","floor":18,"turns":6},{"damage":25,"enemies":"Spheric Guardian","floor":20,"turns":4},{"damage":40,"enemies":"Shelled Parasite and Fungi","floor":21,"turns":3}],"seed_played":"2838495602632153533","potions_obtained":[{"floor":7,"key":"EssenceOfSteel"},{"floor":12,"key":"Strength Potion"},{"floor":14,"key":"SkillPotion"}],"is_trial":false,"path_per_floor":["M","?","?","M","M","R","E","R","T","R","M","E","R","M","R","B",null,"M","?","M","M"],"character_chosen":"IRONCLAD","items_purchased":[],"campfire_rested":1,"item_purchase_floors":[],"current_hp_per_floor":[95,100,100,101,101,101,62,62,62,62,60,41,71,73,73,60,91,76,56,40,0],"gold":408,"neow_bonus":"TWENTY_PERCENT_HP_BONUS","is_prod":false,"is_daily":false,"chose_seed":false,"campfire_upgraded":4,"win_rate":0,"timestamp":1542005255,"path_taken":["M","?","?","M","M","R","E","R","T","R","M","E","R","?","R","BOSS","M","?","M","?"],"build_version":"2018-11-08","purchased_purges":0,"victory":false,"max_hp_per_floor":[96,101,101,101,101,101,101,101,101,101,101,101,101,101,101,101,101,105,105,108,108],"card_choices":[{"not_picked":["Havoc","Body Slam"],"picked":"True Grit","floor":1},{"not_picked":["Hemokinesis","Thunderclap"],"picked":"Clothesline","floor":4},{"not_picked":["Bloodletting","Armaments"],"picked":"Demon Form","floor":5},{"not_picked":["Warcry","Dual Wield","Fire Breathing"],"picked":"SKIP","floor":7},{"not_picked":["Heavy Blade","Armaments"],"picked":"Battle Trance","floor":11},{"not_picked":["Body Slam","Rampage"],"picked":"Armaments","floor":12},{"not_picked":["Havoc","Pummel"],"picked":"Heavy Blade","floor":14},{"not_picked":["Berserk","Dark Embrace"],"picked":"Feed","floor":16},{"not_picked":["Thunderclap","Pommel Strike"],"picked":"Heavy Blade","floor":18},{"not_picked":["Combust","Cleave"],"picked":"Pommel Strike","floor":20}],"player_experience":211793,"relics_obtained":[{"floor":7,"key":"Anchor"},{"floor":9,"key":"Blue Candle"},{"floor":12,"key":"Self Forming Clay"}],"event_choices":[{"damage_healed":0,"gold_gain":0,"player_choice":"Donut","damage_taken":0,"max_hp_gain":5,"max_hp_loss":0,"event_name":"Big Fish","floor":2,"gold_loss":0},{"cards_removed":["Defend_R"],"damage_healed":0,"gold_gain":0,"player_choice":"Offered Basic","damage_taken":0,"max_hp_gain":0,"max_hp_loss":0,"event_name":"Bonfire Elementals","floor":3,"gold_loss":0},{"damage_healed":0,"gold_gain":90,"player_choice":"GOLD ","damage_taken":20,"max_hp_gain":0,"max_hp_loss":0,"event_name":"Knowing Skull","floor":19,"potions_obtained":[],"gold_loss":0,"cards_obtained":[]}],"is_beta":false,"boss_relics":[{"not_picked":["Runic Dome","Black Blood"],"picked":"Black Star"}],"items_purged_floors":[],"is_endless":false,"potions_floor_spawned":[7,12,14,16,18],"killed_by":"Shelled Parasite and Fungi","ascension_level":5}