{"gold_per_floor":[118,118,43,54,54,54,71,99,99,118,293,307,317,34,34,134,134,149,149,224,224,236,236,269,280,280,292,99,109,123,143,143,242,242,262,262,314,314,325,325,345,345,345,358,358,32,43,60,60,60],"floor_reached":51,"playtime":5799,"items_purged":["Strike_G","Regret"],"score":863,"play_id":"14a5c743-05c7-4e2a-b838-01ca65d8e1d9","local_time":"20180925025037","is_ascension_mode":true,"campfire_choices":[{"data":"Footwork","floor":6.0,"key":"SMITH"},{"data":"Apotheosis","floor":15.0,"key":"SMITH"},{"data":"Setup","floor":23.0,"key":"SMITH"},{"data":"Adrenaline","floor":32.0,"key":"SMITH"},{"data":"1","floor":40,"key":"LIFT"},{"data":"2","floor":42,"key":"LIFT"},{"data":"3","floor":45,"key":"LIFT"},{"data":"Apotheosis","floor":49,"key":"SMITH"}],"neow_cost":"","seed_source_timestamp":0,"circlet_count":0,"master_deck":["Defend_G","Defend_G","Defend_G","Defend_G","Defend_G","Strike_G","Strike_G","Strike_G","Survivor","Neutralize","Backstab","Calculated Gamble","Footwork+1","Noxious Fumes","Bouncing Flask","Backflip","Doubt","Well Laid Plans","Cloak And Dagger","Apotheosis+1","Corpse Explosion","Flying Knee","RitualDagger","Setup+1","Sucker Punch+1","Bullet Time","Eviscerate+1","Footwork+1","Heel Hook","Dagger Spray+1","Adrenaline+1","Burst","Outmaneuver+1","Accuracy","Crippling Poison+1","Apotheosis+1","Impatience","Good Instincts","Choke+1","Prepared+1","Footwork+1","Master of Strategy","Underhanded Strike+1","Deflect"],"special_seed":0,"relics":["Ring of the Snake","Nunchaku","Meat on the Bone","Tough Bandages","Runic Pyramid","Unceasing Top","Pantograph","DollysMirror","Coffee Dripper","Girya","Du-Vu Doll","Calipers","Snake Skull"],"potions_floor_usage":[41,44,47],"damage_taken":[{"damage":0.0,"enemies":"Small Slimes","floor":1.0,"turns":3.0},{"damage":0.0,"enemies":"Jaw Worm","floor":4.0,"turns":3.0},{"damage":1.0,"enemies":"2 Louse","floor":7.0,"turns":3.0},{"damage":22.0,"enemies":"Lagavulin","floor":8.0,"turns":11.0},{"damage":8.0,"enemies":"Red Slaver","floor":10.0,"turns":5.0},{"damage":3.0,"enemies":"Exordium Thugs","floor":12.0,"turns":5.0},{"damage":2.0,"enemies":"2 Fungi Beasts","floor":13.0,"turns":6.0},{"damage":0.0,"enemies":"The Guardian","floor":16.0,"turns":9.0},{"damage":0.0,"enemies":"Chosen","floor":18.0,"turns":5.0},{"damage":0.0,"enemies":"3 Byrds","floor":22.0,"turns":6.0},{"damage":43.0,"enemies":"Gremlin Leader","floor":24.0,"turns":8.0},{"damage":4.0,"enemies":"Snecko","floor":25.0,"turns":7.0},{"damage":3.0,"enemies":"Sentry and Sphere","floor":27.0,"turns":5.0},{"damage":17.0,"enemies":"Centurion and Healer","floor":29.0,"turns":6.0},{"damage":4.0,"enemies":"Shelled Parasite and Fungi","floor":30.0,"turns":6.0},{"damage":31.0,"enemies":"Chosen and Byrds","floor":31.0,"turns":5.0},{"damage":5.0,"enemies":"Automaton","floor":33.0,"turns":9.0},{"damage":20,"enemies":"3 Darklings","floor":35,"turns":3},{"damage":8,"enemies":"Mind Bloom Boss Battle","floor":36,"turns":9},{"damage":12,"enemies":"Mysterious Sphere","floor":37,"turns":5},{"damage":0,"enemies":"Orb Walker","floor":39,"turns":2},{"damage":8,"enemies":"Spire Growth","floor":41,"turns":4},{"damage":10,"enemies":"Sphere and 2 Shapes","floor":44,"turns":5},{"damage":31,"enemies":"3 Darklings","floor":47,"turns":5},{"damage":10,"enemies":"Maw","floor":48,"turns":5},{"damage":12,"enemies":"Awakened One","floor":50,"turns":14}],"seed_played":"2116296479043768885","potions_obtained":[{"floor":1.0,"key":"FearPotion"},{"floor":10.0,"key":"SpeedPotion"},{"floor":12.0,"key":"Weak Potion"},{"floor":16.0,"key":"EssenceOfSteel"},{"floor":24.0,"key":"PowerPotion"},{"floor":25.0,"key":"Dexterity Potion"},{"floor":30.0,"key":"Energy Potion"},{"floor":33.0,"key":"Explosive Potion"},{"floor":35,"key":"Regen Potion"},{"floor":41,"key":"SkillPotion"}],"is_trial":false,"path_per_floor":["M","?","$","M","?","R","M","E","T","M","?","M","M","$","R","B",null,"M","?","?","?","M","R","E","M","T","M","$","M","M","M","R","B",null,"M","?","?","?","M","R","M","R","T","M","R","$","M","M","R","B"],"character_chosen":"THE_SILENT","items_purchased":["Apotheosis","DollysMirror","Snake Skull","Master of Strategy"],"campfire_rested":0,"item_purchase_floors":[14,28,46,46],"current_hp_per_floor":[70,70,70,70,70,70,69,47,47,39,39,36,46,46,46,46,70,70,64,57,44,44,44,13,21,21,30,30,25,33,14,14,46,75,55,67,55,45,45,45,51,51,51,41,41,41,22,24,24,49],"gold":60,"neow_bonus":"","is_prod":false,"is_daily":false,"chose_seed":false,"campfire_upgraded":5,"win_rate":0,"timestamp":1537818637,"path_taken":["M","?","?","M","?","R","M","E","T","M","?","?","M","$","R","BOSS","M","?","?","?","M","R","E","M","T","M","$","M","M","M","R","BOSS","M","?","?","?","M","R","M","R","T","M","R","$","M","M","R","BOSS"],"build_version":"2018-09-20","purchased_purges":2,"victory":true,"max_hp_per_floor":[70,70,70,70,70,70,70,70,70,70,70,70,70,70,70,70,70,70,70,70,75,75,75,75,75,75,75,75,75,75,75,75,75,75,75,75,75,75,75,75,75,75,75,75,75,75,75,75,75,75],"card_choices":[{"not_picked":["Tactician","Poisoned Stab"],"picked":"Backstab","floor":1.0},{"not_picked":["Bane","Deadly Poison"],"picked":"Footwork","floor":4.0},{"not_picked":["Dagger Throw","Leg Sweep"],"picked":"Noxious Fumes","floor":7.0},{"not_picked":["Outmaneuver","Sucker Punch"],"picked":"Bouncing Flask","floor":8.0},{"not_picked":["Eviscerate","Underhanded Strike"],"picked":"Backflip","floor":10.0},{"not_picked":["Noxious Fumes","Bane"],"picked":"Well Laid Plans","floor":12.0},{"not_picked":["Riddle With Holes","Blade Dance"],"picked":"Cloak And Dagger","floor":13.0},{"not_picked":["Bullet Time","Die Die Die"],"picked":"Corpse Explosion","floor":16.0},{"not_picked":["Predator","Dagger Spray"],"picked":"Flying Knee","floor":18.0},{"not_picked":["Poisoned Stab","Riddle With Holes"],"picked":"Setup","floor":22.0},{"not_picked":["Slice","Prepared"],"picked":"Sucker Punch+1","floor":24.0},{"not_picked":["Backflip","Dagger Throw"],"picked":"Bullet Time","floor":25.0},{"not_picked":["Dagger Throw","Terror"],"picked":"Eviscerate+1","floor":27.0},{"not_picked":["Flying Knee","PiercingWail"],"picked":"Heel Hook","floor":29.0},{"not_picked":["Slice","Blade Dance"],"picked":"Dagger Spray+1","floor":30.0},{"not_picked":["Eviscerate+1","Reflex"],"picked":"Adrenaline","floor":31.0},{"not_picked":["Tools of the Trade","Night Terror"],"picked":"Burst","floor":33.0},{"not_picked":["Bane","Prepared+1"],"picked":"Outmaneuver+1","floor":35},{"not_picked":["Sucker Punch","Heel Hook+1"],"picked":"Accuracy","floor":36},{"not_picked":["Caltrops+1","Dagger Throw+1"],"picked":"Crippling Poison+1","floor":37},{"not_picked":["Enlightenment","Blind"],"picked":"Apotheosis","floor":38},{"not_picked":["Blind","Dramatic Entrance"],"picked":"Impatience","floor":38},{"not_picked":["The Bomb","PanicButton"],"picked":"Good Instincts","floor":38},{"not_picked":["Skewer+1","Quick Slash+1"],"picked":"Choke+1","floor":39},{"not_picked":["PiercingWail+1","Deflect"],"picked":"Prepared+1","floor":41},{"not_picked":["Bane+1","Distraction+1"],"picked":"Footwork+1","floor":44},{"not_picked":["Poisoned Stab+1","Well Laid Plans"],"picked":"Underhanded Strike+1","floor":47},{"not_picked":["Heel Hook","All Out Attack+1"],"picked":"Deflect","floor":48}],"player_experience":102416,"relics_obtained":[{"floor":8.0,"key":"Meat on the Bone"},{"floor":9.0,"key":"Tough Bandages"},{"floor":24.0,"key":"Unceasing Top"},{"floor":26.0,"key":"Pantograph"},{"floor":36,"key":"Girya"},{"floor":37,"key":"Du-Vu Doll"},{"floor":43,"key":"Calipers"}],"event_choices":[{"event_name":"Living Wall","player_choice":"Change","floor":2.0,"damage_taken":0.0},{"event_name":"Big Fish","player_choice":"Box","floor":5.0,"damage_taken":0.0},{"event_name":"Liars Game","player_choice":"agreed","floor":11.0,"damage_taken":0.0},{"event_name":"Nest","player_choice":"Joined the Cult","floor":19.0,"damage_taken":0.0},{"event_name":"FaceTrader","player_choice":"Touch","floor":20.0,"damage_taken":0.0},{"event_name":"Forgotten Altar","player_choice":"Shed Blood","floor":21.0,"damage_taken":0.0},{"event_name":"MindBloom","player_choice":"Fight","floor":36,"damage_taken":0},{"event_name":"Mysterious Sphere","player_choice":"Fight","floor":37,"damage_taken":0},{"event_name":"SensoryStone","player_choice":"Memory 3","floor":38,"damage_taken":0}],"is_beta":false,"boss_relics":[{"not_picked":["Orrery","Busted Crown"],"picked":"Runic Pyramid"},{"not_picked":["Philosopher\u0027s Stone","Cursed Key"],"picked":"Coffee Dripper"}],"items_purged_floors":[3,14],"is_endless":false,"potions_floor_spawned":[1,10,12,16,24,25,30,33,35,41],"ascension_level":4}