{"gold_per_floor":[111,127,19,35,52,52,62,40,40,40,15,190,190,217,217,317,317,337,347,156,171,171,171,77,77,77,94,94,113,113,14,14,112,112,131,131,57,75,5,5,15,15],"floor_reached":42,"playtime":4837,"items_purged":["Doubt"],"score":421,"play_id":"fa3a26eb-b010-42a8-8cea-ac10b3691bf3","local_time":"20190116212503","is_ascension_mode":false,"campfire_choices":[{"data":"Storm","floor":6,"key":"SMITH"},{"data":"1","floor":13,"key":"LIFT"},{"floor":15,"key":"REST"},{"floor":23,"key":"REST"},{"data":"Trip","floor":25,"key":"SMITH"},{"data":"Defragment","floor":28,"key":"SMITH"},{"floor":30,"key":"REST"},{"data":"Static Discharge","floor":32,"key":"SMITH"},{"data":"Amplify","floor":40,"key":"SMITH"}],"neow_cost":"TEN_PERCENT_HP_LOSS","seed_source_timestamp":427519261793164,"circlet_count":0,"master_deck":["Strike_B","Strike_B","Strike_B","Strike_B","Defend_B","Defend_B","Defend_B","Defend_B","Zap","Dualcast","Self Repair","Aggregate","Storm+1","Coolheaded","White Noise","Self Repair","Genetic Algorithm+1","Conserve Battery","Conserve Battery","Defragment+1","Echo Form","Gash","White Noise+1","Gash","Melter","Reinforced Body","Trip+1","Tempest","Storm","Sweeping Beam","Static Discharge+1","Amplify+1","Auto Shields","Sadistic Nature","Self Repair","Rebound+1","White Noise","Streamline+1"],"relics":["Cracked Core","Incense Burner","Girya","Darkstone Periapt","Lizard Tail","Bag of Preparation","Eternal Feather"],"potions_floor_usage":[14,16,42,42],"damage_taken":[{"damage":0,"enemies":"Cultist","floor":1,"turns":3},{"damage":0,"enemies":"Small Slimes","floor":2,"turns":3},{"damage":0,"enemies":"2 Louse","floor":4,"turns":5},{"damage":6,"enemies":"2 Fungi Beasts","floor":5,"turns":4},{"damage":11,"enemies":"3 Louse","floor":7,"turns":4},{"damage":33,"enemies":"Gremlin Nob","floor":14,"turns":5},{"damage":52,"enemies":"The Guardian","floor":16,"turns":13},{"damage":32,"enemies":"3 Byrds","floor":18,"turns":5},{"damage":25,"enemies":"Spheric Guardian","floor":19,"turns":6},{"damage":33,"enemies":"Centurion and Healer","floor":21,"turns":8},{"damage":16,"enemies":"Snecko","floor":27,"turns":6},{"damage":1,"enemies":"Chosen and Byrds","floor":29,"turns":6},{"damage":50,"enemies":"Collector","floor":33,"turns":7},{"damage":36,"enemies":"3 Darklings","floor":35,"turns":4},{"damage":16,"enemies":"Orb Walker","floor":38,"turns":3},{"damage":22,"enemies":"Sphere and 2 Shapes","floor":41,"turns":3},{"damage":61,"enemies":"2 Orb Walkers","floor":42,"turns":3}],"seed_played":"-8708675661248567712","potions_obtained":[{"floor":4,"key":"FocusPotion"},{"floor":14,"key":"Regen Potion"},{"floor":18,"key":"PowerPotion"},{"floor":19,"key":"EssenceOfSteel"},{"floor":33,"key":"SteroidPotion"}],"is_trial":false,"path_per_floor":["M","M","$","M","M","R","M","$","T","?","$","?","R","E","R","B",null,"M","M","$","M","?","R","$","R","T","M","R","M","R","$","R","B",null,"M","?","$","M","$","R","M","?"],"character_chosen":"DEFECT","items_purchased":["Storm","Coolheaded","Conserve Battery","Conserve Battery","Gash","Melter","Trip","Sweeping Beam","Static Discharge","Self Repair","White Noise"],"campfire_rested":3,"item_purchase_floors":[3,3,8,11,20,20,24,31,31,37,39],"current_hp_per_floor":[68,68,68,68,68,68,64,64,64,64,64,64,64,45,65,42,68,50,39,39,20,20,40,40,40,40,31,31,30,50,50,50,48,68,46,46,46,51,51,68,60,0],"gold":15,"neow_bonus":"ONE_RARE_RELIC","is_prod":false,"is_daily":false,"chose_seed":false,"campfire_upgraded":5,"win_rate":0.0,"timestamp":1547670303,"path_taken":["M","M","?","M","M","R","M","$","T","?","$","?","R","E","R","BOSS","M","M","$","M","?","R","$","R","T","M","R","M","R","$","R","BOSS","M","?","$","M","$","R","M","?"],"build_version":"2019-01-10","purchased_purges":1,"victory":false,"max_hp_per_floor":[68,68,68,68,68,68,68,68,68,68,68,68,68,68,68,68,68,68,68,68,68,68,68,68,68,68,68,68,68,68,68,68,68,68,68,68,68,68,68,68,68,68],"card_choices":[{"not_picked":["Turbo","Static Discharge"],"picked":"Self Repair","floor":1},{"not_picked":["Go for the Eyes","Glacier"],"picked":"Aggregate","floor":2},{"not_picked":["Steam","Leap"],"picked":"White Noise","floor":4},{"not_picked":["Redo","Compile Driver"],"picked":"Self Repair","floor":5},{"not_picked":["Storm","Barrage"],"picked":"Genetic Algorithm","floor":7},{"not_picked":["Chaos","Coolheaded"],"picked":"Defragment","floor":14},{"not_picked":["Multi-Cast","Reboot"],"picked":"Echo Form","floor":16},{"not_picked":["Beam Cell","Conserve Battery"],"picked":"Gash","floor":18},{"not_picked":["Compile Driver+1","Streamline"],"picked":"White Noise+1","floor":19},{"not_picked":["Glacier","Streamline"],"picked":"Reinforced Body","floor":21},{"not_picked":["Turbo","Gash"],"picked":"Tempest","floor":27},{"not_picked":["Steam","Scrape"],"picked":"Storm","floor":29},{"not_picked":["Reboot","Fission"],"picked":"Amplify","floor":33},{"not_picked":["Beam Cell","Aggregate+1"],"picked":"Auto Shields","floor":35},{"not_picked":["Good Instincts","Master of Strategy"],"picked":"Sadistic Nature","floor":36},{"not_picked":["Steam+1","Steam Power"],"picked":"Rebound+1","floor":38},{"not_picked":["Leap","Redo"],"picked":"Streamline+1","floor":41}],"player_experience":48500,"relics_obtained":[{"floor":9,"key":"Girya"},{"floor":14,"key":"Darkstone Periapt"},{"floor":26,"key":"Bag of Preparation"}],"event_choices":[{"damage_healed":0,"gold_gain":0,"player_choice":"Grow","damage_taken":0,"max_hp_gain":0,"max_hp_loss":0,"event_name":"Living Wall","floor":10,"gold_loss":0,"cards_upgraded":["Genetic Algorithm"]},{"damage_healed":0,"gold_gain":175,"player_choice":"AGREE","damage_taken":0,"max_hp_gain":0,"max_hp_loss":0,"event_name":"Liars Game","floor":12,"gold_loss":0,"cards_obtained":["Doubt"]},{"damage_healed":0,"gold_gain":0,"player_choice":"Ignored","damage_taken":0,"max_hp_gain":0,"max_hp_loss":0,"event_name":"Vampires","floor":22,"gold_loss":0},{"damage_healed":0,"gold_gain":0,"player_choice":"Memory 1","damage_taken":0,"max_hp_gain":0,"max_hp_loss":0,"event_name":"SensoryStone","floor":36,"gold_loss":0},{"damage_healed":0,"gold_gain":0,"player_choice":"Fight","damage_taken":0,"max_hp_gain":0,"max_hp_loss":0,"event_name":"Mysterious Sphere","floor":42,"gold_loss":0}],"is_beta":false,"boss_relics":[{"not_picked":["White Beast Statue","Runic Dome"],"picked":"Lizard Tail"},{"not_picked":["Velvet Choker","Busted Crown"],"picked":"Eternal Feather"}],"items_purged_floors":[20],"is_endless":false,"potions_floor_spawned":[4,14,18,19,33,38],"killed_by":"2 Orb Walkers","ascension_level":0}