{"gold_per_floor":[109,109,121,46,46,76,76,87,166,166,23,23,81,97,97,193,193,207,235,248,55,55,55,90,104,104,129,79,93,112,122,122,224,274,292,309,327,342,97,131,131,148,198,65,77,77,77,104,104,104],"floor_reached":51,"playtime":5635,"items_purged":["Strike_R","Strike_R","Defend_R","Defend_R"],"score":964,"play_id":"f4fe6913-cef6-4c6b-852e-cf3875a35aa1","local_time":"20190301161921","is_ascension_mode":true,"campfire_choices":[{"data":"Body Slam","floor":7.0,"key":"SMITH"},{"data":"Reaper","floor":10.0,"key":"SMITH"},{"data":"Ghostly Armor","floor":12.0,"key":"SMITH"},{"data":"Pummel","floor":15.0,"key":"SMITH"},{"floor":23,"key":"REST"},{"floor":32,"key":"REST"},{"floor":41,"key":"RECALL"},{"floor":49,"key":"REST"}],"neow_cost":"NONE","seed_source_timestamp":0,"circlet_count":0,"master_deck":["Strike_R+1","Strike_R+1","Defend_R","Defend_R","Bash","Body Slam+1","Reaper+1","Ghostly Armor+1","Pummel+1","Reaper","Battle Trance","Offering","Brutality+1","Flex+1","Barricade+1","Rupture+1","Metallicize+1","Berserk+1","Madness","Shrug It Off+1"],"special_seed":0,"relics":["Burning Blood","Omamori","Pen Nib","Strawberry","Frozen Egg 2","Red Skull","Smiling Mask","Fusion Hammer","Red Mask","Blood Vial","Mummified Hand","Bronze Scales","Pantograph","Tiny House","Boot","Bottled Lightning","Vajra","Darkstone Periapt"],"potions_floor_usage":[19,19,33,33,37,48],"damage_taken":[{"damage":0.0,"enemies":"Small Slimes","floor":1.0,"turns":3.0},{"damage":2.0,"enemies":"Jaw Worm","floor":3.0,"turns":3.0},{"damage":35.0,"enemies":"3 Sentries","floor":6.0,"turns":10.0},{"damage":8.0,"enemies":"2 Louse","floor":8.0,"turns":2.0},{"damage":20.0,"enemies":"3 Sentries","floor":13.0,"turns":7.0},{"damage":3.0,"enemies":"Blue Slaver","floor":14.0,"turns":3.0},{"damage":30.0,"enemies":"The Guardian","floor":16.0,"turns":10.0},{"damage":27.0,"enemies":"Chosen","floor":18.0,"turns":6.0},{"damage":65,"enemies":"Masked Bandits","floor":19,"turns":7},{"damage":10,"enemies":"Spheric Guardian","floor":20,"turns":4},{"damage":43,"enemies":"Book of Stabbing","floor":24,"turns":5},{"damage":39,"enemies":"Shelled Parasite and Fungi","floor":25,"turns":5},{"damage":17,"enemies":"Slavers","floor":27,"turns":4},{"damage":42,"enemies":"3 Cultists","floor":29,"turns":6},{"damage":9,"enemies":"Cultist and Chosen","floor":30,"turns":4},{"damage":22,"enemies":"Sentry and Sphere","floor":31,"turns":4},{"damage":71,"enemies":"Champ","floor":33,"turns":10},{"damage":16,"enemies":"3 Shapes","floor":35,"turns":5},{"damage":0,"enemies":"Orb Walker","floor":36,"turns":1},{"damage":53,"enemies":"3 Darklings","floor":37,"turns":4},{"damage":41,"enemies":"Jaw Worm Horde","floor":38,"turns":4},{"damage":73,"enemies":"Reptomancer","floor":40,"turns":8},{"damage":59,"enemies":"Spire Growth","floor":42,"turns":5},{"damage":10,"enemies":"Transient","floor":45,"turns":5},{"damage":38,"enemies":"Nemesis","floor":48,"turns":4},{"damage":101,"enemies":"Awakened One","floor":50,"turns":6}],"seed_played":"-4978217863802251129","potions_obtained":[{"floor":1.0,"key":"Dexterity Potion"},{"floor":8.0,"key":"Swift Potion"},{"floor":14.0,"key":"Strength Potion"},{"floor":16.0,"key":"Regen Potion"},{"floor":18.0,"key":"SkillPotion"},{"floor":20,"key":"Fire Potion"},{"floor":27,"key":"Poison Potion"},{"floor":29,"key":"SteroidPotion"},{"floor":31,"key":"AttackPotion"},{"floor":34,"key":"EntropicBrew"},{"floor":35,"key":"BloodPotion"},{"floor":45,"key":"Weak Potion"},{"floor":48,"key":"Fruit Juice"}],"is_trial":false,"path_per_floor":["?","?","$","?","M","?","?","M","?","?"],"character_chosen":"IRONCLAD","items_purchased":["Red Skull","Blood Vial","SteroidPotion","Boot","Metallicize+1","Madness"],"campfire_rested":3,"item_purchase_floors":[11,21,28,39,39,44],"current_hp_per_floor":[78,62,66,66,41,19,19,25,25,25,25,25,35,46,46,22,71,59,47,43,43,43,69,46,39,39,53,53,64,80,73,87,38,80,86,92,90,92,92,79,79,52,52,52,92,92,92,83,97,64],"gold":104,"neow_bonus":"RANDOM_COMMON_RELIC","is_prod":false,"is_daily":false,"chose_seed":false,"campfire_upgraded":4,"win_rate":0,"timestamp":1551453561,"path_taken":["M","?","M","$","?","E","R","M","T","R","?","R","?","?","R","BOSS","M","?","M","$","?","R","E","M","T","E","$","M","M","?","R","BOSS","M","M","M","M","$","E","R","M","T","$","M","?","?","E","R","BOSS"],"build_version":"2019-01-23","purchased_purges":4,"victory":true,"max_hp_per_floor":[80,80,80,80,80,87,87,87,87,87,87,87,87,87,87,87,87,87,87,87,87,87,87,87,87,87,87,87,87,87,87,87,87,92,92,92,92,92,92,92,92,92,92,92,92,92,92,97,97,97],"card_choices":[{"not_picked":["Shockwave","Sever Soul","Warcry"],"picked":"SKIP","floor":1.0},{"not_picked":["Havoc","Anger"],"picked":"Body Slam","floor":3.0},{"not_picked":["Headbutt","Rupture"],"picked":"Reaper","floor":6.0},{"not_picked":["Thunderclap","Anger"],"picked":"Ghostly Armor","floor":8.0},{"not_picked":["Blood for Blood","Ghostly Armor"],"picked":"Pummel","floor":14.0},{"not_picked":["Brutality+1","Juggernaut+1"],"picked":"Reaper","floor":16.0},{"not_picked":["Warcry","Rage","Reckless Charge"],"picked":"SKIP","floor":18.0},{"not_picked":["Hemokinesis","Flame Barrier"],"picked":"Battle Trance","floor":19},{"not_picked":["Clash","Pommel Strike","Headbutt"],"picked":"SKIP","floor":20},{"not_picked":["Warcry+1","Wild Strike"],"picked":"Brutality+1","floor":24},{"not_picked":["Perfected Strike","Headbutt","Uppercut"],"picked":"SKIP","floor":25},{"not_picked":["Wild Strike","Ghostly Armor+1"],"picked":"Flex","floor":27},{"not_picked":["Entrench","Sentinel"],"picked":"Pommel Strike+1","floor":29},{"not_picked":["Flex","Intimidate","Burning Pact"],"picked":"SKIP","floor":30},{"not_picked":["Burning Pact","Perfected Strike","Warcry"],"picked":"SKIP","floor":31},{"not_picked":["Berserk+1","Immolate"],"picked":"Barricade+1","floor":33},{"not_picked":["Thunderclap+1","Warcry","Whirlwind"],"picked":"SKIP","floor":35},{"not_picked":["Ghostly Armor","Perfected Strike","Clash+1"],"picked":"SKIP","floor":36},{"not_picked":["Hemokinesis","Clothesline+1"],"picked":"Rupture+1","floor":37},{"not_picked":["Perfected Strike+1","Hemokinesis","Dropkick+1"],"picked":"SKIP","floor":38},{"not_picked":["Bloodletting+1","Twin Strike"],"picked":"Berserk+1","floor":40},{"not_picked":["Headbutt","Iron Wave+1","Havoc"],"picked":"SKIP","floor":42},{"not_picked":["Perfected Strike","Rampage"],"picked":"Shrug It Off+1","floor":45},{"not_picked":["Clash+1","Rampage+1","Iron Wave+1"],"picked":"SKIP","floor":48}],"player_experience":231962,"relics_obtained":[{"floor":6.0,"key":"Strawberry"},{"floor":9.0,"key":"Frozen Egg 2"},{"floor":13.0,"key":"Smiling Mask"},{"floor":19,"key":"Red Mask"},{"floor":24,"key":"Mummified Hand"},{"floor":26,"key":"Bronze Scales"},{"floor":27,"key":"Pantograph"},{"floor":40,"key":"Bottled Lightning"},{"floor":43,"key":"Vajra"},{"floor":48,"key":"Darkstone Periapt"}],"event_choices":[{"damage_healed":0.0,"max_hp_gain":0.0,"max_hp_loss":0.0,"gold_gain":0.0,"event_name":"Shining Light","player_choice":"Entered Light","floor":2.0,"gold_loss":0.0,"damage_taken":16.0,"cards_upgraded":["Strike_R","Strike_R"]},{"damage_healed":0.0,"max_hp_gain":0.0,"max_hp_loss":0.0,"gold_gain":0.0,"event_name":"Scrap Ooze","player_choice":"Success","floor":5.0,"gold_loss":0.0,"damage_taken":25.0,"relics_obtained":["Pen Nib"]},{"damage_healed":0.0,"max_hp_gain":0.0,"max_hp_loss":0.0,"gold_gain":30.0,"event_name":"Dead Adventurer","player_choice":"Searched \u00272\u0027 times","floor":13.0,"gold_loss":0.0,"damage_taken":0.0},{"damage_healed":0,"gold_gain":0,"player_choice":"Fought Bandits","damage_taken":0,"max_hp_gain":0,"max_hp_loss":0,"event_name":"Masked Bandits","floor":19,"gold_loss":0},{"damage_healed":0,"gold_gain":0,"cards_transformed":["Strike_R"],"player_choice":"Transformed","damage_taken":0,"max_hp_gain":0,"max_hp_loss":0,"event_name":"Transmorgrifier","floor":22,"gold_loss":0,"cards_obtained":["Offering"]},{"cards_removed":["Pommel Strike"],"damage_healed":0,"gold_gain":0,"player_choice":"Removed Attack","damage_taken":0,"max_hp_gain":0,"max_hp_loss":0,"event_name":"Falling","floor":46,"gold_loss":0},{"damage_healed":0,"gold_gain":0,"player_choice":"Cursed","damage_taken":0,"max_hp_gain":0,"max_hp_loss":0,"event_name":"Wheel of Change","floor":47,"gold_loss":0,"cards_obtained":["Decay"]}],"is_beta":false,"boss_relics":[{"not_picked":["Eternal Feather","Sozu"],"picked":"Fusion Hammer"},{"not_picked":["Pandora\u0027s Box","Empty Cage"],"picked":"Tiny House"}],"items_purged_floors":[4,21,39,44],"is_endless":false,"potions_floor_spawned":[1,8,14,16,18,20,27,29,31,35,45,48],"ascension_level":6}