{"gold_per_floor":[219,238,250,14,14,14,26,54,54,54,54,71,71,104,104,201,201,219,219,239,63,77,77,103,103,103,122,122,140,140,150,150,251,251,266,284,294,313,313,341,341,368,368,368],"floor_reached":44,"playtime":3907,"items_purged":["Strike_R"],"score":600,"play_id":"93658611-b80e-413e-8ca9-3de4c2154b04","local_time":"20190301113321","is_ascension_mode":true,"campfire_choices":[{"data":"Master of Strategy","floor":11.0,"key":"SMITH"},{"data":"Whirlwind","floor":13.0,"key":"SMITH"},{"floor":15.0,"key":"REST"},{"data":"Fiend Fire","floor":23.0,"key":"SMITH"},{"data":"Entrench","floor":25.0,"key":"SMITH"},{"data":"Demon Form","floor":32.0,"key":"SMITH"},{"floor":41.0,"key":"RECALL"}],"neow_cost":"NONE","seed_source_timestamp":0,"circlet_count":0,"master_deck":["Strike_R","Strike_R","Strike_R","Defend_R","Defend_R","Defend_R","Defend_R","Bash","Pommel Strike","Headbutt","Whirlwind+1","Master of Strategy+1","Dual Wield","Headbutt","Anger","Battle Trance","Fiend Fire+1","Impervious","Intimidate+1","Master of Strategy+1","Flex","Entrench+1","Armaments","Demon Form+1","Rampage+1","Brutality","Shrug It Off+1","Flex+1","Heavy Blade","Shrug It Off+1"],"special_seed":0,"relics":["Burning Blood","Pear","Thread and Needle","The Courier","Strawberry","Velvet Choker","Lantern","Nunchaku","Oddly Smooth Stone","Mark of Pain","Prayer Wheel","Frozen Egg 2"],"potions_floor_usage":[],"damage_taken":[{"damage":8.0,"enemies":"Jaw Worm","floor":1.0,"turns":4.0},{"damage":7.0,"enemies":"Small Slimes","floor":2.0,"turns":3.0},{"damage":1.0,"enemies":"Cultist","floor":3.0,"turns":3.0},{"damage":12.0,"enemies":"Blue Slaver","floor":7.0,"turns":5.0},{"damage":38.0,"enemies":"3 Sentries","floor":8.0,"turns":7.0},{"damage":3.0,"enemies":"Large Slime","floor":12.0,"turns":4.0},{"damage":8.0,"enemies":"Gremlin Nob","floor":14.0,"turns":3.0},{"damage":73.0,"enemies":"The Guardian","floor":16.0,"turns":14.0},{"damage":7.0,"enemies":"Spheric Guardian","floor":18.0,"turns":3.0},{"damage":11.0,"enemies":"Shell Parasite","floor":20.0,"turns":5.0},{"damage":3.0,"enemies":"Sentry and Sphere","floor":22.0,"turns":5.0},{"damage":25.0,"enemies":"Gremlin Leader","floor":24.0,"turns":4.0},{"damage":0.0,"enemies":"Snake Plant","floor":27.0,"turns":2.0},{"damage":1.0,"enemies":"Cultist and Chosen","floor":29.0,"turns":6.0},{"damage":0.0,"enemies":"Snecko","floor":31.0,"turns":3.0},{"damage":11.0,"enemies":"Collector","floor":33.0,"turns":5.0},{"damage":30.0,"enemies":"3 Darklings","floor":35.0,"turns":4.0},{"damage":1.0,"enemies":"Orb Walker","floor":36.0,"turns":3.0},{"damage":24.0,"enemies":"4 Shapes","floor":37.0,"turns":1.0},{"damage":6.0,"enemies":"Maw","floor":38.0,"turns":6.0},{"damage":25.0,"enemies":"Nemesis","floor":40.0,"turns":7.0},{"damage":25.0,"enemies":"Reptomancer","floor":42.0,"turns":5.0},{"damage":33,"enemies":"Sphere and 2 Shapes","floor":44,"turns":3}],"seed_played":"5673794110545162659","potions_obtained":[{"floor":1.0,"key":"EssenceOfSteel"},{"floor":12.0,"key":"AttackPotion"},{"floor":14.0,"key":"Poison Potion"},{"floor":22.0,"key":"Block Potion"},{"floor":24.0,"key":"Dexterity Potion"},{"floor":27.0,"key":"Fire Potion"},{"floor":29.0,"key":"Explosive Potion"},{"floor":36.0,"key":"Strength Potion"},{"floor":37.0,"key":"SkillPotion"}],"is_trial":false,"path_per_floor":["M","M","M","$","?","?","M","E","T","$","R","M","R","E","R","B",null,"M","?","M","$","M","R","E","R","T","M","?","M","?","M","R","B",null,"M","M","M","M","?","E","R","E","T","M"],"character_chosen":"IRONCLAD","items_purchased":["Master of Strategy","Dual Wield","Lantern"],"campfire_rested":1,"item_purchase_floors":[4,4,21],"current_hp_per_floor":[78,77,80,80,73,80,74,42,42,42,42,45,45,50,79,12,97,96,96,91,91,94,94,75,75,75,81,81,86,86,92,92,87,97,73,78,60,60,60,41,41,22,22,0],"gold":368,"neow_bonus":"HUNDRED_GOLD","is_prod":false,"is_daily":false,"chose_seed":false,"campfire_upgraded":5,"win_rate":0,"timestamp":1551461601,"path_taken":["M","M","M","$","?","?","M","E","T","$","R","M","R","E","R","BOSS","M","?","?","$","M","R","E","R","T","M","?","M","?","M","R","BOSS","M","M","M","M","?","E","R","E","T","M"],"build_version":"2019-01-23","purchased_purges":1,"victory":false,"max_hp_per_floor":[80,80,80,80,80,90,90,90,90,90,90,90,90,97,97,97,97,97,97,97,97,97,97,97,97,97,97,97,97,97,97,97,97,97,97,97,97,97,97,97,97,97,97,97],"card_choices":[{"not_picked":["Carnage","Warcry"],"picked":"Pommel Strike","floor":1.0},{"not_picked":["Carnage","Rage"],"picked":"Headbutt","floor":2.0},{"not_picked":["Second Wind","Clash"],"picked":"Whirlwind","floor":3.0},{"not_picked":["Feel No Pain","Evolve"],"picked":"Headbutt","floor":7.0},{"not_picked":["Dual Wield","Cleave"],"picked":"Anger","floor":8.0},{"not_picked":["Havoc","Sentinel"],"picked":"Battle Trance","floor":12.0},{"not_picked":["Dual Wield","Corruption"],"picked":"Fiend Fire","floor":14.0},{"not_picked":["Brutality","Fiend Fire"],"picked":"Impervious","floor":16.0},{"not_picked":["Warcry+1","Sword Boomerang+1"],"picked":"Intimidate+1","floor":18.0},{"not_picked":["Dual Wield","Bloodletting","Warcry"],"picked":"SKIP","floor":20.0},{"not_picked":["Havoc","Iron Wave"],"picked":"Flex","floor":22.0},{"not_picked":["Hemokinesis+1","Sword Boomerang"],"picked":"Entrench","floor":24.0},{"not_picked":["Dual Wield","Second Wind","Pommel Strike"],"picked":"SKIP","floor":27.0},{"not_picked":["Searing Blow","Flex"],"picked":"Demon Form","floor":29.0},{"not_picked":["Sword Boomerang","Warcry+1"],"picked":"Rampage+1","floor":31.0},{"not_picked":["Demon Form","Reaper"],"picked":"Brutality","floor":33.0},{"not_picked":["Anger+1","Havoc"],"picked":"Shrug It Off+1","floor":35.0},{"not_picked":["Whirlwind","Cleave"],"picked":"Flex+1","floor":36.0},{"not_picked":["Clothesline+1","Thunderclap+1","Pommel Strike+1"],"picked":"SKIP","floor":37.0},{"not_picked":["Twin Strike","Armaments","Thunderclap+1"],"picked":"SKIP","floor":38.0},{"not_picked":["Pommel Strike","Bloodletting+1"],"picked":"Heavy Blade","floor":40.0},{"not_picked":["Dropkick","Headbutt"],"picked":"Shrug It Off+1","floor":42.0}],"player_experience":222541,"relics_obtained":[{"floor":8.0,"key":"Thread and Needle"},{"floor":9.0,"key":"The Courier"},{"floor":14.0,"key":"Strawberry"},{"floor":24.0,"key":"Nunchaku"},{"floor":26.0,"key":"Oddly Smooth Stone"},{"floor":40.0,"key":"Prayer Wheel"},{"floor":42.0,"key":"Frozen Egg 2"}],"event_choices":[{"cards_removed":["Strike_R"],"damage_healed":0.0,"max_hp_gain":0.0,"max_hp_loss":0.0,"gold_gain":0.0,"event_name":"Golden Wing","player_choice":"Card Removal","floor":5.0,"gold_loss":0.0,"damage_taken":7.0},{"damage_healed":0.0,"max_hp_gain":0.0,"max_hp_loss":0.0,"gold_gain":0.0,"event_name":"Scrap Ooze","player_choice":"Success","floor":6.0,"gold_loss":0.0,"damage_taken":3.0,"relics_obtained":["Pear"]},{"damage_healed":0.0,"max_hp_gain":0.0,"max_hp_loss":0.0,"gold_gain":0.0,"event_name":"Duplicator","player_choice":"Copied","floor":19.0,"gold_loss":0.0,"damage_taken":0.0,"cards_obtained":["Master of Strategy"]},{"damage_healed":0.0,"max_hp_gain":0.0,"max_hp_loss":0.0,"gold_gain":0.0,"event_name":"The Library","player_choice":"Read","floor":28.0,"gold_loss":0.0,"damage_taken":0.0,"cards_obtained":["Armaments"]},{"damage_healed":0.0,"max_hp_gain":0.0,"max_hp_loss":0.0,"gold_gain":0.0,"event_name":"Vampires","player_choice":"Ignored","floor":30.0,"gold_loss":0.0,"damage_taken":0.0},{"damage_healed":0.0,"max_hp_gain":0.0,"max_hp_loss":0.0,"gold_gain":0.0,"event_name":"Tomb of Lord Red Mask","player_choice":"Ignored","floor":39.0,"gold_loss":0.0,"damage_taken":0.0}],"is_beta":false,"boss_relics":[{"not_picked":["Snecko Eye","Tiny House"],"picked":"Velvet Choker"},{"not_picked":["White Beast Statue","Runic Cube"],"picked":"Mark of Pain"}],"items_purged_floors":[21],"is_endless":false,"potions_floor_spawned":[1,12,14,22,24,27,29,36,37],"killed_by":"Sphere and 2 Shapes","ascension_level":3}