{"gold_per_floor":[112,112,129,146,146,146,176,191,191,211,211,45,57,111,111,242,242,255,255,274,274,274],"floor_reached":22,"playtime":1093,"items_purged":[],"score":329,"play_id":"e181f80c-7ea0-42b9-86f4-3797c240ec97","local_time":"20190228234317","is_ascension_mode":true,"campfire_choices":[{"data":"True Grit","floor":6.0,"key":"SMITH"},{"data":"Pommel Strike","floor":11.0,"key":"SMITH"},{"floor":15,"key":"REST"}],"neow_cost":"NONE","seed_source_timestamp":581576611292575,"circlet_count":0,"master_deck":["AscendersBane","Strike_R","Strike_R","Strike_R","Strike_R","Defend_R","Defend_R","Defend_R+1","Defend_R","Bash+1","Shrug It Off","True Grit+1","Sentinel","Cleave","Dual Wield","Pommel Strike+1","HandOfGreed+1","Thunderclap","Warcry","Evolve","Immolate","Seeing Red","Infernal Blade+1","True Grit+1"],"special_seed":0,"relics":["Black Blood","Dream Catcher"],"potions_floor_usage":[16,20,22],"damage_taken":[{"damage":4.0,"enemies":"Small Slimes","floor":1.0,"turns":4.0},{"damage":6.0,"enemies":"Cultist","floor":3.0,"turns":3.0},{"damage":2.0,"enemies":"2 Louse","floor":4.0,"turns":3.0},{"damage":35.0,"enemies":"Gremlin Nob","floor":7.0,"turns":5.0},{"damage":1.0,"enemies":"Red Slaver","floor":8.0,"turns":7.0},{"damage":1.0,"enemies":"2 Fungi Beasts","floor":10.0,"turns":5.0},{"damage":0.0,"enemies":"Lots of Slimes","floor":13.0,"turns":1.0},{"damage":1,"enemies":"3 Louse","floor":14,"turns":4},{"damage":59,"enemies":"Slime Boss","floor":16,"turns":14},{"damage":40,"enemies":"Chosen","floor":18,"turns":8},{"damage":34,"enemies":"Spheric Guardian","floor":20,"turns":6},{"damage":35,"enemies":"Shelled Parasite and Fungi","floor":22,"turns":2}],"seed_played":"-1324412120288112277","potions_obtained":[{"floor":3.0,"key":"SpeedPotion"},{"floor":7.0,"key":"SteroidPotion"},{"floor":10.0,"key":"Weak Potion"},{"floor":14,"key":"FairyPotion"},{"floor":18,"key":"GamblersBrew"},{"floor":20,"key":"PowerPotion"}],"is_trial":false,"path_per_floor":["M","?","M","M","?","R","E","M","T","M","R","$","M","M","R","B",null,"M","?","M","?","M"],"character_chosen":"IRONCLAD","items_purchased":["HandOfGreed"],"campfire_rested":1,"item_purchase_floors":[12],"current_hp_per_floor":[77,77,77,81,56,56,27,32,32,37,37,37,43,48,72,19,66,36,36,12,12,0],"gold":274,"neow_bonus":"TEN_PERCENT_HP_BONUS","is_prod":false,"is_daily":false,"chose_seed":false,"campfire_upgraded":2,"win_rate":0,"timestamp":1551364997,"path_taken":["M","?","?","M","?","R","E","M","T","M","R","$","M","M","R","BOSS","M","?","?","?","?"],"build_version":"2019-01-23","purchased_purges":0,"victory":false,"max_hp_per_floor":[82,82,82,82,82,82,82,82,82,82,82,82,82,82,82,82,82,82,82,82,82,82],"card_choices":[{"not_picked":["Seeing Red","Body Slam"],"picked":"Shrug It Off","floor":1.0},{"not_picked":["Feel No Pain","Clothesline"],"picked":"True Grit","floor":3.0},{"not_picked":["Burning Pact","Intimidate"],"picked":"Sentinel","floor":4.0},{"not_picked":["Fire Breathing","Rampage"],"picked":"Cleave","floor":7.0},{"not_picked":["Anger","Infernal Blade"],"picked":"Dual Wield","floor":8.0},{"not_picked":["Corruption","Warcry"],"picked":"Pommel Strike","floor":10.0},{"not_picked":["Havoc","Clash"],"picked":"Thunderclap","floor":13},{"not_picked":["Barricade","Sever Soul"],"picked":"Warcry","floor":14},{"not_picked":["Havoc","Sever Soul"],"picked":"Evolve","floor":15},{"not_picked":["Limit Break","Brutality"],"picked":"Immolate","floor":16},{"not_picked":["Intimidate","Warcry"],"picked":"Seeing Red","floor":18},{"not_picked":["Warcry","Cleave+1"],"picked":"Infernal Blade+1","floor":20}],"player_experience":136714,"relics_obtained":[{"floor":7.0,"key":"Dream Catcher"}],"event_choices":[{"cards_removed":["Strike_R"],"damage_healed":0.0,"max_hp_gain":0.0,"max_hp_loss":0.0,"gold_gain":0.0,"event_name":"Purifier","player_choice":"Purged","floor":2.0,"gold_loss":0.0,"damage_taken":0.0},{"damage_healed":0.0,"max_hp_gain":0.0,"max_hp_loss":0.0,"gold_gain":0.0,"event_name":"Shining Light","player_choice":"Entered Light","floor":5.0,"gold_loss":0.0,"damage_taken":25.0,"cards_upgraded":["Defend_R","Bash"]},{"damage_healed":0,"gold_gain":0,"player_choice":"Upgraded","damage_taken":0,"max_hp_gain":0,"max_hp_loss":0,"event_name":"Upgrade Shrine","floor":19,"gold_loss":0,"cards_upgraded":["HandOfGreed"]},{"damage_healed":0,"gold_gain":0,"player_choice":"Copied","damage_taken":0,"max_hp_gain":0,"max_hp_loss":0,"event_name":"Duplicator","floor":21,"gold_loss":0,"cards_obtained":["True Grit"]}],"is_beta":false,"boss_relics":[{"not_picked":["Runic Cube","Velvet Choker"],"picked":"Black Blood"}],"items_purged_floors":[],"is_endless":false,"potions_floor_spawned":[3,7,10,14,18,20],"killed_by":"Shelled Parasite and Fungi","ascension_level":15}