{"gold_per_floor":[118,118,133,20,36,62,62,91,91,109,109,34,50,61,61,160,160,172,172,187,287,298,298,309,320,320,320,332,342,342,355,355,458,458,471,488,177,1176,778,812,812,826,851,864,864,881,881,891,891,891],"floor_reached":50,"playtime":2478,"items_purged":["Strike_R","Normality"],"score":874,"play_id":"849a87e0-5491-4e39-9c30-e93b6eeaca16","local_time":"20190225033712","is_ascension_mode":true,"campfire_choices":[{"floor":7,"key":"REST"},{"data":"Limit Break","floor":11,"key":"SMITH"},{"data":"Demon Form","floor":15,"key":"SMITH"},{"floor":23,"key":"REST"},{"floor":27,"key":"REST"},{"data":"Armaments","floor":32,"key":"SMITH"},{"floor":41,"key":"REST"},{"floor":49,"key":"REST"}],"neow_cost":"NONE","seed_source_timestamp":248629425399257,"circlet_count":0,"master_deck":["AscendersBane","Strike_R","Strike_R","Strike_R","Defend_R","Defend_R","Defend_R","Bash","Whirlwind","Headbutt","Limit Break+1","Flex","Heavy Blade","Cleave","True Grit","Demon Form+1","Battle Trance","Shrug It Off","True Grit","Thunderclap","Pummel","Exhume","Evolve+1","Warcry","Armaments+1","Warcry","Normality","Double Tap"],"relics":["Burning Blood","Dream Catcher","Bottled Lightning","Mercury Hourglass","Singing Bowl","Mark of Pain","Ancient Tea Set","Mango","Busted Crown","Gremlin Horn","Membership Card","Tiny Chest","Red Skull","Letter Opener"],"potions_floor_usage":[6,13,14,18,24,29,31,36,40,40],"damage_taken":[{"damage":6,"enemies":"Cultist","floor":1,"turns":3},{"damage":3,"enemies":"2 Louse","floor":3,"turns":3},{"damage":2,"enemies":"Jaw Worm","floor":5,"turns":3},{"damage":56,"enemies":"Lagavulin","floor":6,"turns":7},{"damage":29,"enemies":"Gremlin Nob","floor":8,"turns":4},{"damage":0,"enemies":"3 Louse","floor":10,"turns":1},{"damage":0,"enemies":"Large Slime","floor":13,"turns":3},{"damage":10,"enemies":"Exordium Wildlife","floor":14,"turns":4},{"damage":46,"enemies":"Hexaghost","floor":16,"turns":7},{"damage":8,"enemies":"2 Thieves","floor":18,"turns":4},{"damage":31,"enemies":"Colosseum Slavers","floor":19,"turns":4},{"damage":14,"enemies":"Shell Parasite","floor":20,"turns":7},{"damage":9,"enemies":"Centurion and Healer","floor":22,"turns":4},{"damage":17,"enemies":"Shelled Parasite and Fungi","floor":24,"turns":5},{"damage":5,"enemies":"Chosen and Byrds","floor":25,"turns":4},{"damage":22,"enemies":"Centurion and Healer","floor":28,"turns":5},{"damage":24,"enemies":"Snake Plant","floor":29,"turns":4},{"damage":5,"enemies":"3 Cultists","floor":31,"turns":4},{"damage":15,"enemies":"Champ","floor":33,"turns":8},{"damage":15,"enemies":"3 Shapes","floor":35,"turns":3},{"damage":27,"enemies":"Orb Walker","floor":36,"turns":5},{"damage":49,"enemies":"Reptomancer","floor":40,"turns":6},{"damage":33,"enemies":"4 Shapes","floor":42,"turns":5},{"damage":25,"enemies":"Jaw Worm Horde","floor":44,"turns":2},{"damage":13,"enemies":"3 Darklings","floor":46,"turns":2},{"damage":72,"enemies":"Transient","floor":48,"turns":5},{"damage":81,"enemies":"Awakened One","floor":50,"turns":5}],"seed_played":"-1090474324105328154","potions_obtained":[{"floor":3,"key":"SkillPotion"},{"floor":8,"key":"BloodPotion"},{"floor":10,"key":"Ancient Potion"},{"floor":13,"key":"Regen Potion"},{"floor":14,"key":"Block Potion"},{"floor":20,"key":"Fire Potion"},{"floor":28,"key":"Swift Potion"},{"floor":33,"key":"GamblersBrew"},{"floor":40,"key":"LiquidBronze"},{"floor":48,"key":"Energy Potion"}],"is_trial":false,"path_per_floor":["M","?","M","$","M","E","R","E","T","M","R","$","M","M","R","B",null,"M","?","M","?","M","R","M","M","T","R","M","M","T","M","R","B",null,"M","M","$","?","$","E","R","M","T","M","?","M","?","M","R","B"],"character_chosen":"IRONCLAD","items_purchased":["Limit Break","Flex","Gremlin Horn","AttackPotion","Membership Card","Tiny Chest","Red Skull","Energy Potion"],"campfire_rested":5,"item_purchase_floors":[4,4,37,37,39,39,39,39],"current_hp_per_floor":[72,72,75,75,79,29,53,30,30,36,36,36,52,60,60,22,69,67,42,36,36,33,58,49,50,50,76,62,44,58,59,59,52,93,86,65,65,65,65,24,59,34,34,17,101,96,96,32,63,0],"gold":891,"neow_bonus":"RANDOM_COMMON_RELIC","is_prod":false,"is_daily":false,"chose_seed":false,"campfire_upgraded":3,"win_rate":0,"timestamp":1551033432,"path_taken":["M","?","?","$","M","E","R","E","T","?","R","?","M","M","R","BOSS","M","?","M","?","M","R","?","M","T","R","M","M","?","M","R","BOSS","M","M","$","?","$","E","R","M","T","M","?","M","?","M","R","BOSS"],"build_version":"2019-01-23","purchased_purges":2,"victory":false,"max_hp_per_floor":[80,80,80,80,80,80,80,80,80,80,80,80,82,82,82,84,84,84,84,86,86,86,86,88,88,88,88,90,90,104,104,104,106,106,108,108,108,108,108,110,112,114,114,116,101,103,103,105,105,105],"card_choices":[{"not_picked":["Cleave","Evolve"],"picked":"Whirlwind","floor":1},{"not_picked":["Whirlwind","True Grit"],"picked":"Headbutt","floor":3},{"not_picked":["Wild Strike","Body Slam"],"picked":"Heavy Blade","floor":5},{"not_picked":["Power Through","Corruption"],"picked":"Cleave","floor":6},{"not_picked":["Twin Strike","Burning Pact"],"picked":"True Grit","floor":7},{"not_picked":["Twin Strike","Heavy Blade"],"picked":"Demon Form","floor":8},{"not_picked":["Thunderclap","Anger"],"picked":"Battle Trance","floor":10},{"not_picked":["Searing Blow","Uppercut","Perfected Strike"],"picked":"Singing Bowl","floor":13},{"not_picked":["Clash","Twin Strike"],"picked":"Shrug It Off","floor":14},{"not_picked":["Bludgeon","Immolate","Brutality"],"picked":"Singing Bowl","floor":16},{"not_picked":["Power Through+1","Cleave"],"picked":"True Grit","floor":18},{"not_picked":["Uppercut","Headbutt+1","Twin Strike+1"],"picked":"Singing Bowl","floor":20},{"not_picked":["Pummel","Hemokinesis"],"picked":"Thunderclap","floor":22},{"not_picked":["Anger+1","Thunderclap"],"picked":"Pummel","floor":23},{"not_picked":["Wild Strike","Shrug It Off","Anger"],"picked":"Singing Bowl","floor":24},{"not_picked":["Shrug It Off","Sword Boomerang"],"picked":"Exhume","floor":25},{"not_picked":["Spot Weakness","Shrug It Off+1"],"picked":"Evolve+1","floor":27},{"not_picked":["Anger","Spot Weakness+1","Sentinel"],"picked":"Singing Bowl","floor":28},{"not_picked":["Clothesline","Body Slam"],"picked":"Warcry","floor":29},{"not_picked":["Intimidate","True Grit"],"picked":"Armaments","floor":31},{"not_picked":["Brutality","Dark Embrace","Exhume"],"picked":"Singing Bowl","floor":33},{"not_picked":["Bloodletting"],"picked":"Singing Bowl","floor":35},{"not_picked":[],"picked":"Warcry","floor":36},{"not_picked":["Cleave+1"],"picked":"Singing Bowl","floor":40},{"not_picked":["Anger"],"picked":"Singing Bowl","floor":41},{"not_picked":["Carnage"],"picked":"Singing Bowl","floor":42},{"not_picked":["Anger+1"],"picked":"Singing Bowl","floor":44},{"not_picked":["Clothesline"],"picked":"Singing Bowl","floor":46},{"not_picked":["Clash"],"picked":"Singing Bowl","floor":48},{"not_picked":[],"picked":"Double Tap","floor":49}],"player_experience":86137,"relics_obtained":[{"floor":6,"key":"Bottled Lightning"},{"floor":8,"key":"Mercury Hourglass"},{"floor":9,"key":"Singing Bowl"},{"floor":26,"key":"Ancient Tea Set"},{"floor":30,"key":"Mango"},{"floor":40,"key":"Letter Opener"}],"event_choices":[{"cards_removed":["Strike_R"],"damage_healed":0,"gold_gain":0,"player_choice":"Offered Basic","damage_taken":0,"max_hp_gain":0,"max_hp_loss":0,"event_name":"Bonfire Elementals","floor":2,"gold_loss":0},{"damage_healed":0,"gold_gain":0,"player_choice":"Fight","damage_taken":0,"max_hp_gain":0,"max_hp_loss":0,"event_name":"Colosseum","floor":19,"gold_loss":0},{"damage_healed":0,"gold_gain":0,"player_choice":"Fled From Nobs","damage_taken":0,"max_hp_gain":0,"max_hp_loss":0,"event_name":"Colosseum","floor":19,"gold_loss":0},{"damage_healed":0,"gold_gain":100,"player_choice":"Pray","damage_taken":0,"max_hp_gain":0,"max_hp_loss":0,"event_name":"Golden Shrine","floor":21,"gold_loss":0},{"damage_healed":0,"gold_gain":999,"player_choice":"Gold","damage_taken":0,"max_hp_gain":0,"max_hp_loss":0,"event_name":"MindBloom","floor":38,"gold_loss":0,"cards_obtained":["Normality","Normality"]},{"damage_healed":101,"gold_gain":0,"player_choice":"Heal","damage_taken":0,"max_hp_gain":0,"max_hp_loss":15,"event_name":"The Moai Head","floor":45,"gold_loss":0},{"cards_removed":["Defend_R"],"damage_healed":0,"gold_gain":0,"player_choice":"Removed Skill","damage_taken":0,"max_hp_gain":0,"max_hp_loss":0,"event_name":"Falling","floor":47,"gold_loss":0}],"is_beta":false,"boss_relics":[{"not_picked":["White Beast Statue","Philosopher\u0027s Stone"],"picked":"Mark of Pain"},{"not_picked":["Pandora\u0027s Box","Cursed Key"],"picked":"Busted Crown"}],"items_purged_floors":[12,39],"is_endless":false,"potions_floor_spawned":[3,8,10,13,14,19,20,28,33,40,48],"killed_by":"Awakened One","ascension_level":12}