{"gold_per_floor":[217,217,240,240,240,240,190,190,190,210,234,234,259,68,68,187,187,208,133,152,152],"floor_reached":21,"playtime":38497,"items_purged":[],"score":220,"play_id":"9e1e3609-a56e-4b1b-8624-ffb4e358cdfa","local_time":"20190217093156","is_ascension_mode":true,"campfire_choices":[{"floor":6,"key":"REST"},{"data":"Body Slam","floor":15,"key":"SMITH"}],"neow_cost":"NONE","seed_source_timestamp":348232776638723,"circlet_count":0,"master_deck":["Strike_R","Strike_R","Defend_R","Defend_R","Defend_R","Defend_R","Bash","Body Slam+1","Shrug It Off","Whirlwind","Metamorphosis","Barricade"],"relics":["Burning Blood","Golden Idol","Oddly Smooth Stone","Question Card","Bottled Flame","Philosopher\u0027s Stone"],"potions_floor_usage":[16,16,20],"damage_taken":[{"damage":2,"enemies":"2 Louse","floor":1,"turns":4},{"damage":6,"enemies":"Small Slimes","floor":3,"turns":6},{"damage":0,"enemies":"Jaw Worm","floor":10,"turns":5},{"damage":3,"enemies":"Blue Slaver","floor":11,"turns":6},{"damage":0,"enemies":"Lots of Slimes","floor":13,"turns":1},{"damage":44,"enemies":"Slime Boss","floor":16,"turns":14},{"damage":8,"enemies":"Chosen","floor":18,"turns":4},{"damage":43,"enemies":"2 Thieves","floor":20,"turns":5},{"damage":42,"enemies":"Snecko","floor":21,"turns":6}],"seed_played":"1830470628543441369","potions_obtained":[{"floor":10,"key":"BloodPotion"},{"floor":11,"key":"Ancient Potion"},{"floor":18,"key":"Poison Potion"}],"is_trial":false,"path_per_floor":["M","?","M","?","?","R","?","T","T","M","M","?","M","$","R","B",null,"M","?","M","M"],"character_chosen":"IRONCLAD","items_purchased":["Metamorphosis"],"campfire_rested":1,"item_purchase_floors":[14],"current_hp_per_floor":[76,56,56,53,53,77,77,77,77,80,80,80,80,80,80,50,73,71,71,34,0],"gold":152,"neow_bonus":"HUNDRED_GOLD","is_prod":false,"is_daily":false,"chose_seed":false,"campfire_upgraded":1,"win_rate":0,"timestamp":1550417516,"path_taken":["M","?","M","?","?","R","?","?","T","M","?","?","M","$","R","BOSS","M","?","M","M"],"build_version":"2019-01-23","purchased_purges":0,"victory":false,"max_hp_per_floor":[80,80,80,80,80,80,80,80,80,80,80,80,80,80,80,80,80,80,80,80,80],"card_choices":[{"not_picked":["Iron Wave","Rage"],"picked":"Body Slam","floor":1},{"not_picked":["Reckless Charge","Warcry"],"picked":"Shrug It Off","floor":3},{"not_picked":["Thunderclap","Clash","Hemokinesis"],"picked":"Whirlwind","floor":10},{"not_picked":["Perfected Strike","Combust","True Grit","Sword Boomerang"],"picked":"SKIP","floor":11},{"not_picked":["Armaments","Dual Wield","Wild Strike","Iron Wave"],"picked":"SKIP","floor":13},{"not_picked":["Demon Form","Offering","Feed"],"picked":"Barricade","floor":16},{"not_picked":["Dual Wield+1","Warcry","Havoc+1","Sentinel"],"picked":"SKIP","floor":18},{"not_picked":["Carnage","Anger","Rampage","Perfected Strike"],"picked":"SKIP","floor":20}],"player_experience":1396952,"relics_obtained":[{"floor":8,"key":"Question Card"},{"floor":9,"key":"Bottled Flame"}],"event_choices":[{"damage_healed":0,"gold_gain":0,"player_choice":"Take Damage","damage_taken":20,"relics_obtained":["Golden Idol"],"max_hp_gain":0,"max_hp_loss":0,"event_name":"Golden Idol","floor":2,"gold_loss":0},{"damage_healed":0,"gold_gain":0,"player_choice":"Success","damage_taken":3,"relics_obtained":["Oddly Smooth Stone"],"max_hp_gain":0,"max_hp_loss":0,"event_name":"Scrap Ooze","floor":4,"gold_loss":0},{"cards_removed":["Strike_R"],"damage_healed":0,"gold_gain":0,"player_choice":"Forget","damage_taken":0,"max_hp_gain":0,"max_hp_loss":0,"event_name":"Living Wall","floor":5,"gold_loss":0},{"cards_removed":["Strike_R"],"damage_healed":0,"gold_gain":0,"player_choice":"Card Removal","damage_taken":0,"max_hp_gain":0,"max_hp_loss":0,"event_name":"The Cleric","floor":7,"gold_loss":50},{"damage_healed":0,"gold_gain":0,"player_choice":"Ignored","damage_taken":0,"max_hp_gain":0,"max_hp_loss":0,"event_name":"Liars Game","floor":12,"gold_loss":0},{"cards_removed":["Strike_R"],"damage_healed":0,"gold_gain":0,"player_choice":"Gave Gold","damage_taken":0,"max_hp_gain":0,"max_hp_loss":0,"event_name":"Beggar","floor":19,"gold_loss":75}],"is_beta":false,"boss_relics":[{"not_picked":["Lizard Tail","White Beast Statue"],"picked":"Philosopher\u0027s Stone"}],"items_purged_floors":[],"is_endless":false,"potions_floor_spawned":[10,11,18],"killed_by":"Snecko","ascension_level":6}