{"gold_per_floor":[210,310,323,334,352,352,387,462,462,490,490,490,502,517,517,613,613,626,626,639,564,564,564,564],"floor_reached":24,"playtime":1371,"items_purged":[],"score":268,"play_id":"7b76aeb5-0f05-4803-8e87-54c401e4c8c6","local_time":"20190218225350","is_ascension_mode":true,"campfire_choices":[{"floor":6,"key":"REST"},{"floor":12,"key":"REST"},{"floor":15,"key":"REST"},{"data":"Zap","floor":23,"key":"SMITH"}],"neow_cost":"NONE","seed_source_timestamp":519672454276625,"circlet_count":0,"master_deck":["Strike_B","Strike_B","Defend_B","Defend_B","Defend_B","Defend_B","Zap+1","Conserve Battery","Defragment","Coolheaded","Seek","Self Repair","Cold Snap","Meteor Strike","Capacitor+1","Conserve Battery"],"relics":["Cracked Core","Oddly Smooth Stone","Cables","Bird Faced Urn","Coffee Dripper"],"potions_floor_usage":[7,16,16,24,24],"damage_taken":[{"damage":8,"enemies":"2 Louse","floor":1,"turns":4},{"damage":0,"enemies":"Cultist","floor":3,"turns":4},{"damage":10,"enemies":"Small Slimes","floor":4,"turns":4},{"damage":0,"enemies":"2 Fungi Beasts","floor":5,"turns":5},{"damage":40,"enemies":"Gremlin Nob","floor":7,"turns":4},{"damage":17,"enemies":"Lagavulin","floor":10,"turns":10},{"damage":0,"enemies":"Red Slaver","floor":13,"turns":4},{"damage":0,"enemies":"Large Slime","floor":14,"turns":7},{"damage":23,"enemies":"Hexaghost","floor":16,"turns":14},{"damage":2,"enemies":"Chosen","floor":18,"turns":6},{"damage":8,"enemies":"Spheric Guardian","floor":20,"turns":6},{"damage":86,"enemies":"Slavers","floor":24,"turns":6}],"seed_played":"-6904956735430803495","potions_obtained":[{"floor":5,"key":"FocusPotion"},{"floor":10,"key":"AttackPotion"},{"floor":13,"key":"Explosive Potion"},{"floor":14,"key":"GamblersBrew"},{"floor":16,"key":"Dexterity Potion"}],"is_trial":false,"path_per_floor":["M","?","M","M","M","R","E","?","T","E","?","R","M","M","R","B",null,"M","?","M","?","?","R","E"],"character_chosen":"DEFECT","items_purchased":[],"campfire_rested":3,"item_purchase_floors":[],"current_hp_per_floor":[60,60,60,50,50,72,32,21,21,4,4,26,37,48,70,58,71,75,75,74,74,74,74,0],"gold":564,"neow_bonus":"HUNDRED_GOLD","is_prod":false,"is_daily":false,"chose_seed":false,"campfire_upgraded":1,"win_rate":0,"timestamp":1550552030,"path_taken":["M","?","?","?","M","R","E","?","T","E","?","R","M","?","R","BOSS","M","?","M","?","?","R","E"],"build_version":"2019-01-23","purchased_purges":0,"victory":false,"max_hp_per_floor":[75,75,75,75,75,75,75,75,75,75,75,75,75,75,75,75,75,75,75,75,75,75,75,75],"card_choices":[{"not_picked":["Compile Driver","Beam Cell"],"picked":"Conserve Battery","floor":1},{"not_picked":["Turbo","Lockon"],"picked":"Defragment","floor":3},{"not_picked":["Melter","Steam","Scrape"],"picked":"SKIP","floor":4},{"not_picked":["Turbo","Static Discharge"],"picked":"Coolheaded","floor":5},{"not_picked":["BootSequence","Doom and Gloom"],"picked":"Seek","floor":7},{"not_picked":["Cold Snap","Hologram"],"picked":"Self Repair","floor":10},{"not_picked":["Steam","Doom and Gloom"],"picked":"Cold Snap","floor":13},{"not_picked":["Barrage","Hello World","Static Discharge"],"picked":"SKIP","floor":14},{"not_picked":["Multi-Cast","Machine Learning"],"picked":"Meteor Strike","floor":16},{"not_picked":["Beam Cell","Recycle"],"picked":"Capacitor+1","floor":18},{"not_picked":["Cold Snap","Hologram+1"],"picked":"Conserve Battery","floor":20}],"player_experience":1464393,"relics_obtained":[{"floor":7,"key":"Oddly Smooth Stone"},{"floor":9,"key":"Cables"},{"floor":10,"key":"Bird Faced Urn"}],"event_choices":[{"damage_healed":0,"gold_gain":100,"player_choice":"Gold","damage_taken":0,"max_hp_gain":0,"max_hp_loss":0,"event_name":"Wheel of Change","floor":2,"gold_loss":0},{"damage_healed":0,"gold_gain":75,"player_choice":"Gather Gold","damage_taken":11,"max_hp_gain":0,"max_hp_loss":0,"event_name":"World of Goop","floor":8,"gold_loss":0},{"cards_removed":["Dualcast"],"damage_healed":0,"gold_gain":0,"player_choice":"Offered Basic","damage_taken":0,"max_hp_gain":0,"max_hp_loss":0,"event_name":"Bonfire Elementals","floor":11,"gold_loss":0},{"damage_healed":0,"gold_gain":0,"player_choice":"Ignored","damage_taken":0,"max_hp_gain":0,"max_hp_loss":0,"event_name":"Vampires","floor":19,"gold_loss":0},{"cards_removed":["Strike_B"],"damage_healed":0,"gold_gain":0,"player_choice":"Gave Gold","damage_taken":0,"max_hp_gain":0,"max_hp_loss":0,"event_name":"Beggar","floor":21,"gold_loss":75},{"cards_removed":["Strike_B"],"damage_healed":0,"gold_gain":0,"player_choice":"Purged","damage_taken":0,"max_hp_gain":0,"max_hp_loss":0,"event_name":"Purifier","floor":22,"gold_loss":0}],"is_beta":false,"boss_relics":[{"not_picked":["Snecko Eye","Inserter"],"picked":"Coffee Dripper"}],"items_purged_floors":[],"is_endless":false,"potions_floor_spawned":[5,10,13,14,16],"killed_by":"Slavers","ascension_level":6}