{"gold_per_floor":[111,130,130,130,33,68,87,87,140,474,474,507,518,518,518,589,589,575,575],"floor_reached":19,"playtime":898,"items_purged":[],"score":455,"play_id":"8e44f6e2-a380-4e14-afb2-fecba1173ab7","local_time":"20190227194941","is_ascension_mode":true,"campfire_choices":[{"data":"Deadly Poison","floor":8,"key":"SMITH"},{"data":"Leg Sweep","floor":11,"key":"SMITH"},{"floor":15,"key":"REST"}],"neow_cost":"NONE","seed_source_timestamp":1130952904052100,"circlet_count":0,"master_deck":["AscendersBane","Defend_G","Defend_G","Defend_G","Defend_G","Defend_G","Strike_G","Strike_G","Strike_G","Strike_G","Survivor","Neutralize+1","Endless Agony","Quick Slash","Well Laid Plans","Deadly Poison+1","Leg Sweep+1","PiercingWail","Deadly Poison","Noxious Fumes","After Image","Catalyst"],"relics":["Ring of the Snake","NeowsBlessing","Regal Pillow","Anchor","Old Coin","Ornamental Fan","Black Star"],"potions_floor_usage":[10,19,19],"damage_taken":[{"damage":0,"enemies":"Jaw Worm","floor":1,"turns":1},{"damage":0,"enemies":"Small Slimes","floor":2,"turns":1},{"damage":0,"enemies":"3 Sentries","floor":6,"turns":1},{"damage":0,"enemies":"Cultist","floor":7,"turns":6},{"damage":26,"enemies":"Gremlin Nob","floor":10,"turns":4},{"damage":29,"enemies":"3 Sentries","floor":12,"turns":8},{"damage":0,"enemies":"3 Louse","floor":13,"turns":3},{"damage":0,"enemies":"The Guardian","floor":16,"turns":10},{"damage":5,"enemies":"2 Thieves","floor":18,"turns":4},{"damage":19,"enemies":"Colosseum Slavers","floor":19,"turns":6},{"damage":43,"enemies":"Colosseum Nobs","floor":19,"turns":4}],"seed_played":"9134212198538040079","potions_obtained":[{"floor":7,"key":"SteroidPotion"},{"floor":10,"key":"GamblersBrew"},{"floor":13,"key":"LiquidBronze"}],"is_trial":false,"path_per_floor":["M","M","?","?","$","E","M","R","T","E","R","E","M","?","R","B",null,"M","?"],"character_chosen":"THE_SILENT","items_purchased":["Well Laid Plans","Deadly Poison"],"campfire_rested":1,"item_purchase_floors":[5,5],"current_hp_per_floor":[59,59,59,59,59,59,59,59,59,33,33,4,4,4,38,38,59,54,0],"gold":575,"neow_bonus":"THREE_ENEMY_KILL","is_prod":false,"is_daily":false,"chose_seed":false,"campfire_upgraded":2,"win_rate":0,"timestamp":1551268181,"path_taken":["M","M","?","?","$","E","?","R","T","E","R","E","M","?","R","BOSS","M","?"],"build_version":"2019-01-23","purchased_purges":0,"victory":false,"max_hp_per_floor":[66,66,66,66,66,66,66,66,66,66,66,66,66,66,66,66,66,66,66],"card_choices":[{"not_picked":["Deflect","Underhanded Strike"],"picked":"Endless Agony","floor":1},{"not_picked":["Outmaneuver","Slice"],"picked":"Quick Slash","floor":2},{"not_picked":["Quick Slash","Escape Plan"],"picked":"Leg Sweep","floor":6},{"not_picked":["Tactician","Finisher"],"picked":"PiercingWail","floor":7},{"not_picked":["Grand Finale","Reflex"],"picked":"Deadly Poison","floor":10},{"not_picked":["Calculated Gamble","Masterful Stab"],"picked":"Noxious Fumes","floor":12},{"not_picked":["PiercingWail","Crippling Poison","Dagger Spray"],"picked":"SKIP","floor":13},{"not_picked":["Adrenaline","Storm of Steel"],"picked":"After Image","floor":16},{"not_picked":["Concentrate","Sucker Punch+1"],"picked":"Catalyst","floor":18}],"player_experience":715278,"relics_obtained":[{"floor":6,"key":"Regal Pillow"},{"floor":9,"key":"Anchor"},{"floor":10,"key":"Old Coin"},{"floor":12,"key":"Ornamental Fan"}],"event_choices":[{"damage_healed":0,"gold_gain":0,"player_choice":"Grow","damage_taken":0,"max_hp_gain":0,"max_hp_loss":0,"event_name":"Living Wall","floor":3,"gold_loss":0,"cards_upgraded":["Neutralize"]},{"cards_removed":["Strike_G"],"damage_healed":0,"gold_gain":0,"player_choice":"Purged","damage_taken":0,"max_hp_gain":0,"max_hp_loss":0,"event_name":"Purifier","floor":4,"gold_loss":0},{"damage_healed":0,"gold_gain":0,"player_choice":"Fled","damage_taken":0,"max_hp_gain":0,"max_hp_loss":0,"event_name":"Scrap Ooze","floor":14,"gold_loss":0},{"damage_healed":0,"gold_gain":0,"player_choice":"Fight","damage_taken":0,"max_hp_gain":0,"max_hp_loss":0,"event_name":"Colosseum","floor":19,"gold_loss":0},{"damage_healed":0,"gold_gain":0,"player_choice":"Fought Nobs","damage_taken":0,"max_hp_gain":0,"max_hp_loss":0,"event_name":"Colosseum","floor":19,"gold_loss":0}],"is_beta":false,"boss_relics":[{"not_picked":["WristBlade","Coffee Dripper"],"picked":"Black Star"}],"items_purged_floors":[],"is_endless":false,"potions_floor_spawned":[7,10,13,18,19],"killed_by":"Colosseum Nobs","ascension_level":15}