{"gold_per_floor":[111,286,286,127,202,232,51,51,51,64,64,64,78,93,93,189,189,208,208,8,8,8,38,38,38,38,38],"floor_reached":27,"playtime":1646,"items_purged":["Strike_G","Defend_G","Strike_G"],"score":248,"play_id":"de6aeddd-4065-4302-bf2d-5439ff3107e8","local_time":"20190223175446","is_ascension_mode":true,"campfire_choices":[{"data":"Envenom","floor":8.0,"key":"SMITH"},{"data":"Bouncing Flask","floor":12.0,"key":"SMITH"},{"data":"Neutralize","floor":15.0,"key":"SMITH"},{"data":"Bullet Time","floor":24.0,"key":"SMITH"}],"neow_cost":"NONE","seed_source_timestamp":0,"circlet_count":0,"master_deck":["Defend_G+1","Defend_G+1","Defend_G+1","Defend_G+1","Strike_G+1","Strike_G+1","Strike_G+1","Survivor","Neutralize+1","Masterful Stab","Bouncing Flask+1","Dagger Spray","Envenom+1","Endless Agony","All Out Attack","Parasite","PiercingWail","Blur","Envenom","Noxious Fumes","Deadly Poison","Blur","Shame","Bullet Time+1"],"special_seed":0,"relics":["WristBlade","Dream Catcher","Bag of Marbles","Sozu","Anchor","Lantern","Mummified Hand"],"potions_floor_usage":[],"damage_taken":[{"damage":0.0,"enemies":"Small Slimes","floor":1.0,"turns":4.0},{"damage":13.0,"enemies":"Lagavulin","floor":6.0,"turns":6.0},{"damage":0.0,"enemies":"Jaw Worm","floor":10.0,"turns":2.0},{"damage":0.0,"enemies":"2 Louse","floor":13.0,"turns":1.0},{"damage":12.0,"enemies":"Exordium Wildlife","floor":14.0,"turns":2.0},{"damage":48.0,"enemies":"Slime Boss","floor":16.0,"turns":11.0},{"damage":10.0,"enemies":"Spheric Guardian","floor":18.0,"turns":4.0},{"damage":20.0,"enemies":"Slavers","floor":23.0,"turns":5.0},{"damage":50,"enemies":"Gremlin Leader","floor":27,"turns":5}],"seed_played":"5613649783960142572","potions_obtained":[{"floor":1.0,"key":"SkillPotion"},{"floor":13.0,"key":"SteroidPotion"}],"is_trial":false,"path_per_floor":["M","?","?","$","?","E","$","R","T","M","?","R","M","M","R","B",null,"M","?","$","?","?","E","R","?","T","E"],"character_chosen":"THE_SILENT","items_purchased":["Bouncing Flask","Dagger Spray","Endless Agony","Blur"],"campfire_rested":0,"item_purchase_floors":[4,4,7,20],"current_hp_per_floor":[70,70,70,70,59,46,46,46,46,46,63,63,63,51,51,3,70,60,60,60,60,60,40,40,40,40,0],"gold":38,"neow_bonus":"BOSS_RELIC","is_prod":false,"is_daily":false,"chose_seed":false,"campfire_upgraded":4,"win_rate":0,"timestamp":1550966086,"path_taken":["M","?","?","?","?","E","$","R","T","?","?","R","M","M","R","BOSS","M","?","$","?","?","E","R","?","T","E"],"build_version":"2019-01-23","purchased_purges":3,"victory":false,"max_hp_per_floor":[70,70,70,70,70,70,70,70,70,70,70,70,70,70,70,70,70,70,70,70,70,70,70,70,70,70,70],"card_choices":[{"not_picked":["Sucker Punch","Well Laid Plans"],"picked":"Masterful Stab","floor":1.0},{"not_picked":["Dodge and Roll","Catalyst"],"picked":"Envenom","floor":6.0},{"not_picked":["Sucker Punch","Outmaneuver"],"picked":"All Out Attack","floor":10.0},{"not_picked":["Quick Slash","Outmaneuver"],"picked":"PiercingWail","floor":13.0},{"not_picked":["Flying Knee","Deflect"],"picked":"Blur","floor":14.0},{"not_picked":["Malaise","Adrenaline"],"picked":"Envenom","floor":16.0},{"not_picked":["Calculated Gamble","Deadly Poison"],"picked":"Noxious Fumes","floor":18.0},{"not_picked":["Crippling Poison+1","Outmaneuver"],"picked":"Bullet Time","floor":23.0}],"player_experience":161905,"relics_obtained":[{"floor":6.0,"key":"Dream Catcher"},{"floor":9.0,"key":"Bag of Marbles"},{"floor":23.0,"key":"Lantern"},{"floor":26.0,"key":"Mummified Hand"}],"event_choices":[{"damage_healed":0.0,"max_hp_gain":0.0,"max_hp_loss":0.0,"gold_gain":175.0,"event_name":"Liars Game","player_choice":"AGREE","floor":2.0,"gold_loss":0.0,"damage_taken":0.0,"cards_obtained":["Doubt"]},{"cards_removed":["Doubt"],"damage_healed":0.0,"max_hp_gain":0.0,"max_hp_loss":0.0,"gold_gain":0.0,"event_name":"Living Wall","player_choice":"Forget","floor":3.0,"gold_loss":0.0,"damage_taken":0.0},{"damage_healed":0.0,"max_hp_gain":0.0,"max_hp_loss":0.0,"gold_gain":75.0,"event_name":"World of Goop","player_choice":"Gather Gold","floor":5.0,"gold_loss":0.0,"damage_taken":11.0},{"damage_healed":17.0,"max_hp_gain":0.0,"max_hp_loss":0.0,"gold_gain":0.0,"event_name":"Mushrooms","player_choice":"Healed and dodged fight","floor":11.0,"gold_loss":0.0,"damage_taken":0.0,"cards_obtained":["Parasite"]},{"damage_healed":0.0,"max_hp_gain":0.0,"max_hp_loss":0.0,"gold_gain":0.0,"event_name":"The Library","player_choice":"Read","floor":19.0,"gold_loss":0.0,"damage_taken":0.0,"cards_obtained":["Deadly Poison"]},{"damage_healed":0.0,"max_hp_gain":0.0,"max_hp_loss":0.0,"gold_gain":0.0,"event_name":"Back to Basics","player_choice":"Simplicity","floor":21.0,"gold_loss":0.0,"damage_taken":0.0,"cards_upgraded":["Defend_G","Defend_G","Defend_G","Defend_G","Strike_G","Strike_G","Strike_G"]},{"damage_healed":0.0,"max_hp_gain":0.0,"max_hp_loss":0.0,"gold_gain":0.0,"event_name":"Addict","player_choice":"Stole Relic","floor":22.0,"gold_loss":0.0,"damage_taken":0.0,"relics_obtained":["Anchor"],"cards_obtained":["Shame"]},{"damage_healed":0.0,"max_hp_gain":0.0,"max_hp_loss":0.0,"gold_gain":0.0,"event_name":"Beggar","player_choice":"Ignored","floor":25.0,"gold_loss":0.0,"damage_taken":0.0}],"is_beta":false,"boss_relics":[{"not_picked":["Tiny House","Empty Cage"],"picked":"Sozu"}],"items_purged_floors":[4,7,20],"is_endless":false,"potions_floor_spawned":[1,13,23],"killed_by":"Gremlin Leader","ascension_level":2}