{"gold_per_floor":[115,134,147,160,177,177,206,206,206,232,232,244,43,62,62,62],"floor_reached":16,"playtime":548,"items_purged":[],"score":143,"play_id":"aa601ca8-2312-49cb-896a-a3a36281f49c","local_time":"20190131163818","is_ascension_mode":true,"campfire_choices":[{"data":"Redo","floor":6.0,"key":"SMITH"},{"data":"Zap","floor":8.0,"key":"SMITH"},{"data":"Tempest","floor":15,"key":"SMITH"}],"neow_cost":"NONE","seed_source_timestamp":597246197662500,"circlet_count":0,"master_deck":["Strike_B","Strike_B","Strike_B","Strike_B","Defend_B","Defend_B","Defend_B","Defend_B","Zap+1","Dualcast","Cold Snap","Redo+1","Conserve Battery","Genetic Algorithm","Tempest+1","Decay","Double Energy","Barrage"],"special_seed":0,"relics":["Cracked Core","Vajra","Blood Vial","Pen Nib","Lee\u0027s Waffle"],"potions_floor_usage":[16],"damage_taken":[{"damage":5.0,"enemies":"Small Slimes","floor":1.0,"turns":3.0},{"damage":0.0,"enemies":"Cultist","floor":2.0,"turns":3.0},{"damage":10.0,"enemies":"Jaw Worm","floor":3.0,"turns":3.0},{"damage":10.0,"enemies":"Lots of Slimes","floor":4.0,"turns":5.0},{"damage":12.0,"enemies":"Exordium Wildlife","floor":5.0,"turns":5.0},{"damage":30.0,"enemies":"3 Sentries","floor":7.0,"turns":8.0},{"damage":16.0,"enemies":"Lagavulin","floor":10.0,"turns":5.0},{"damage":0.0,"enemies":"Blue Slaver","floor":12.0,"turns":3.0},{"damage":20,"enemies":"3 Louse","floor":14,"turns":3},{"damage":72,"enemies":"Hexaghost","floor":16,"turns":10}],"seed_played":"8573682664527857000","potions_obtained":[{"floor":2.0,"key":"Weak Potion"},{"floor":3.0,"key":"SpeedPotion"},{"floor":7.0,"key":"Fire Potion"},{"floor":14,"key":"EssenceOfSteel"}],"is_trial":false,"path_per_floor":["M","M","M","M","M","R","E","R","T","E","?","M","$","M","R","B"],"character_chosen":"DEFECT","items_purchased":["Lee\u0027s Waffle"],"campfire_rested":0,"item_purchase_floors":[13],"current_hp_per_floor":[77,77,67,57,45,45,15,15,15,1,1,3,89,69,69,0],"gold":62,"neow_bonus":"TEN_PERCENT_HP_BONUS","is_prod":false,"is_daily":false,"chose_seed":false,"campfire_upgraded":3,"win_rate":0,"timestamp":1548923898,"path_taken":["M","M","M","M","M","R","E","R","T","E","?","?","?","M","R","BOSS"],"build_version":"2019-01-23","purchased_purges":0,"victory":false,"max_hp_per_floor":[82,82,82,82,82,82,82,82,82,82,82,82,89,89,89,89],"card_choices":[{"not_picked":["Hologram","Stack"],"picked":"Cold Snap","floor":1.0},{"not_picked":["Lockon","Rebound"],"picked":"Redo","floor":2.0},{"not_picked":["Multi-Cast","Sweeping Beam"],"picked":"Conserve Battery","floor":3.0},{"not_picked":["Compile Driver","Streamline"],"picked":"Genetic Algorithm","floor":4.0},{"not_picked":["Heatsinks","Streamline","Redo"],"picked":"SKIP","floor":5.0},{"not_picked":["Stack","Steam Power","Gash"],"picked":"SKIP","floor":7.0},{"not_picked":["Compile Driver","Steam Power"],"picked":"Tempest","floor":10.0},{"not_picked":["Leap","Rebound"],"picked":"Double Energy","floor":12.0},{"not_picked":["Genetic Algorithm","Conserve Battery"],"picked":"Barrage","floor":14}],"player_experience":678536,"relics_obtained":[{"floor":7.0,"key":"Vajra"},{"floor":9.0,"key":"Blood Vial"},{"floor":10.0,"key":"Pen Nib"}],"event_choices":[{"damage_healed":0.0,"max_hp_gain":0.0,"max_hp_loss":0.0,"gold_gain":0.0,"event_name":"Wheel of Change","player_choice":"Cursed","floor":11.0,"gold_loss":0.0,"damage_taken":0.0,"cards_obtained":["Decay"]}],"is_beta":false,"boss_relics":[],"items_purged_floors":[],"is_endless":false,"potions_floor_spawned":[2,3,7,14],"killed_by":"Hexaghost","ascension_level":5}