{"gold_per_floor":[114,129,144,144,159,159,189,189,189,189,219,234,249,264,264,364,414,429,444,138,138,153,153,183,183,258,39,54,54,69,69,69,169,169,184,144,44,144,0,30,45,45,95,95,95,110,110,125,125,125],"floor_reached":51,"playtime":4708,"items_purged":["Strike_B","Defend_R"],"score":657,"play_id":"037bfe3c-bf76-4cdf-ae6f-65bc14925daf","local_time":"20181029185553","daily_mods":["Chimera","Green Cards","Careless"],"is_ascension_mode":false,"campfire_choices":[{"data":"Infinite Blades","floor":6,"key":"SMITH"},{"data":"True Grit","floor":8,"key":"SMITH"},{"floor":10,"key":"REST"},{"data":"Cloak And Dagger","floor":15,"key":"SMITH"},{"data":"After Image","floor":23,"key":"SMITH"},{"floor":25,"key":"REST"},{"data":"Inflame","floor":29,"key":"SMITH"},{"floor":32,"key":"REST"},{"data":"Terror","floor":42,"key":"SMITH"},{"data":"Immolate","floor":45,"key":"SMITH"},{"data":"Fiend Fire","floor":47,"key":"SMITH"},{"floor":49,"key":"REST"}],"neow_cost":"","seed_source_timestamp":0,"circlet_count":0,"master_deck":["Bash","Survivor","Strike_R+1","Strike_G","Defend_G","Defend_B","Anger+1","Wild Strike","Infinite Blades+1","Fiend Fire+1","Anger+1","True Grit+1","Prepared","Cloak And Dagger+1","Evolve","After Image+1","Pommel Strike","Quick Slash+1","Quick Slash+1","Immolate+1","Terror+1","Shrug It Off","Terror+1","Inflame+1","Shrug It Off","Demon Form+1","Prepared+1","Bloodletting+1","Slice","Finisher+1","Pummel","Backstab"],"special_seed":17834,"relics":["Burning Blood","Lantern","Blue Candle","Question Card","Tiny House","Juzu Bracelet","Kunai","Whetstone","Runic Pyramid","Ice Cream","Red Mask","Thread and Needle","PreservedInsect"],"potions_floor_usage":[7,24,24,33,33,40,46,50,50,50],"damage_taken":[{"damage":10,"enemies":"Small Slimes","floor":1,"turns":3},{"damage":1,"enemies":"Cultist","floor":2,"turns":3},{"damage":0,"enemies":"2 Louse","floor":3,"turns":3},{"damage":18,"enemies":"Lots of Slimes","floor":5,"turns":4},{"damage":27,"enemies":"3 Sentries","floor":7,"turns":6},{"damage":25,"enemies":"Gremlin Nob","floor":11,"turns":4},{"damage":5,"enemies":"Gremlin Gang","floor":12,"turns":3},{"damage":6,"enemies":"Large Slime","floor":13,"turns":4},{"damage":0,"enemies":"2 Fungi Beasts","floor":14,"turns":2},{"damage":45,"enemies":"Hexaghost","floor":16,"turns":11},{"damage":10,"enemies":"Spheric Guardian","floor":18,"turns":4},{"damage":15,"enemies":"3 Byrds","floor":19,"turns":5},{"damage":5,"enemies":"Centurion and Healer","floor":22,"turns":5},{"damage":42,"enemies":"Slavers","floor":24,"turns":5},{"damage":6,"enemies":"Chosen and Byrds","floor":28,"turns":6},{"damage":12,"enemies":"Sentry and Sphere","floor":30,"turns":5},{"damage":63,"enemies":"Collector","floor":33,"turns":9},{"damage":16,"enemies":"3 Darklings","floor":35,"turns":4},{"damage":15,"enemies":"Mind Bloom Boss Battle","floor":38,"turns":4},{"damage":17,"enemies":"Reptomancer","floor":40,"turns":5},{"damage":6,"enemies":"Orb Walker","floor":41,"turns":3},{"damage":1,"enemies":"4 Shapes","floor":46,"turns":5},{"damage":23,"enemies":"3 Darklings","floor":48,"turns":4},{"damage":42,"enemies":"Time Eater","floor":50,"turns":7}],"seed_played":"-1635922721403175301","potions_obtained":[{"floor":1,"key":"GamblersBrew"},{"floor":5,"key":"Poison Potion"},{"floor":12,"key":"Explosive Potion"},{"floor":16,"key":"Ancient Potion"},{"floor":17,"key":"AttackPotion"},{"floor":28,"key":"Swift Potion"},{"floor":30,"key":"Weak Potion"},{"floor":33,"key":"Ancient Potion"},{"floor":38,"key":"Weak Potion"},{"floor":41,"key":"Ancient Potion"},{"floor":48,"key":"SteroidPotion"}],"is_trial":false,"path_per_floor":["M","M","M","?","M","R","E","R","T","R","E","M","M","M","R","B",null,"M","M","$","?","M","R","E","R","T","$","M","R","M","?","R","B",null,"M","?","$","?","?","E","M","R","T","?","R","M","R","M","R","B"],"character_chosen":"IRONCLAD","items_purchased":["Immolate","Terror","Whetstone","Inflame"],"campfire_rested":4,"item_purchase_floors":[20,20,27,27],"current_hp_per_floor":[76,80,80,80,68,68,47,47,47,71,52,53,53,59,59,20,85,81,72,72,56,57,57,21,48,48,48,48,48,42,42,69,12,90,80,80,80,71,71,60,60,60,60,60,60,65,65,48,75,39],"gold":125,"neow_bonus":"","is_prod":false,"is_daily":true,"chose_seed":false,"campfire_upgraded":8,"win_rate":0,"timestamp":1540864553,"path_taken":["M","M","M","?","M","R","E","R","T","R","E","?","M","?","R","BOSS","M","?","$","?","M","R","E","R","T","?","M","R","M","?","R","BOSS","M","?","$","?","?","E","M","R","T","?","R","M","R","M","R","BOSS"],"build_version":"2018-10-25v2","purchased_purges":2,"victory":true,"max_hp_per_floor":[80,80,80,80,80,80,80,80,80,80,80,80,80,80,80,80,85,85,85,85,90,90,90,90,90,90,90,90,90,90,90,90,90,90,90,90,90,90,90,90,90,90,90,90,90,90,90,90,90,90],"card_choices":[{"not_picked":["Reflex","Bane"],"picked":"Anger","floor":1},{"not_picked":["Second Wind","Distraction"],"picked":"Wild Strike","floor":2},{"not_picked":["Rupture","Headbutt"],"picked":"Infinite Blades","floor":3},{"not_picked":["Dual Wield","Body Slam"],"picked":"Anger","floor":5},{"not_picked":["Barricade","Thunderclap"],"picked":"True Grit","floor":7},{"not_picked":["Clash","Sucker Punch","Poisoned Stab"],"picked":"SKIP","floor":11},{"not_picked":["Wild Strike","Thunderclap","Doppelganger"],"picked":"Prepared","floor":12},{"not_picked":["Heel Hook","Sucker Punch","Predator"],"picked":"Cloak And Dagger","floor":13},{"not_picked":["Deflect","Poisoned Stab","Underhanded Strike"],"picked":"Evolve","floor":14},{"not_picked":["Wraith Form v2","Double Tap","Venomology"],"picked":"After Image","floor":16},{"not_picked":["Poisoned Stab","Catalyst","Perfected Strike"],"picked":"Pommel Strike","floor":17},{"not_picked":["Masterful Stab","Thunderclap","Hemokinesis"],"picked":"Quick Slash+1","floor":18},{"not_picked":["Clothesline","True Grit","Deflect"],"picked":"Quick Slash+1","floor":19},{"not_picked":["Iron Wave","Dagger Throw+1","Cloak And Dagger"],"picked":"Shrug It Off","floor":22},{"not_picked":["Sucker Punch","Intimidate","Blood for Blood"],"picked":"Terror","floor":24},{"not_picked":["Bloodletting","Pommel Strike","Searing Blow","Berserk"],"picked":"SKIP","floor":28},{"not_picked":["Warcry","Thunderclap","Pommel Strike"],"picked":"Shrug It Off","floor":30},{"not_picked":["Impervious","Limit Break","After Image"],"picked":"Demon Form","floor":33},{"not_picked":["Pommel Strike","Clash+1","Doppelganger"],"picked":"Prepared+1","floor":35},{"not_picked":["Headbutt","Quick Slash","Bouncing Flask+1"],"picked":"Bloodletting+1","floor":38},{"not_picked":["Corruption","Fire Breathing","Skewer"],"picked":"Slice","floor":40},{"not_picked":["Catalyst","Endless Agony+1","Noxious Fumes+1"],"picked":"Finisher+1","floor":41},{"not_picked":["Bane+1","Tactician+1","Shrug It Off+1"],"picked":"Pummel","floor":46},{"not_picked":["Poisoned Stab","Heavy Blade","Searing Blow"],"picked":"Backstab","floor":48}],"player_experience":142420,"relics_obtained":[{"floor":7,"key":"Lantern"},{"floor":9,"key":"Blue Candle"},{"floor":11,"key":"Question Card"},{"floor":24,"key":"Juzu Bracelet"},{"floor":26,"key":"Kunai"},{"floor":38,"key":"Ice Cream"},{"floor":40,"key":"Thread and Needle"},{"floor":43,"key":"PreservedInsect"}],"event_choices":[{"damage_healed":0,"gold_gain":0,"cards_transformed":["Zap"],"player_choice":"Transformed","damage_taken":0,"max_hp_gain":0,"max_hp_loss":0,"event_name":"Transmorgrifier","floor":4,"gold_loss":0,"cards_obtained":["Fiend Fire"]},{"damage_healed":0,"gold_gain":0,"player_choice":"Shed Blood","damage_taken":21,"max_hp_gain":5,"max_hp_loss":0,"event_name":"Forgotten Altar","floor":21,"gold_loss":0},{"damage_healed":0,"gold_gain":0,"player_choice":"Leave","damage_taken":0,"max_hp_gain":0,"max_hp_loss":0,"event_name":"FaceTrader","floor":31,"gold_loss":0},{"damage_healed":0,"gold_gain":0,"player_choice":"Upgrade","damage_taken":0,"max_hp_gain":0,"max_hp_loss":0,"event_name":"Designer","floor":36,"gold_loss":40,"cards_upgraded":["Demon Form"]},{"damage_healed":0,"gold_gain":0,"player_choice":"Fight","damage_taken":0,"max_hp_gain":0,"max_hp_loss":0,"event_name":"MindBloom","floor":38,"gold_loss":0},{"damage_healed":0,"gold_gain":0,"player_choice":"Paid","damage_taken":0,"relics_obtained":["Red Mask"],"max_hp_gain":0,"max_hp_loss":0,"event_name":"Tomb of Lord Red Mask","floor":39,"gold_loss":144},{"damage_healed":0,"gold_gain":0,"player_choice":"Upgraded","damage_taken":0,"max_hp_gain":0,"max_hp_loss":0,"event_name":"Upgrade Shrine","floor":44,"gold_loss":0,"cards_upgraded":["Terror"]}],"is_beta":false,"boss_relics":[{"not_picked":["Fusion Hammer","Philosopher\u0027s Stone"],"picked":"Tiny House"},{"not_picked":["Black Star","Eternal Feather"],"picked":"Runic Pyramid"}],"items_purged_floors":[20,37],"is_endless":false,"potions_floor_spawned":[1,5,12,16,19,28,30,33,38,41,48],"ascension_level":0}