{"gold_per_floor":[114,114,127,227,242,242,242,268,268,268,287,307,338,191,191,293,293],"floor_reached":17,"playtime":1748,"items_purged":["Strike_G"],"score":155,"play_id":"fc4c7dc8-aefd-4cb0-aa61-a52f1764341d","local_time":"20180807144043","is_ascension_mode":false,"campfire_choices":[{"data":"Dagger Spray","floor":6,"key":"SMITH"},{"floor":10,"key":"REST"},{"data":"Strike_G","floor":15,"key":"PURGE"}],"neow_cost":"NONE","seed_source_timestamp":971568479930674,"circlet_count":0,"master_deck":["Defend_G","Defend_G","Defend_G","Defend_G","Defend_G","Strike_G","Strike_G","Survivor","Neutralize","Sucker Punch","Dagger Spray+1","Dagger Spray","Bouncing Flask","Heel Hook","Dodge and Roll","Outmaneuver","Calculated Gamble","Crippling Poison","Adrenaline"],"relics":["Ring of the Snake","Odd Mushroom","Mercury Hourglass","Peace Pipe","Orrery"],"potions_floor_usage":[8,13,13],"damage_taken":[{"damage":0,"enemies":"2 Louse","floor":1,"turns":4},{"damage":4,"enemies":"Jaw Worm","floor":3,"turns":5},{"damage":1,"enemies":"Cultist","floor":5,"turns":4},{"damage":11,"floor":8,"turns":5},{"damage":5,"enemies":"Exordium Wildlife","floor":11,"turns":3},{"damage":0,"enemies":"Red Slaver","floor":12,"turns":5},{"damage":5,"enemies":"3 Sentries","floor":13,"turns":5},{"damage":50,"enemies":"Slime Boss","floor":16,"turns":12}],"seed_played":"4728868696608083174","potions_obtained":[{"floor":3,"key":"EssenceOfSteel"},{"floor":8,"key":"Weak Potion"},{"floor":11,"key":"Dexterity Potion"},{"floor":16,"key":"Ancient Potion"}],"is_trial":false,"path_per_floor":["M","?","M","?","M","R","?","?","T","R","M","M","E","$","R","B"],"character_chosen":"THE_SILENT","items_purchased":["Crippling Poison"],"campfire_rested":1,"item_purchase_floors":[14],"current_hp_per_floor":[70,70,66,66,65,65,65,54,54,70,65,65,60,60,60,10,10],"gold":293,"neow_bonus":"TRANSFORM_CARD","is_prod":false,"is_daily":false,"chose_seed":false,"campfire_upgraded":1,"win_rate":0.0,"timestamp":1533678043,"path_taken":["M","?","M","?","M","R","?","?","T","R","?","M","E","$","R","BOSS"],"build_version":"2018-08-02","purchased_purges":1,"victory":false,"max_hp_per_floor":[70,70,70,70,70,70,70,70,70,70,70,70,70,70,70,70,70],"card_choices":[{"not_picked":["Blade Dance","Acrobatics"],"picked":"Dagger Spray","floor":1},{"not_picked":["Blur","PiercingWail"],"picked":"Dagger Spray","floor":3},{"not_picked":["Skewer","Malaise"],"picked":"Bouncing Flask","floor":5},{"not_picked":["Backflip","Bouncing Flask"],"picked":"Heel Hook","floor":8},{"not_picked":["Prepared","Blur"],"picked":"Dodge and Roll","floor":11},{"not_picked":["Blur","Terror"],"picked":"Outmaneuver","floor":12},{"not_picked":["Terror","Wraith Form v2"],"picked":"Calculated Gamble","floor":13},{"not_picked":["Unload","Malaise"],"picked":"Adrenaline","floor":16}],"player_experience":54782,"relics_obtained":[{"floor":8,"key":"Odd Mushroom"},{"floor":9,"key":"Mercury Hourglass"},{"floor":13,"key":"Peace Pipe"}],"event_choices":[{"event_name":"Liars Game","player_choice":"disagreed","floor":2,"damage_taken":0},{"event_name":"Golden Shrine","player_choice":"Pray","floor":4,"damage_taken":0},{"event_name":"Shining Light","player_choice":"Ignored","floor":7,"damage_taken":0},{"event_name":"Mushrooms","player_choice":"Fought Mushrooms","floor":8,"damage_taken":0}],"is_beta":false,"boss_relics":[{"not_picked":["Coffee Dripper","Ectoplasm"],"picked":"Orrery"}],"items_purged_floors":[14],"is_endless":false,"potions_floor_spawned":[3,8,11,16],"ascension_level":0}