{"gold_per_floor":[118,31,31,47,47,47,78,78,105,30,46,77,77,91,91,193,193,209,209,209,222,237,268,268,268,292,292,305,338,338,338,338,443,443,458,458,471,228,244,244,258,287,287,387,337,337,368,386,386,386,386,386,41,66,66],"floor_reached":55,"playtime":3976,"items_purged":["Defend_B","Strike_B","Hyperbeam","Defend_B"],"score":1146,"play_id":"dd6fee28-34a1-40a7-931c-d1cdb8145315","local_time":"20181119003115","is_ascension_mode":true,"campfire_choices":[{"floor":6,"key":"RECALL"},{"floor":8,"key":"REST"},{"floor":15,"key":"REST"},{"data":"Genetic Algorithm","floor":24,"key":"SMITH"},{"data":"Defragment","floor":27,"key":"SMITH"},{"floor":30,"key":"REST"},{"data":"Electrodynamics","floor":32,"key":"SMITH"},{"data":"Echo Form","floor":40,"key":"SMITH"},{"floor":46,"key":"REST"},{"floor":49,"key":"REST"},{"data":"Tempest","floor":52,"key":"SMITH"}],"neow_cost":"NONE","seed_source_timestamp":127579023081975,"circlet_count":0,"master_deck":["Strike_B","Strike_B","Defend_B","Defend_B+1","Zap","Dualcast","Chill","Ball Lightning","Loop+1","Glacier","Hologram","Genetic Algorithm+1","Undo+1","Electrodynamics+1","Reinforced Body","Defragment+1","Tempest+1","Echo Form+1","Leap+1","Glacier","Buffer"],"relics":["Cracked Core","Mercury Hourglass","Anchor","Bag of Preparation","Ornamental Fan","Velvet Choker","Centennial Puzzle","Shovel","Snecko Eye","War Paint","Smiling Mask","Cables","Unceasing Top","Oddly Smooth Stone","OrangePellets","Strawberry"],"potions_floor_usage":[16,28,33,33,33,47,50,50,54,54,54],"damage_taken":[{"damage":5,"enemies":"2 Louse","floor":1,"turns":3},{"damage":2,"enemies":"Jaw Worm","floor":4,"turns":2},{"damage":25,"enemies":"3 Sentries","floor":7,"turns":5},{"damage":0,"enemies":"Small Slimes","floor":11,"turns":2},{"damage":17,"enemies":"Lagavulin","floor":12,"turns":8},{"damage":1,"enemies":"3 Louse","floor":14,"turns":2},{"damage":4,"enemies":"The Guardian","floor":16,"turns":12},{"damage":1,"enemies":"Spheric Guardian","floor":18,"turns":3},{"damage":1,"enemies":"3 Byrds","floor":21,"turns":4},{"damage":7,"enemies":"Snake Plant","floor":22,"turns":4},{"damage":2,"enemies":"Gremlin Leader","floor":23,"turns":5},{"damage":9,"enemies":"Snecko","floor":28,"turns":4},{"damage":17,"enemies":"Slavers","floor":29,"turns":4},{"damage":33,"enemies":"Champ","floor":33,"turns":11},{"damage":10,"enemies":"3 Darklings","floor":35,"turns":3},{"damage":0,"enemies":"Orb Walker","floor":37,"turns":2},{"damage":3,"enemies":"Transient","floor":39,"turns":5},{"damage":1,"enemies":"Maw","floor":41,"turns":8},{"damage":40,"enemies":"Nemesis","floor":42,"turns":9},{"damage":0,"enemies":"Mind Bloom Boss Battle","floor":44,"turns":5},{"damage":14,"enemies":"Giant Head","floor":47,"turns":12},{"damage":0,"enemies":"Sphere and 2 Shapes","floor":48,"turns":2},{"damage":0,"enemies":"Donu and Deca","floor":50,"turns":7},{"damage":15,"enemies":"Shield and Spear","floor":54,"turns":6},{"damage":82,"enemies":"The Heart","floor":55,"turns":15}],"seed_played":"-7424359239427616256","potions_obtained":[{"floor":7,"key":"Regen Potion"},{"floor":11,"key":"Swift Potion"},{"floor":12,"key":"Explosive Potion"},{"floor":22,"key":"SkillPotion"},{"floor":28,"key":"Swift Potion"},{"floor":39,"key":"AttackPotion"},{"floor":42,"key":"Energy Potion"},{"floor":48,"key":"Energy Potion"}],"is_trial":false,"path_per_floor":["M","$","?","M","?","R","E","R","T","$","M","E","?","M","R","B",null,"M","?","?","M","M","E","R","?","T","R","M","E","R","?","R","B",null,"M","?","M","$","M","R","M","E","T","?","$","R","E","M","R","B",null,"R","$","E","B"],"character_chosen":"DEFECT","items_purchased":["Ball Lightning","Loop","War Paint","OrangePellets","EntropicBrew"],"campfire_rested":5,"item_purchase_floors":[2,2,38,53,53],"current_hp_per_floor":[70,70,52,50,50,50,25,49,49,49,49,32,59,58,82,78,81,80,80,80,79,72,70,70,54,54,54,45,28,54,54,54,36,74,64,64,64,64,61,61,60,20,20,20,20,46,32,32,58,58,80,80,80,72,0],"gold":66,"neow_bonus":"TEN_PERCENT_HP_BONUS","is_prod":false,"is_daily":false,"chose_seed":false,"campfire_upgraded":5,"win_rate":0,"timestamp":1542616275,"path_taken":["M","$","?","M","?","R","E","R","T","$","M","E","?","M","R","BOSS","M","?","?","M","M","E","R","?","T","R","M","E","R","?","R","BOSS","M","?","M","$","M","R","?","E","T","?","$","R","E","M","R","BOSS","R","$","E","BOSS"],"build_version":"2018-11-15","purchased_purges":4,"victory":false,"max_hp_per_floor":[82,82,82,82,82,82,82,82,82,82,82,82,82,82,82,82,82,82,82,82,82,82,82,82,87,87,87,87,87,87,87,87,87,87,87,87,87,87,87,87,87,87,87,87,87,87,87,87,87,87,87,87,87,94,94],"card_choices":[{"not_picked":["Redo","Leap"],"picked":"Chill","floor":1},{"not_picked":["Darkness","Sweeping Beam","Recycle"],"picked":"SKIP","floor":4},{"not_picked":["Beam Cell","Barrage"],"picked":"Glacier","floor":7},{"not_picked":["Stack","Leap"],"picked":"Hologram","floor":11},{"not_picked":["Chill","Rainbow"],"picked":"Genetic Algorithm","floor":12},{"not_picked":["White Noise","Darkness"],"picked":"Undo","floor":14},{"not_picked":["Machine Learning","Creative AI"],"picked":"Electrodynamics","floor":16},{"not_picked":["Double Energy+1","Coolheaded"],"picked":"Reinforced Body","floor":18},{"not_picked":["Force Field","Stack"],"picked":"Tempest","floor":21},{"not_picked":["Beam Cell","Skim","Turbo+1"],"picked":"SKIP","floor":22},{"not_picked":["Loop+1","Hologram"],"picked":"Echo Form","floor":23},{"not_picked":["Barrage","Double Energy+1"],"picked":"Leap+1","floor":28},{"not_picked":["Compile Driver+1","Hologram","Leap+1"],"picked":"SKIP","floor":29},{"not_picked":["Streamline+1","Beam Cell","Tempest+1"],"picked":"SKIP","floor":35},{"not_picked":["Fusion","Cold Snap","Loop"],"picked":"SKIP","floor":37},{"not_picked":["Skim+1","Leap+1"],"picked":"Glacier","floor":39},{"not_picked":["Meteor Strike","Gash","Sweeping Beam"],"picked":"SKIP","floor":41},{"not_picked":["Barrage","Scrape+1","Reprogram+1"],"picked":"SKIP","floor":42},{"not_picked":["Barrage","Scrape+1","Reprogram+1"],"picked":"SKIP","floor":42},{"not_picked":["Genetic Algorithm+1","Heatsinks+1","Tempest+1"],"picked":"SKIP","floor":47},{"not_picked":["Redo+1","Streamline+1","Heatsinks+1"],"picked":"SKIP","floor":48},{"not_picked":["Barrage","Leap"],"picked":"Buffer","floor":54}],"player_experience":287009,"relics_obtained":[{"floor":7,"key":"Anchor"},{"floor":9,"key":"Bag of Preparation"},{"floor":12,"key":"Ornamental Fan"},{"floor":23,"key":"Centennial Puzzle"},{"floor":29,"key":"Shovel"},{"floor":42,"key":"Smiling Mask"},{"floor":43,"key":"Cables"},{"floor":44,"key":"Unceasing Top"},{"floor":47,"key":"Oddly Smooth Stone"},{"floor":54,"key":"Strawberry"}],"event_choices":[{"damage_healed":0,"gold_gain":0,"player_choice":"Success","damage_taken":18,"relics_obtained":["Mercury Hourglass"],"max_hp_gain":0,"max_hp_loss":0,"event_name":"Scrap Ooze","floor":3,"gold_loss":0},{"damage_healed":0,"gold_gain":0,"player_choice":"Ignored","damage_taken":0,"max_hp_gain":0,"max_hp_loss":0,"event_name":"Liars Game","floor":5,"gold_loss":0},{"damage_healed":27,"gold_gain":0,"player_choice":"Banana","damage_taken":0,"max_hp_gain":0,"max_hp_loss":0,"event_name":"Big Fish","floor":13,"gold_loss":0},{"damage_healed":0,"gold_gain":0,"player_choice":"Ignored","damage_taken":0,"max_hp_gain":0,"max_hp_loss":0,"event_name":"Ghosts","floor":19,"gold_loss":0},{"damage_healed":0,"gold_gain":0,"player_choice":"Read","damage_taken":0,"max_hp_gain":0,"max_hp_loss":0,"event_name":"The Library","floor":20,"gold_loss":0,"cards_obtained":["Defragment"]},{"damage_healed":0,"gold_gain":0,"player_choice":"Shed Blood","damage_taken":21,"max_hp_gain":5,"max_hp_loss":0,"event_name":"Forgotten Altar","floor":25,"gold_loss":0},{"damage_healed":0,"gold_gain":0,"cards_transformed":["Strike_B"],"player_choice":"Transformed","damage_taken":0,"max_hp_gain":0,"max_hp_loss":0,"event_name":"Transmorgrifier","floor":31,"gold_loss":0,"cards_obtained":["Hyperbeam"]},{"damage_healed":0,"gold_gain":0,"player_choice":"Forge","damage_taken":0,"max_hp_gain":0,"max_hp_loss":0,"event_name":"Accursed Blacksmith","floor":36,"gold_loss":0,"cards_upgraded":["Loop"]},{"damage_healed":0,"gold_gain":0,"player_choice":"Fight","damage_taken":0,"max_hp_gain":0,"max_hp_loss":0,"event_name":"MindBloom","floor":44,"gold_loss":0}],"is_beta":false,"boss_relics":[{"not_picked":["Lizard Tail","Pandora\u0027s Box"],"picked":"Velvet Choker"},{"not_picked":["Runic Pyramid","Inserter"],"picked":"Snecko Eye"}],"items_purged_floors":[10,38,45,53],"is_endless":false,"potions_floor_spawned":[7,11,12,14,22,28,29,39,42,48],"killed_by":"The Heart","ascension_level":8}