{"gold_per_floor":[112,128,53,53,53,53,91,105,105,105,125,125,141,175,175,175],"floor_reached":16,"playtime":332,"items_purged":["Strike_B"],"score":263,"play_id":"930be7e3-ba68-4d85-9839-00f09f36450d","local_time":"20181221115615","is_ascension_mode":true,"campfire_choices":[{"data":"Sweeping Beam","floor":6,"key":"SMITH"},{"data":"Defragment","floor":12,"key":"SMITH"},{"floor":15,"key":"REST"}],"neow_cost":"NONE","seed_source_timestamp":11193659809399,"circlet_count":0,"master_deck":["AscendersBane","Strike_B","Strike_B","Strike_B","Defend_B","Defend_B","Defend_B","Defend_B","Zap","Dualcast","Compile Driver","Sweeping Beam+1","Defragment+1","Sunder","Coolheaded","White Noise"],"relics":["Cracked Core","NeowsBlessing","Golden Idol","Bottled Lightning","Gremlin Horn","The Courier","Girya"],"potions_floor_usage":[14],"damage_taken":[{"damage":0,"enemies":"Cultist","floor":1,"turns":1},{"damage":0,"enemies":"2 Louse","floor":2,"turns":1},{"damage":0,"enemies":"Lagavulin","floor":7,"turns":1},{"damage":10,"enemies":"Small Slimes","floor":8,"turns":3},{"damage":2,"enemies":"Exordium Thugs","floor":11,"turns":3},{"damage":12,"enemies":"Looter","floor":13,"turns":3},{"damage":37,"enemies":"Gremlin Nob","floor":14,"turns":5},{"damage":0,"enemies":"Slime Boss","floor":16,"turns":3}],"seed_played":"-8184783687448314851","potions_obtained":[{"floor":1,"key":"Ancient Potion"},{"floor":8,"key":"LiquidBronze"},{"floor":14,"key":"GamblersBrew"}],"is_trial":false,"path_per_floor":["M","M","$","?","$","R","E","M","T","?","M","R","M","E","R","B"],"character_chosen":"DEFECT","items_purchased":[],"campfire_rested":1,"item_purchase_floors":[],"current_hp_per_floor":[64,64,64,64,64,64,64,54,54,54,52,52,40,3,22,22],"gold":175,"neow_bonus":"THREE_ENEMY_KILL","is_prod":false,"is_daily":false,"chose_seed":false,"campfire_upgraded":2,"win_rate":0,"timestamp":1545389775,"path_taken":["M","?","$","?","$","R","E","M","T","?","M","R","M","E","R","BOSS"],"build_version":"2018-12-20","purchased_purges":1,"victory":false,"max_hp_per_floor":[71,71,71,64,64,64,64,64,64,64,64,64,64,64,64,64],"card_choices":[{"not_picked":["Hello World","Steam Power"],"picked":"Compile Driver","floor":1},{"not_picked":["Gash","Recycle"],"picked":"Sweeping Beam","floor":2},{"not_picked":["Skim","Stack","Defragment"],"picked":"SKIP","floor":7},{"not_picked":["Skim","Stack"],"picked":"Defragment","floor":7},{"not_picked":["Compile Driver","Rip and Tear"],"picked":"Sunder","floor":8},{"not_picked":["Redo","Barrage","Rebound"],"picked":"SKIP","floor":11},{"not_picked":["Streamline","Leap"],"picked":"Coolheaded","floor":13},{"not_picked":["Chaos","Fusion"],"picked":"White Noise","floor":14}],"player_experience":853256,"relics_obtained":[{"floor":7,"key":"Bottled Lightning"},{"floor":9,"key":"Gremlin Horn"},{"floor":14,"key":"Girya"}],"event_choices":[{"damage_healed":0,"gold_gain":0,"player_choice":"Lose Max HP","damage_taken":0,"relics_obtained":["Golden Idol"],"max_hp_gain":0,"max_hp_loss":7,"event_name":"Golden Idol","floor":4,"gold_loss":0},{"damage_healed":0,"gold_gain":0,"player_choice":"Gave Potion","damage_taken":0,"relics_obtained":["The Courier"],"max_hp_gain":0,"max_hp_loss":0,"event_name":"WeMeetAgain","floor":10,"gold_loss":0}],"is_beta":true,"boss_relics":[],"items_purged_floors":[3],"is_endless":false,"potions_floor_spawned":[1,8,14],"killed_by":"Slime Boss","ascension_level":19}