{"gold_per_floor":[113,123,142,142,162,189,203,203,284,58,118,148,148,148,148,249,249,269,30,46,46,57,57,76,107,178,178,209,157,177,189,189,287,287,307,360,377,95,0,0,29,43,66,66,66,66,66,94,94,94,94,94,17,50,50],"floor_reached":55,"playtime":4225,"items_purged":["Strike_R"],"score":795,"play_id":"945f066e-ef3f-4fd5-a7a4-36a5f9a7119a","local_time":"20190213195544","is_ascension_mode":true,"campfire_choices":[{"floor":8.0,"key":"REST"},{"data":"Spot Weakness","floor":13.0,"key":"SMITH"},{"floor":15.0,"key":"REST"},{"floor":23.0,"key":"RECALL"},{"floor":32.0,"key":"REST"},{"floor":40.0,"key":"DIG"},{"floor":45.0,"key":"DIG"},{"floor":47.0,"key":"DIG"},{"floor":49.0,"key":"REST"},{"floor":52.0,"key":"DIG"}],"neow_cost":"NONE","seed_source_timestamp":0,"circlet_count":0,"master_deck":["Strike_R","Strike_R","Strike_R","Strike_R","Defend_R","Defend_R","Defend_R","Defend_R+1","Bash","Immolate","Spot Weakness+1","Evolve","Bash","Flex","Flex","Power Through","Reckless Charge+1","Inflame","Feel No Pain","Exhume","Whirlwind+1","Sever Soul+1","Havoc","Burning Pact+1","Power Through+1","Second Wind+1","Fiend Fire+1","Sentinel","Limit Break","Dramatic Entrance+1","Reckless Charge+1"],"special_seed":0,"relics":["Burning Blood","Omamori","Molten Egg 2","Red Skull","Turnip","Art of War","Incense Burner","Fusion Hammer","Bronze Scales","War Paint","Happy Flower","Mark of Pain","Shovel","Lee\u0027s Waffle","Red Mask","Oddly Smooth Stone","PreservedInsect","Orichalcum","Lantern","Pen Nib","Champion Belt","Dodecahedron","Ginger"],"potions_floor_usage":[55,55],"damage_taken":[{"damage":4.0,"enemies":"Jaw Worm","floor":1.0,"turns":4.0},{"damage":1.0,"enemies":"Cultist","floor":2.0,"turns":3.0},{"damage":4.0,"enemies":"Small Slimes","floor":3.0,"turns":4.0},{"damage":12.0,"enemies":"Looter","floor":5.0,"turns":3.0},{"damage":68.0,"enemies":"Lagavulin","floor":6.0,"turns":8.0},{"damage":10.0,"enemies":"Blue Slaver","floor":7.0,"turns":4.0},{"damage":8.0,"enemies":"3 Sentries","floor":11.0,"turns":4.0},{"damage":13.0,"enemies":"3 Sentries","floor":12.0,"turns":4.0},{"damage":37.0,"enemies":"The Guardian","floor":16.0,"turns":10.0},{"damage":21.0,"enemies":"Shell Parasite","floor":18.0,"turns":5.0},{"damage":7.0,"enemies":"Chosen","floor":20.0,"turns":4.0},{"damage":23.0,"enemies":"Snake Plant","floor":22.0,"turns":3.0},{"damage":12.0,"enemies":"Cultist and Chosen","floor":24.0,"turns":4.0},{"damage":5.0,"enemies":"Book of Stabbing","floor":25.0,"turns":4.0},{"damage":21.0,"enemies":"Slavers","floor":28.0,"turns":3.0},{"damage":0.0,"enemies":"3 Cultists","floor":30.0,"turns":3.0},{"damage":0.0,"enemies":"Centurion and Healer","floor":31.0,"turns":3.0},{"damage":51.0,"enemies":"Collector","floor":33.0,"turns":8.0},{"damage":1.0,"enemies":"Orb Walker","floor":35.0,"turns":2.0},{"damage":67.0,"enemies":"2 Orb Walkers","floor":36.0,"turns":4.0},{"damage":11.0,"enemies":"3 Darklings","floor":37.0,"turns":3.0},{"damage":17.0,"enemies":"Reptomancer","floor":41.0,"turns":6.0},{"damage":39.0,"enemies":"Writhing Mass","floor":42.0,"turns":4.0},{"damage":24.0,"enemies":"Giant Head","floor":48.0,"turns":7.0},{"damage":58.0,"enemies":"Donu and Deca","floor":50.0,"turns":8.0},{"damage":13,"enemies":"Shield and Spear","floor":54,"turns":3},{"damage":88,"enemies":"The Heart","floor":55,"turns":8}],"seed_played":"-9079824696531942772","potions_obtained":[{"floor":3.0,"key":"SteroidPotion"},{"floor":6.0,"key":"EssenceOfSteel"},{"floor":11.0,"key":"Swift Potion"},{"floor":12.0,"key":"Ancient Potion"},{"floor":20.0,"key":"Swift Potion"},{"floor":22.0,"key":"SkillPotion"},{"floor":25.0,"key":"Energy Potion"},{"floor":33.0,"key":"AttackPotion"},{"floor":41.0,"key":"Fire Potion"},{"floor":48.0,"key":"PowerPotion"},{"floor":54,"key":"Swift Potion"}],"is_trial":false,"path_per_floor":["?","M","?","?","?","?","?","?","?","?"],"character_chosen":"IRONCLAD","items_purchased":["Red Skull","Reckless Charge+1","Sever Soul+1","Havoc","Bronze Scales","SteroidPotion","Lee\u0027s Waffle","BloodPotion"],"campfire_rested":4,"item_purchase_floors":[10,10,19,19,19,29,38,53],"current_hp_per_floor":[80,80,80,80,74,12,8,32,32,32,30,23,23,20,44,13,80,65,65,64,64,47,47,41,42,42,42,27,27,33,39,63,18,80,80,19,14,87,87,87,76,43,43,43,43,65,65,47,73,21,87,87,87,80,0],"gold":50,"neow_bonus":"ONE_RANDOM_RARE_CARD","is_prod":false,"is_daily":false,"chose_seed":false,"campfire_upgraded":1,"win_rate":0,"timestamp":1550084144,"path_taken":["M","M","M","?","?","E","M","R","T","$","?","E","R","?","R","BOSS","M","$","M","?","M","R","M","E","T","?","E","$","M","M","R","BOSS","M","?","M","$","?","R","E","M","T","?","R","?","R","E","R","BOSS","R","$","E","BOSS"],"build_version":"2019-01-23","purchased_purges":1,"victory":false,"max_hp_per_floor":[80,80,80,80,80,80,80,80,80,80,80,80,80,80,80,80,80,80,80,80,80,80,80,80,80,80,80,80,80,80,80,80,80,80,80,80,80,87,87,87,87,87,87,87,87,87,87,87,87,87,87,87,87,87,87],"card_choices":[{"not_picked":["Armaments","Sever Soul","Clash"],"picked":"SKIP","floor":1.0},{"not_picked":["Second Wind","Feel No Pain"],"picked":"Spot Weakness","floor":2.0},{"not_picked":["Headbutt","Sword Boomerang"],"picked":"Evolve","floor":3.0},{"not_picked":["Fire Breathing","Cleave"],"picked":"Flex","floor":5.0},{"not_picked":["Seeing Red","Blood for Blood"],"picked":"Flex","floor":6.0},{"not_picked":["Shrug It Off","Thunderclap"],"picked":"Power Through","floor":7.0},{"not_picked":["Rampage+1","Clash+1"],"picked":"Inflame","floor":11.0},{"not_picked":["Perfected Strike+1","Juggernaut"],"picked":"Feel No Pain","floor":12.0},{"not_picked":["Immolate+1","Bludgeon+1"],"picked":"Exhume","floor":16.0},{"not_picked":["Rampage+1","Clothesline+1"],"picked":"Whirlwind+1","floor":18.0},{"not_picked":["Hemokinesis+1","Feel No Pain+1"],"picked":"Burning Pact+1","floor":20.0},{"not_picked":["Heavy Blade+1","Dual Wield","Sword Boomerang+1"],"picked":"SKIP","floor":22.0},{"not_picked":["Metallicize","Flex"],"picked":"Second Wind+1","floor":24.0},{"not_picked":["Exhume","Spot Weakness","Disarm"],"picked":"SKIP","floor":25.0},{"not_picked":["Hemokinesis+1","Searing Blow+1","Perfected Strike+1"],"picked":"SKIP","floor":28.0},{"not_picked":["Intimidate","Perfected Strike+1","Shrug It Off+1"],"picked":"SKIP","floor":30.0},{"not_picked":["Feel No Pain","Anger+1","Body Slam+1"],"picked":"SKIP","floor":31.0},{"not_picked":["Dark Embrace","Barricade"],"picked":"Fiend Fire+1","floor":33.0},{"not_picked":["Pommel Strike+1","Cleave+1","Clothesline+1"],"picked":"SKIP","floor":35.0},{"not_picked":["Warcry+1","Armaments+1"],"picked":"Sentinel","floor":36.0},{"not_picked":["Cleave+1","Twin Strike+1","Flex+1"],"picked":"SKIP","floor":37.0},{"not_picked":["Entrench+1","Wild Strike+1","Headbutt+1"],"picked":"SKIP","floor":41.0},{"not_picked":["Seeing Red","Thunderclap+1"],"picked":"Limit Break","floor":42.0},{"not_picked":["Discovery","PanicButton"],"picked":"Dramatic Entrance+1","floor":44.0},{"not_picked":["True Grit","Uppercut+1","Searing Blow+1"],"picked":"SKIP","floor":48.0},{"not_picked":["Infernal Blade+1","Bloodletting+1"],"picked":"Reckless Charge+1","floor":54}],"player_experience":181938,"relics_obtained":[{"floor":6.0,"key":"Omamori"},{"floor":9.0,"key":"Molten Egg 2"},{"floor":11.0,"key":"Turnip"},{"floor":12.0,"key":"Art of War"},{"floor":25.0,"key":"War Paint"},{"floor":28.0,"key":"Happy Flower"},{"floor":36.0,"key":"Shovel"},{"floor":40.0,"key":"Oddly Smooth Stone"},{"floor":41.0,"key":"PreservedInsect"},{"floor":43.0,"key":"Orichalcum"},{"floor":45.0,"key":"Lantern"},{"floor":47.0,"key":"Pen Nib"},{"floor":48.0,"key":"Champion Belt"},{"floor":52.0,"key":"Dodecahedron"},{"floor":54,"key":"Ginger"}],"event_choices":[{"damage_healed":0.0,"max_hp_gain":0.0,"max_hp_loss":0.0,"gold_gain":0.0,"event_name":"Match and Keep!","player_choice":"1 cards matched","floor":4.0,"gold_loss":0.0,"damage_taken":0.0,"cards_obtained":["Bash"]},{"damage_healed":0.0,"max_hp_gain":0.0,"max_hp_loss":0.0,"gold_gain":30.0,"event_name":"Dead Adventurer","player_choice":"Searched \u00273\u0027 times","floor":11.0,"gold_loss":0.0,"damage_taken":0.0},{"damage_healed":0.0,"max_hp_gain":0.0,"max_hp_loss":0.0,"gold_gain":0.0,"event_name":"Scrap Ooze","player_choice":"Success","floor":14.0,"gold_loss":0.0,"damage_taken":3.0,"relics_obtained":["Incense Burner"]},{"damage_healed":0.0,"max_hp_gain":0.0,"max_hp_loss":0.0,"gold_gain":0.0,"event_name":"The Library","player_choice":"Read","floor":21.0,"gold_loss":0.0,"damage_taken":0.0,"cards_obtained":["Power Through"]},{"damage_healed":0.0,"max_hp_gain":0.0,"max_hp_loss":0.0,"gold_gain":0.0,"event_name":"Beggar","player_choice":"Ignored","floor":27.0,"gold_loss":0.0,"damage_taken":0.0},{"damage_healed":0.0,"max_hp_gain":0.0,"max_hp_loss":0.0,"gold_gain":0.0,"event_name":"Mysterious Sphere","player_choice":"Fight","floor":36.0,"gold_loss":0.0,"damage_taken":0.0},{"damage_healed":0.0,"max_hp_gain":0.0,"max_hp_loss":0.0,"gold_gain":0.0,"event_name":"Tomb of Lord Red Mask","player_choice":"Paid","floor":39.0,"gold_loss":95.0,"damage_taken":0.0,"relics_obtained":["Red Mask"]},{"damage_healed":0.0,"max_hp_gain":0.0,"max_hp_loss":0.0,"gold_gain":0.0,"event_name":"SensoryStone","player_choice":"Memory 1","floor":44.0,"gold_loss":0.0,"damage_taken":0.0},{"damage_healed":22.0,"max_hp_gain":0.0,"max_hp_loss":0.0,"gold_gain":0.0,"event_name":"Winding Halls","player_choice":"Writhe","floor":46.0,"gold_loss":0.0,"damage_taken":0.0,"cards_obtained":["Writhe"]}],"is_beta":false,"boss_relics":[{"not_picked":["Black Star","Black Blood"],"picked":"Fusion Hammer"},{"not_picked":["Snecko Eye","Tiny House"],"picked":"Mark of Pain"}],"items_purged_floors":[38],"is_endless":false,"potions_floor_spawned":[3,6,11,12,20,22,25,33,41,48,54],"killed_by":"The Heart","ascension_level":2}