{"gold_per_floor":[114,114,114,64,74,74,90,105,128,140,169,94,94,122,122,217,217,229,279,297,197,207,207,233,233,233,233,108,126,143,162,162,257,257,267,286,286,0,12,12,12],"floor_reached":41,"playtime":3568,"items_purged":["Strike_R","Searing Blow+1","Defend_R"],"score":444,"play_id":"4d3e8c0b-d3a4-4b2c-bb7e-aba29754a3ba","local_time":"20181108194924","is_ascension_mode":true,"campfire_choices":[{"data":"Flex","floor":6.0,"key":"SMITH"},{"floor":13.0,"key":"REST"},{"floor":15.0,"key":"REST"},{"floor":23,"key":"REST"},{"floor":25,"key":"REST"},{"floor":27,"key":"REST"},{"floor":32,"key":"REST"},{"floor":40,"key":"REST"}],"neow_cost":"NONE","seed_source_timestamp":0,"circlet_count":0,"master_deck":["Defend_R","Defend_R","Defend_R","Warcry+1","Pummel+1","Cleave","Flex+1","Armaments","Metallicize","Spot Weakness","Shrug It Off","Juggernaut","Clash","Metallicize","Rage+1","Rampage","Juggernaut","Flex+1","Iron Wave+1","Transmutation"],"special_seed":0,"relics":["Astrolabe","Lantern","Bag of Marbles","Darkstone Periapt","Orrery","Unceasing Top","Paper Frog","Runic Pyramid","Red Mask"],"potions_floor_usage":[33,33],"damage_taken":[{"damage":0.0,"enemies":"Cultist","floor":1.0,"turns":2.0},{"damage":12.0,"enemies":"Small Slimes","floor":5.0,"turns":3.0},{"damage":0.0,"enemies":"Jaw Worm","floor":7.0,"turns":2.0},{"damage":0.0,"enemies":"2 Fungi Beasts","floor":8.0,"turns":2.0},{"damage":0.0,"enemies":"Gremlin Gang","floor":10.0,"turns":5.0},{"damage":67.0,"enemies":"Gremlin Nob","floor":11.0,"turns":6.0},{"damage":27.0,"enemies":"Lagavulin","floor":14.0,"turns":6.0},{"damage":10.0,"enemies":"The Guardian","floor":16.0,"turns":9.0},{"damage":22.0,"enemies":"3 Byrds","floor":18.0,"turns":7.0},{"damage":2,"enemies":"Shell Parasite","floor":20,"turns":4},{"damage":24,"enemies":"Chosen and Byrds","floor":22,"turns":7},{"damage":42,"enemies":"Slavers","floor":24,"turns":6},{"damage":0,"enemies":"Snake Plant","floor":29,"turns":2},{"damage":22,"enemies":"3 Cultists","floor":30,"turns":5},{"damage":13,"enemies":"Centurion and Healer","floor":31,"turns":5},{"damage":43,"enemies":"Champ","floor":33,"turns":10},{"damage":21,"enemies":"3 Shapes","floor":35,"turns":4},{"damage":12,"enemies":"Orb Walker","floor":36,"turns":3},{"damage":37,"enemies":"Spire Growth","floor":39,"turns":5},{"damage":55,"enemies":"Nemesis","floor":41,"turns":5}],"seed_played":"1187077709255232297","potions_obtained":[{"floor":5.0,"key":"Weak Potion"},{"floor":7.0,"key":"Strength Potion"},{"floor":11.0,"key":"Swift Potion"},{"floor":14.0,"key":"PowerPotion"},{"floor":18,"key":"Regen Potion"},{"floor":20,"key":"Block Potion"},{"floor":29,"key":"Energy Potion"},{"floor":35,"key":"BloodPotion"}],"is_trial":false,"path_per_floor":["M","?","?","?","M","R","M","M","T","M","E","$","R","E","R","B",null,"M","M","?","M","$","M","R","E","R","T","R","$","M","M","M","R","B",null,"M","M","?","?","M","R","E"],"character_chosen":"IRONCLAD","items_purchased":[],"campfire_rested":7,"item_purchase_floors":[],"current_hp_per_floor":[80,85,85,85,73,73,73,73,73,73,6,6,31,4,29,19,85,63,63,61,61,37,62,20,45,45,70,70,70,48,35,60,31,85,64,52,52,52,15,40,0],"gold":12,"neow_bonus":"BOSS_RELIC","is_prod":false,"is_daily":false,"chose_seed":false,"campfire_upgraded":1,"win_rate":0,"timestamp":1541728164,"path_taken":["M","?","?","?","M","R","M","M","T","?","E","$","R","E","R","BOSS","M","?","?","?","M","R","E","R","T","R","$","M","M","?","R","BOSS","M","M","?","?","M","R","E"],"build_version":"2018-11-08","purchased_purges":3,"victory":false,"max_hp_per_floor":[80,85,85,85,85,85,85,85,85,85,85,85,85,85,85,85,85,85,85,85,85,85,85,85,85,85,85,85,85,85,85,85,85,85,85,85,85,85,85,85,85],"card_choices":[{"not_picked":["Perfected Strike","Dropkick"],"picked":"Cleave","floor":1.0},{"not_picked":["Corruption","Shrug It Off"],"picked":"Flex","floor":5.0},{"not_picked":["Corruption","Evolve"],"picked":"Armaments","floor":7.0},{"not_picked":["Flex","Clothesline"],"picked":"Metallicize","floor":8.0},{"not_picked":["Heavy Blade","Twin Strike"],"picked":"Spot Weakness","floor":10.0},{"not_picked":["Reckless Charge","Evolve","Shockwave"],"picked":"SKIP","floor":11.0},{"not_picked":["Body Slam","Impervious"],"picked":"Shrug It Off","floor":14.0},{"not_picked":["Brutality","Dark Embrace"],"picked":"Juggernaut","floor":16.0},{"not_picked":["Havoc","Second Wind"],"picked":"Clash","floor":17.0},{"not_picked":["Pummel","Armaments"],"picked":"Metallicize","floor":18},{"not_picked":["Whirlwind","Impervious","Shrug It Off+1"],"picked":"SKIP","floor":20},{"not_picked":["Spot Weakness","Evolve"],"picked":"Rage+1","floor":22},{"not_picked":["Dark Embrace","Sword Boomerang"],"picked":"Rampage","floor":24},{"not_picked":["Sword Boomerang","Wild Strike","Corruption"],"picked":"SKIP","floor":29},{"not_picked":["Shrug It Off","Dual Wield","Brutality"],"picked":"SKIP","floor":30},{"not_picked":["Evolve","Dropkick+1","Perfected Strike"],"picked":"SKIP","floor":31},{"not_picked":["Dark Embrace","Barricade"],"picked":"Juggernaut","floor":33},{"not_picked":["Bloodletting","Pommel Strike+1"],"picked":"Flex+1","floor":35},{"not_picked":["Havoc","Feel No Pain"],"picked":"Iron Wave+1","floor":36},{"not_picked":["Secret Weapon","Jack Of All Trades"],"picked":"Transmutation","floor":37},{"not_picked":["Heavy Blade","Feel No Pain","Pommel Strike"],"picked":"SKIP","floor":39}],"player_experience":36312,"relics_obtained":[{"floor":9.0,"key":"Lantern"},{"floor":11.0,"key":"Bag of Marbles"},{"floor":14.0,"key":"Darkstone Periapt"},{"floor":24,"key":"Unceasing Top"},{"floor":26,"key":"Paper Frog"}],"event_choices":[{"damage_healed":0.0,"max_hp_gain":5.0,"max_hp_loss":0.0,"gold_gain":0.0,"event_name":"Big Fish","player_choice":"Donut","floor":2.0,"gold_loss":0.0,"damage_taken":0.0},{"cards_removed":["Bash"],"damage_healed":0.0,"max_hp_gain":0.0,"max_hp_loss":0.0,"gold_gain":0.0,"event_name":"Living Wall","player_choice":"Forget","floor":3.0,"gold_loss":0.0,"damage_taken":0.0},{"cards_removed":["Strike_R"],"damage_healed":0.0,"max_hp_gain":0.0,"max_hp_loss":0.0,"gold_gain":0.0,"event_name":"The Cleric","player_choice":"Card Removal","floor":4.0,"gold_loss":50.0,"damage_taken":0.0},{"damage_healed":0,"gold_gain":100,"player_choice":"Bet on Murderer","damage_taken":0,"max_hp_gain":0,"max_hp_loss":0,"event_name":"The Joust","floor":19,"gold_loss":50},{"damage_healed":0,"gold_gain":0,"player_choice":"Memory 1","damage_taken":0,"max_hp_gain":0,"max_hp_loss":0,"event_name":"SensoryStone","floor":37,"gold_loss":0},{"damage_healed":0,"gold_gain":0,"player_choice":"Paid","damage_taken":0,"relics_obtained":["Red Mask"],"max_hp_gain":0,"max_hp_loss":0,"event_name":"Tomb of Lord Red Mask","floor":38,"gold_loss":286}],"is_beta":false,"boss_relics":[{"not_picked":["Snecko Eye","Mark of Pain"],"picked":"Orrery"},{"not_picked":["Black Star","Busted Crown"],"picked":"Runic Pyramid"}],"items_purged_floors":[12,21,28],"is_endless":false,"potions_floor_spawned":[5,7,11,14,18,20,29,30,35],"killed_by":"Nemesis","ascension_level":1}