{"path_per_floor":["M","?","?","?","M","R","E","M","T","R","E","R","M","?","R","B",null,"M","?","$","?","M","E","M","?","T","M","M","R","M","?","R"],"character_chosen":"DEFECT","items_purchased":["Cables"],"gold_per_floor":[119,69,69,69,87,87,122,134,434,434,459,459,471,546,546,650,650,662,587,263,363,377,406,419,419,444,454,465,465,484,484,484,484],"floor_reached":33,"campfire_rested":3,"playtime":1260,"item_purchase_floors":[20],"current_hp_per_floor":[68,68,61,66,66,66,57,57,57,57,37,37,37,26,54,37,94,79,79,79,79,68,49,41,41,41,15,5,33,4,4,32,0],"items_purged":["Injury"],"gold":484,"score":355,"play_id":"fe180074-c62c-4f94-accd-a13cfe484da3","local_time":"20180617012739","is_prod":false,"is_daily":false,"chose_seed":false,"is_ascension_mode":true,"campfire_upgraded":3,"win_rate":0,"timestamp":1529170059,"campfire_choices":[{"data":"Coolheaded","floor":6,"key":"SMITH"},{"data":"Redo","floor":10,"key":"SMITH"},{"data":"Dualcast","floor":12,"key":"SMITH"},{"floor":15,"key":"REST"},{"floor":29,"key":"REST"},{"floor":32,"key":"REST"}],"path_taken":["M","?","?","?","M","R","E","M","T","R","E","R","?","?","R","BOSS","M","?","$","?","M","E","?","?","T","?","M","R","M","?","R","BOSS"],"build_version":"2018-06-14v2","seed_source_timestamp":198936582576999,"purchased_purges":1,"victory":false,"master_deck":["Strike_B","Defend_B","Defend_B","Defend_B","Defend_B","Zap+1","Dualcast+1","Ball Lightning","Coolheaded+1","Glacier","Redo+1","FTL","All For One","Parasite","Beam Cell","Doom and Gloom","Tempest+1","Defragment+1"],"max_hp_per_floor":[75,75,75,80,80,80,94,94,94,94,94,94,94,94,94,94,94,94,94,94,94,94,94,94,94,94,94,94,94,94,94,94,94],"relics":["Cracked Core","Mango","Old Coin","Toxic Egg 2","Calling Bell","Bronze Scales","Symbiotic Virus","Girya","Cables","Frozen Egg 2","Orichalcum","Boot"],"card_choices":[{"not_picked":["Scrape","Go for the Eyes"],"picked":"Ball Lightning","floor":1},{"not_picked":["Steam Power","Rip and Tear"],"picked":"Coolheaded","floor":5},{"not_picked":["Steam","All For One"],"picked":"Glacier","floor":7},{"not_picked":["Reinforced Body","Rip and Tear"],"picked":"Redo","floor":8},{"not_picked":["Gash","Chaos"],"picked":"FTL","floor":11},{"not_picked":["Ball Lightning","Barrage","Stack+1"],"picked":"SKIP","floor":13},{"not_picked":["Multi-Cast+1","Seek+1"],"picked":"All For One","floor":16},{"not_picked":["Go for the Eyes","Coolheaded+1","Cold Snap"],"picked":"SKIP","floor":18},{"not_picked":["Genetic Algorithm+1","Steam+1","Darkness+1"],"picked":"SKIP","floor":22},{"not_picked":["Doom and Gloom+1","Recycle+1","Blizzard"],"picked":"SKIP","floor":23},{"not_picked":["Blizzard+1","Stack+1"],"picked":"Beam Cell","floor":24},{"not_picked":["FTL","Ball Lightning","Cold Snap"],"picked":"SKIP","floor":27},{"not_picked":["Hyperbeam","Sweeping Beam"],"picked":"Tempest+1","floor":28},{"not_picked":["Genetic Algorithm+1","Rebound"],"picked":"Defragment+1","floor":30}],"player_experience":455384,"potions_floor_usage":[24,33,33,33],"damage_taken":[{"damage":7,"enemies":"Small Slimes","floor":1,"turns":3},{"damage":0,"enemies":"2 Louse","floor":5,"turns":2},{"damage":23,"enemies":"Lagavulin","floor":7,"turns":7},{"damage":0,"enemies":"Jaw Worm","floor":8,"turns":2},{"damage":20,"enemies":"Gremlin Nob","floor":11,"turns":5},{"damage":0,"enemies":"2 Fungi Beasts","floor":13,"turns":3},{"damage":17,"enemies":"Slime Boss","floor":16,"turns":13},{"damage":15,"enemies":"Chosen","floor":18,"turns":4},{"damage":11,"enemies":"3 Byrds","floor":22,"turns":3},{"damage":19,"enemies":"Book of Stabbing","floor":23,"turns":5},{"damage":8,"enemies":"Slaver and Parasite","floor":24,"turns":5},{"damage":26,"enemies":"Snake Plant","floor":27,"turns":3},{"damage":10,"enemies":"Chosen and Byrds","floor":28,"turns":4},{"damage":29,"enemies":"Centurion and Healer","floor":30,"turns":3},{"damage":39,"enemies":"Collector","floor":33,"turns":6}],"relics_obtained":[{"floor":7,"key":"Mango"},{"floor":9,"key":"Old Coin"},{"floor":11,"key":"Toxic Egg 2"},{"floor":17,"key":"Bronze Scales"},{"floor":17,"key":"Symbiotic Virus"},{"floor":17,"key":"Girya"},{"floor":23,"key":"Frozen Egg 2"},{"floor":26,"key":"Orichalcum"}],"event_choices":[{"event_name":"The Cleric","player_choice":"Card Removal","floor":2,"damage_taken":0},{"event_name":"Golden Wing","player_choice":"Card Removal","floor":3,"damage_taken":0},{"event_name":"Big Fish","player_choice":"Donut","floor":4,"damage_taken":0},{"event_name":"World of Goop","player_choice":"Gather Gold","floor":14,"damage_taken":0},{"event_name":"Beggar","player_choice":"Gave Gold","floor":19,"damage_taken":0},{"event_name":"Golden Shrine","player_choice":"Pray","floor":21,"damage_taken":0},{"event_name":"Transmorgrifier","player_choice":"Transform","floor":25,"damage_taken":0},{"event_name":"Wheel of Change","player_choice":"Relic","floor":31,"damage_taken":0}],"boss_relics":[{"not_picked":["Fusion Hammer","Cursed Key"],"picked":"Calling Bell"}],"items_purged_floors":[20],"is_endless":false,"potions_floor_spawned":[1,13,16,18,27],"seed_played":"-5612114539291843146","killed_by":"Collector","ascension_level":4,"potions_obtained":[{"floor":1,"key":"Energy Potion"},{"floor":13,"key":"Swift Potion"},{"floor":16,"key":"EssenceOfSteel"},{"floor":27,"key":"FocusPotion"}],"is_trial":false}