{"path_per_floor":["M","?","M","M","?","E","$","R","T","R","M","E","?","?","R"],"character_chosen":"DEFECT","items_purchased":["Bag of Preparation"],"gold_per_floor":[110,110,120,131,131,161,12,12,12,12,27,56,156,180,180,180],"floor_reached":16,"campfire_rested":0,"playtime":573,"current_hp_per_floor":[63,63,68,68,56,35,35,35,35,35,45,31,31,39,39,0],"items_purged":[],"gold":180,"score":108,"play_id":"fe59e599-02cc-4561-a76b-2760a4c449a2","local_time":"20180511213954","is_prod":false,"is_daily":false,"chose_seed":false,"is_ascension_mode":false,"campfire_upgraded":3,"timestamp":1526045994,"path_taken":["M","?","M","?","?","E","?","R","T","R","?","E","?","?","R","BOSS"],"build_version":"2018-05-10","seed_source_timestamp":187317776377666,"purchased_purges":0,"victory":false,"master_deck":["Strike_B","Strike_B","Strike_B","Strike_B","Defend_B","Defend_B","Defend_B","Defend_B","Zap+1","Dualcast","Fission+1","Static Discharge+1","Streamline","Ball Lightning","Self Repair"],"max_hp_per_floor":[75,75,80,80,80,80,80,80,80,80,80,80,80,80,80,80],"relics":["Cracked Core","Shuriken","Kunai","Bag of Preparation","Meat on the Bone","Blood Vial","Odd Mushroom"],"card_choices":[{"not_picked":["Stack","Axe Kick"],"picked":"Static Discharge","floor":3},{"not_picked":["Aggregate","Stack"],"picked":"Streamline","floor":4},{"not_picked":["Streamline","Storm"],"picked":"Ball Lightning","floor":11},{"not_picked":["Steam","Fusion"],"picked":"Self Repair","floor":12}],"player_experience":32715,"potions_floor_usage":[3,4,6,11,14,14,16],"damage_taken":[{"damage":12,"enemies":"2 Louse","floor":1,"turns":3},{"damage":0,"enemies":"Cultist","floor":3,"turns":4},{"damage":0,"enemies":"Small Slimes","floor":4,"turns":2},{"damage":21,"enemies":"Gremlin Nob","floor":6,"turns":4},{"damage":2,"enemies":"Gremlin Gang","floor":11,"turns":5},{"damage":26,"enemies":"3 Sentries","floor":12,"turns":5},{"damage":13,"enemies":"The Mushroom Lair","floor":14,"turns":3},{"damage":42,"enemies":"Slime Boss","floor":16,"turns":7}],"event_choices":[{"event_name":"The Lab","player_choice":"Got Potions","floor":2,"damage_taken":0},{"event_name":"Scrap Ooze","player_choice":"success","floor":5,"damage_taken":12},{"event_name":"Golden Shrine","player_choice":"Pray","floor":13,"damage_taken":0},{"event_name":"Mushrooms","player_choice":"Fought Mushrooms","floor":14,"damage_taken":0}],"boss_relics":[],"potions_floor_spawned":[1,3,11,12,14],"seed_played":"5891468417750467359","killed_by":"Slime Boss","ascension_level":0,"is_trial":false}