{"gold_per_floor":[112,112,129,229,108,108,124,159,206,224,224],"floor_reached":11,"playtime":460,"items_purged":["Defend_B"],"score":91,"play_id":"342ae385-6f63-4dba-b977-cdb8aa20691c","local_time":"20181111134300","is_ascension_mode":true,"campfire_choices":[{"data":"Zap","floor":6,"key":"SMITH"}],"neow_cost":"NONE","seed_source_timestamp":157371797716206,"circlet_count":0,"master_deck":["Strike_B","Strike_B","Strike_B","Strike_B","Defend_B","Defend_B","Defend_B","Zap+1","Dualcast","Reinforced Body","Conserve Battery","BootSequence","BootSequence"],"relics":["Cracked Core","NeowsBlessing","Bag of Marbles","DataDisk","Smiling Mask"],"potions_floor_usage":[],"damage_taken":[{"damage":0,"enemies":"Jaw Worm","floor":1,"turns":1},{"damage":0,"enemies":"Small Slimes","floor":3,"turns":1},{"damage":0,"enemies":"Cultist","floor":7,"turns":1},{"damage":37,"enemies":"Lagavulin","floor":8,"turns":7},{"damage":5,"enemies":"Lots of Slimes","floor":10,"turns":4},{"damage":31,"enemies":"Gremlin Nob","floor":11,"turns":4}],"seed_played":"2185961659103559233","potions_obtained":[{"floor":1,"key":"Strength Potion"},{"floor":3,"key":"FearPotion"},{"floor":8,"key":"SneckoOil"}],"is_trial":false,"path_per_floor":["M","?","M","?","$","R","M","E","T","M","E"],"character_chosen":"DEFECT","items_purchased":["Conserve Battery"],"campfire_rested":0,"item_purchase_floors":[5],"current_hp_per_floor":[75,72,72,72,72,72,72,35,35,30,0],"gold":224,"neow_bonus":"THREE_ENEMY_KILL","is_prod":false,"is_daily":false,"chose_seed":false,"campfire_upgraded":1,"win_rate":0,"timestamp":1541972580,"path_taken":["M","?","M","?","$","R","M","E","T","?","E"],"build_version":"2018-11-08","purchased_purges":1,"victory":false,"max_hp_per_floor":[75,75,75,75,75,75,75,75,75,75,75],"card_choices":[{"not_picked":["Aggregate","Redo"],"picked":"Reinforced Body","floor":1},{"not_picked":["Static Discharge","Turbo","Redo"],"picked":"SKIP","floor":3},{"not_picked":["Lockon","Redo"],"picked":"BootSequence","floor":7},{"not_picked":["Beam Cell","Conserve Battery"],"picked":"BootSequence","floor":8},{"not_picked":["Melter","Chaos","Reprogram"],"picked":"SKIP","floor":10}],"player_experience":203867,"relics_obtained":[{"floor":8,"key":"DataDisk"},{"floor":9,"key":"Smiling Mask"}],"event_choices":[{"damage_healed":0,"gold_gain":0,"player_choice":"Success","damage_taken":3,"relics_obtained":["Bag of Marbles"],"max_hp_gain":0,"max_hp_loss":0,"event_name":"Scrap Ooze","floor":2,"gold_loss":0},{"damage_healed":0,"gold_gain":100,"player_choice":"Pray","damage_taken":0,"max_hp_gain":0,"max_hp_loss":0,"event_name":"Golden Shrine","floor":4,"gold_loss":0}],"is_beta":false,"boss_relics":[],"items_purged_floors":[5],"is_endless":false,"potions_floor_spawned":[1,3,8],"killed_by":"Gremlin Nob","ascension_level":5}