{"gold_per_floor":[113,288,306,306,330,330,330,346,346,421,435,435],"floor_reached":12,"playtime":505,"items_purged":[],"score":91,"play_id":"d945927f-ba23-4fd7-ace7-b89582df691e","local_time":"20180928045335","is_ascension_mode":true,"campfire_choices":[{"data":"Unload","floor":6,"key":"SMITH"}],"neow_cost":"NONE","seed_source_timestamp":854402773836662,"circlet_count":0,"master_deck":["Defend_G","Defend_G","Defend_G","Defend_G","Defend_G","Strike_G","Strike_G","Strike_G","Strike_G","Strike_G","Survivor","Neutralize","Unload+1","Deflect","Doubt","Storm of Steel","Crippling Poison","Dodge and Roll+1","Flying Knee"],"relics":["Ring of the Snake","Golden Idol","Toxic Egg 2","Paper Crane"],"potions_floor_usage":[12],"damage_taken":[{"damage":6,"enemies":"2 Louse","floor":1,"turns":3},{"damage":1,"enemies":"Small Slimes","floor":3,"turns":4},{"damage":0,"enemies":"Jaw Worm","floor":5,"turns":6},{"damage":9,"enemies":"Blue Slaver","floor":8,"turns":5},{"damage":8,"enemies":"Looter","floor":11,"turns":4},{"damage":14,"enemies":"Lagavulin","floor":12,"turns":2}],"seed_played":"8884668045942387945","potions_obtained":[{"floor":3,"key":"Strength Potion"}],"is_trial":false,"path_per_floor":["M","?","M","?","M","R","?","M","T","?","M"],"character_chosen":"THE_SILENT","items_purchased":[],"campfire_rested":0,"item_purchase_floors":[],"current_hp_per_floor":[57,57,56,39,39,39,39,30,30,19,11,0],"gold":435,"neow_bonus":"ONE_RANDOM_RARE_CARD","is_prod":false,"is_daily":false,"chose_seed":false,"campfire_upgraded":1,"win_rate":0,"timestamp":1538085215,"path_taken":["M","?","M","?","M","R","?","?","T","?","?","E"],"build_version":"2018-09-20","purchased_purges":0,"victory":false,"max_hp_per_floor":[70,70,70,70,70,70,70,70,70,70,70,70],"card_choices":[{"not_picked":["Bane","Quick Slash"],"picked":"Deflect","floor":1},{"not_picked":["Sucker Punch","Prepared"],"picked":"Storm of Steel","floor":3},{"not_picked":["Bouncing Flask","Calculated Gamble"],"picked":"Crippling Poison","floor":5},{"not_picked":["Masterful Stab","Skewer"],"picked":"Dodge and Roll+1","floor":8},{"not_picked":["Quick Slash","Slice"],"picked":"Flying Knee","floor":11}],"player_experience":227427,"relics_obtained":[{"floor":9,"key":"Paper Crane"}],"event_choices":[{"event_name":"Liars Game","player_choice":"agreed","floor":2,"damage_taken":0},{"event_name":"Golden Idol","player_choice":"Take Damage","floor":4,"damage_taken":0},{"event_name":"Dead Adventurer","player_choice":"Searched \u00273\u0027 times","floor":7,"damage_taken":0},{"event_name":"World of Goop","player_choice":"Gather Gold","floor":10,"damage_taken":0}],"is_beta":false,"boss_relics":[],"items_purged_floors":[],"is_endless":false,"potions_floor_spawned":[3],"killed_by":"Lagavulin","ascension_level":6}