{"gold_per_floor":[112,161,179,189,264,264,281,281,306,332,332,360,370,370,370,470,470,489,489,341,351,13,13,13,13,93,93,93,108,108,140,140,240,240,255,10,27,0,15,15,29,29],"floor_reached":42,"playtime":4270,"items_purged":["Strike_R"],"score":488,"play_id":"ff5bd7f2-133b-413e-8eb6-03cc5f3f37e4","local_time":"20180911192216","is_ascension_mode":true,"campfire_choices":[{"data":"Bash","floor":6,"key":"SMITH"},{"floor":8,"key":"REST"},{"floor":11,"key":"REST"},{"data":"Clothesline","floor":15,"key":"SMITH"},{"data":"Inflame","floor":23,"key":"SMITH"},{"data":"J.A.X.","floor":27,"key":"SMITH"},{"data":"Immolate","floor":30,"key":"SMITH"},{"data":"Sword Boomerang","floor":32,"key":"SMITH"},{"floor":40,"key":"REST"}],"neow_cost":"PERCENT_DAMAGE","seed_source_timestamp":2334291674528275,"circlet_count":0,"master_deck":["Strike_R","Strike_R","Strike_R","Strike_R","Defend_R","Defend_R","Defend_R","Defend_R","Bash+1","Reaper","Sword Boomerang+1","Armaments","True Grit","Clothesline+1","Twin Strike","Pommel Strike","Shrug It Off","Immolate+1","Headbutt","Inflame+1","Disarm","Battle Trance+1","Warcry","J.A.X.+1","Cleave+1","Clothesline+1","Exhume","Sword Boomerang","Chrysalis","Carnage","Shrug It Off","Warcry"],"relics":["Black Blood","Bag of Preparation","Orichalcum","Question Card","Ornamental Fan","Bronze Scales","Busted Crown","FossilizedHelix","Letter Opener","Nilry\u0027s Codex","PreservedInsect"],"potions_floor_usage":[10,18,29,31,33,39,42,42],"damage_taken":[{"damage":1,"enemies":"Cultist","floor":1,"turns":4},{"damage":4,"enemies":"Small Slimes","floor":3,"turns":4},{"damage":1,"enemies":"Jaw Worm","floor":4,"turns":5},{"damage":34,"enemies":"Exordium Thugs","floor":7,"turns":8},{"damage":24,"enemies":"Gremlin Nob","floor":10,"turns":5},{"damage":40,"enemies":"3 Sentries","floor":12,"turns":9},{"damage":4,"enemies":"Exordium Wildlife","floor":13,"turns":3},{"damage":32,"enemies":"Hexaghost","floor":16,"turns":11},{"damage":12,"enemies":"2 Thieves","floor":18,"turns":3},{"damage":0,"enemies":"Chosen","floor":21,"turns":3},{"damage":0,"enemies":"Sentry and Sphere","floor":29,"turns":3},{"damage":11,"enemies":"Gremlin Leader","floor":31,"turns":4},{"damage":37,"enemies":"Collector","floor":33,"turns":7},{"damage":15,"enemies":"3 Shapes","floor":35,"turns":2},{"damage":13,"enemies":"Orb Walker","floor":37,"turns":4},{"damage":30,"enemies":"3 Darklings","floor":39,"turns":4},{"damage":87,"enemies":"Transient","floor":41,"turns":5},{"damage":26,"enemies":"4 Shapes","floor":42,"turns":1}],"seed_played":"-7850475492383544377","potions_obtained":[{"floor":4,"key":"FairyPotion"},{"floor":7,"key":"BloodPotion"},{"floor":12,"key":"SpeedPotion"},{"floor":16,"key":"Energy Potion"},{"floor":21,"key":"AttackPotion"},{"floor":31,"key":"Fire Potion"},{"floor":33,"key":"Poison Potion"},{"floor":37,"key":"Explosive Potion"},{"floor":39,"key":"Strength Potion"},{"floor":41,"key":"BloodPotion"}],"is_trial":false,"path_per_floor":["M","T","M","M","?","R","M","R","T","E","R","E","M","?","R","B",null,"M","?","$","M","$","R","?","?","T","R","?","M","R","E","R","B",null,"M","$","M","$","M","R","M"],"character_chosen":"IRONCLAD","items_purchased":["Disarm","FossilizedHelix","Warcry","Chrysalis","Carnage","Warcry"],"campfire_rested":3,"item_purchase_floors":[20,22,22,36,36,38],"current_hp_per_floor":[61,61,63,72,64,64,42,66,66,56,80,46,56,53,53,28,80,74,74,74,80,80,80,80,80,80,80,64,70,70,80,80,70,80,75,75,72,72,60,80,18,0],"gold":29,"neow_bonus":"THREE_RARE_CARDS","is_prod":false,"is_daily":false,"chose_seed":false,"campfire_upgraded":6,"win_rate":0,"timestamp":1536718936,"path_taken":["M","?","M","M","?","R","?","R","T","E","R","E","M","?","R","BOSS","M","?","$","M","$","R","?","?","T","R","?","?","R","E","R","BOSS","M","$","?","?","M","R","M","?"],"build_version":"2018-09-06","purchased_purges":1,"victory":false,"max_hp_per_floor":[80,80,80,80,80,80,80,80,80,80,80,80,80,80,80,80,80,80,80,80,80,80,80,80,80,80,80,80,80,80,80,80,80,80,80,80,80,80,80,80,80,80],"card_choices":[{"not_picked":["Dark Embrace","Fiend Fire"],"picked":"Reaper","floor":0},{"not_picked":["Clash","Blood for Blood"],"picked":"Sword Boomerang","floor":1},{"not_picked":["Perfected Strike","Thunderclap"],"picked":"Armaments","floor":3},{"not_picked":["Combust","Wild Strike"],"picked":"True Grit","floor":4},{"not_picked":["Evolve","Rage"],"picked":"Clothesline","floor":7},{"not_picked":["True Grit","Rupture"],"picked":"Twin Strike","floor":10},{"not_picked":["Uppercut","Havoc","Entrench"],"picked":"Pommel Strike","floor":12},{"not_picked":["Juggernaut","Headbutt","Seeing Red"],"picked":"Shrug It Off","floor":13},{"not_picked":["Dark Embrace","Brutality","Exhume"],"picked":"Immolate","floor":16},{"not_picked":["Burning Pact"],"picked":"Headbutt","floor":18},{"not_picked":["Hemokinesis"],"picked":"Battle Trance+1","floor":21},{"not_picked":["Clash"],"picked":"Cleave+1","floor":29},{"not_picked":["Cleave"],"picked":"Clothesline+1","floor":31},{"not_picked":["Berserk"],"picked":"Exhume","floor":33},{"not_picked":["Headbutt"],"picked":"Sword Boomerang","floor":35},{"not_picked":["Infernal Blade"],"picked":"Shrug It Off","floor":37},{"not_picked":["Twin Strike+1","Sword Boomerang+1"],"picked":"SKIP","floor":39},{"not_picked":["Disarm+1","Headbutt+1"],"picked":"SKIP","floor":41}],"player_experience":173681,"relics_obtained":[{"floor":2,"key":"Bag of Preparation"},{"floor":9,"key":"Orichalcum"},{"floor":10,"key":"Question Card"},{"floor":12,"key":"Ornamental Fan"},{"floor":26,"key":"Letter Opener"},{"floor":28,"key":"Nilry\u0027s Codex"},{"floor":31,"key":"PreservedInsect"}],"event_choices":[{"event_name":"FaceTrader","player_choice":"Touch","floor":5,"damage_taken":0},{"event_name":"Scrap Ooze","player_choice":"success","floor":14,"damage_taken":3},{"event_name":"The Library","player_choice":"Read","floor":19,"damage_taken":0},{"event_name":"Drug Dealer","player_choice":"Got JAX","floor":24,"damage_taken":0},{"event_name":"Beggar","player_choice":"Ignored","floor":25,"damage_taken":0},{"event_name":"Cursed Tome","player_choice":"Obtained Book","floor":28,"damage_taken":0}],"is_beta":false,"boss_relics":[{"not_picked":["Sozu","Fusion Hammer"],"picked":"Busted Crown"},{"not_picked":["Runic Dome","Pandora\u0027s Box"],"picked":"Black Blood"}],"items_purged_floors":[20],"is_endless":false,"potions_floor_spawned":[4,7,12,16,21,31,33,37,39,41],"killed_by":"4 Shapes","ascension_level":3}