{"gold_per_floor":[116,130,6,6,6,40,40,67,94,94,129,145,125,51,51,125,125,142,142,142,161,171,200,200,229,255,255,255],"floor_reached":28,"playtime":927,"items_purged":[],"score":579,"play_id":"39d3b207-428b-4f4c-b8b1-00188d33ac9e","local_time":"20181221141533","is_ascension_mode":true,"campfire_choices":[{"data":"Zap","floor":7.0,"key":"SMITH"},{"data":"Defragment","floor":15.0,"key":"SMITH"},{"floor":24.0,"key":"REST"},{"data":"Rainbow","floor":27,"key":"SMITH"}],"neow_cost":"NONE","seed_source_timestamp":18873961714592,"circlet_count":0,"master_deck":["AscendersBane","Strike_B","Strike_B+1","Strike_B","Strike_B","Defend_B","Defend_B","Defend_B","Defend_B","Zap+1","Dualcast","FTL+1","Genetic Algorithm+1","FTL","Self Repair","Defragment+1","BootSequence","Chill","Glacier","Seek","Writhe","Leap+1","Ball Lightning+1","Steam","Rainbow+1"],"special_seed":0,"relics":["Cracked Core","NeowsBlessing","Strawberry","Bag of Marbles","Mercury Hourglass","Whetstone","Blue Candle","Bronze Scales","Nuclear Battery","Symbiotic Virus","SsserpentHead","Kunai","Juzu Bracelet","Oddly Smooth Stone"],"potions_floor_usage":[25,25],"damage_taken":[{"damage":0.0,"enemies":"Cultist","floor":1.0,"turns":1.0},{"damage":0.0,"enemies":"Jaw Worm","floor":2.0,"turns":1.0},{"damage":0.0,"enemies":"Lagavulin","floor":6.0,"turns":2.0},{"damage":31.0,"enemies":"3 Sentries","floor":8.0,"turns":8.0},{"damage":20.0,"enemies":"Lagavulin","floor":11.0,"turns":6.0},{"damage":0.0,"enemies":"2 Louse","floor":12.0,"turns":1.0},{"damage":24.0,"enemies":"Hexaghost","floor":16.0,"turns":9.0},{"damage":0.0,"enemies":"Chosen","floor":18.0,"turns":4.0},{"damage":0.0,"enemies":"Spheric Guardian","floor":21.0,"turns":3.0},{"damage":2.0,"enemies":"3 Cultists","floor":22.0,"turns":5.0},{"damage":48.0,"enemies":"Gremlin Leader","floor":23.0,"turns":5.0},{"damage":47,"enemies":"Slavers","floor":25,"turns":5},{"damage":36,"enemies":"Book of Stabbing","floor":28,"turns":4}],"seed_played":"-3225795708876390197","potions_obtained":[{"floor":1.0,"key":"GamblersBrew"},{"floor":2.0,"key":"Weak Potion"},{"floor":11.0,"key":"SneckoOil"},{"floor":13.0,"key":"Swift Potion"},{"floor":16.0,"key":"Regen Potion"},{"floor":18.0,"key":"SteroidPotion"}],"is_trial":false,"path_per_floor":["M","M","$","?","?","E","R","E","T","T","E","M","?","$","R","B",null,"M","?","?","M","M","E","R","E","T","R","E"],"character_chosen":"DEFECT","items_purchased":["FTL","Self Repair","Glacier"],"campfire_rested":1,"item_purchase_floors":[3,3,14],"current_hp_per_floor":[64,64,64,66,66,73,73,49,49,49,36,36,36,36,36,19,63,70,70,70,77,78,37,60,34,34,34,0],"gold":255,"neow_bonus":"THREE_ENEMY_KILL","is_prod":false,"is_daily":false,"chose_seed":false,"campfire_upgraded":3,"win_rate":0,"timestamp":1545398133,"path_taken":["M","?","$","?","?","E","R","E","T","?","E","M","?","$","R","BOSS","M","?","?","M","M","E","R","E","T","R","E"],"build_version":"2018-12-20","purchased_purges":0,"victory":false,"max_hp_per_floor":[71,71,71,78,78,78,78,78,78,78,78,78,78,78,78,78,78,78,78,78,78,78,78,78,78,78,78,78],"card_choices":[{"not_picked":["Loop","Rebound"],"picked":"FTL","floor":1.0},{"not_picked":["Rebound","Stack"],"picked":"Genetic Algorithm","floor":2.0},{"not_picked":["Turbo","Consume","Force Field"],"picked":"SKIP","floor":6.0},{"not_picked":["Turbo","Streamline"],"picked":"Defragment","floor":8.0},{"not_picked":["Melter","Chaos"],"picked":"BootSequence","floor":11.0},{"not_picked":["Rebound","Redo"],"picked":"Chill","floor":12.0},{"not_picked":["All For One","Machine Learning"],"picked":"Seek","floor":16.0},{"not_picked":["Stack","Streamline","Steam"],"picked":"SKIP","floor":18.0},{"not_picked":["Redo","Steam"],"picked":"Leap+1","floor":21.0},{"not_picked":["Redo","Compile Driver"],"picked":"Ball Lightning+1","floor":22.0},{"not_picked":["Redo","Stack"],"picked":"Steam","floor":23.0},{"not_picked":["Static Discharge","Barrage"],"picked":"Rainbow","floor":25}],"player_experience":854801,"relics_obtained":[{"floor":6.0,"key":"Bag of Marbles"},{"floor":8.0,"key":"Mercury Hourglass"},{"floor":9.0,"key":"Whetstone"},{"floor":10.0,"key":"Blue Candle"},{"floor":11.0,"key":"Bronze Scales"},{"floor":23.0,"key":"Kunai"},{"floor":25,"key":"Juzu Bracelet"},{"floor":26,"key":"Oddly Smooth Stone"}],"event_choices":[{"damage_healed":0.0,"max_hp_gain":0.0,"max_hp_loss":0.0,"gold_gain":0.0,"event_name":"Scrap Ooze","player_choice":"Success","floor":4.0,"gold_loss":0.0,"damage_taken":5.0,"relics_obtained":["Strawberry"]},{"damage_healed":0.0,"max_hp_gain":0.0,"max_hp_loss":0.0,"gold_gain":0.0,"event_name":"Living Wall","player_choice":"Grow","floor":5.0,"gold_loss":0.0,"damage_taken":0.0,"cards_upgraded":["Genetic Algorithm"]},{"damage_healed":0.0,"max_hp_gain":0.0,"max_hp_loss":0.0,"gold_gain":0.0,"event_name":"The Woman in Blue","player_choice":"Bought 1 Potion","floor":13.0,"gold_loss":0.0,"damage_taken":0.0},{"damage_healed":0.0,"max_hp_gain":0.0,"max_hp_loss":0.0,"gold_gain":0.0,"event_name":"The Mausoleum","player_choice":"Opened","floor":19.0,"gold_loss":0.0,"damage_taken":0.0,"relics_obtained":["Symbiotic Virus"],"cards_obtained":["Writhe"]},{"damage_healed":0.0,"max_hp_gain":0.0,"max_hp_loss":0.0,"gold_gain":0.0,"event_name":"FaceTrader","player_choice":"Trade","floor":20.0,"gold_loss":0.0,"damage_taken":0.0,"relics_obtained":["SsserpentHead"]}],"is_beta":true,"boss_relics":[{"not_picked":["Tiny House","Lizard Tail"],"picked":"Nuclear Battery"}],"items_purged_floors":[],"is_endless":false,"potions_floor_spawned":[1,2,11,16,18],"killed_by":"Book of Stabbing","ascension_level":19}