{"gold_per_floor":[119,119,132,132,145,145,164,164,209,222,247,265,265,265,277,408,420,456,468,463,475,25,25,38,38],"floor_reached":25,"playtime":1370,"items_purged":["Pain"],"score":234,"play_id":"f5d4fff6-dc91-4ce3-b54e-76a36692381c","local_time":"20190112162444","is_ascension_mode":true,"campfire_choices":[{"data":"Shrug It Off","floor":6,"key":"SMITH"},{"data":"Bash","floor":8,"key":"SMITH"},{"data":"Battle Trance","floor":15,"key":"SMITH"},{"data":"Apotheosis","floor":23,"key":"SMITH"}],"neow_cost":"NONE","seed_source_timestamp":215080079687969,"circlet_count":0,"master_deck":["Strike_R+1","Strike_R","Strike_R","Strike_R+1","Strike_R","Defend_R","Defend_R","Defend_R","Defend_R","Bash+1","Shrug It Off+1","Battle Trance+1","Shrug It Off","Uppercut","Apotheosis+1","Flame Barrier"],"relics":["Coffee Dripper","Golden Idol","WarpedTongs","Happy Flower","MawBank","Lizard Tail","Whetstone"],"potions_floor_usage":[16,16,16,16,16,16,16,16,16,24],"damage_taken":[{"damage":10,"enemies":"2 Louse","floor":1,"turns":2},{"damage":1,"enemies":"Cultist","floor":3,"turns":3},{"damage":4,"enemies":"Jaw Worm","floor":5,"turns":3},{"damage":5,"enemies":"Blue Slaver","floor":7,"turns":4},{"damage":10,"enemies":"Gremlin Gang","floor":10,"turns":6},{"damage":8,"enemies":"Large Slime","floor":11,"turns":5},{"damage":20,"enemies":"Lots of Slimes","floor":12,"turns":7},{"damage":12,"enemies":"Hexaghost","floor":16,"turns":9},{"damage":25,"enemies":"Shell Parasite","floor":18,"turns":10},{"damage":6,"enemies":"2 Thieves","floor":20,"turns":4},{"damage":22,"enemies":"Chosen and Byrds","floor":24,"turns":6},{"damage":62,"enemies":"Gremlin Leader","floor":25,"turns":6}],"seed_played":"1426665586733328133","potions_obtained":[{"floor":5,"key":"Weak Potion"},{"floor":7,"key":"SpeedPotion"},{"floor":10,"key":"BloodPotion"},{"floor":11,"key":"Regen Potion"},{"floor":12,"key":"EntropicBrew"},{"floor":20,"key":"Fire Potion"}],"is_trial":false,"path_per_floor":["M","?","M","?","M","R","M","R","T","M","M","M","?","T","R","B",null,"M","?","M","?","$","R","M","E"],"character_chosen":"IRONCLAD","items_purchased":["Apotheosis","Flame Barrier","Whetstone"],"campfire_rested":0,"item_purchase_floors":[22,22,22],"current_hp_per_floor":[70,50,49,49,45,45,40,40,40,30,22,2,2,2,2,80,80,55,47,41,41,41,41,19,0],"gold":38,"neow_bonus":"BOSS_RELIC","is_prod":false,"is_daily":false,"chose_seed":false,"campfire_upgraded":4,"win_rate":0,"timestamp":1547331884,"path_taken":["M","?","M","?","M","R","M","R","T","M","?","M","?","?","R","BOSS","M","?","?","?","$","R","?","E"],"build_version":"2019-01-10","purchased_purges":1,"victory":false,"max_hp_per_floor":[80,80,80,80,80,80,80,80,80,80,80,80,80,80,80,80,80,80,80,80,80,80,80,80,80],"card_choices":[{"not_picked":["Headbutt","Warcry"],"picked":"Shrug It Off","floor":1},{"not_picked":["Sever Soul","Cleave","True Grit"],"picked":"SKIP","floor":3},{"not_picked":["Heavy Blade","Sword Boomerang","Cleave"],"picked":"SKIP","floor":5},{"not_picked":["Fiend Fire","Headbutt","Warcry"],"picked":"SKIP","floor":7},{"not_picked":["Iron Wave","Body Slam","Reckless Charge"],"picked":"SKIP","floor":10},{"not_picked":["Dual Wield","Bloodletting","Thunderclap"],"picked":"SKIP","floor":11},{"not_picked":["Shrug It Off","Fiend Fire"],"picked":"Battle Trance","floor":12},{"not_picked":["Carnage","Clash"],"picked":"Shrug It Off","floor":18},{"not_picked":["Warcry","Cleave"],"picked":"Uppercut","floor":20},{"not_picked":["Headbutt+1","Sword Boomerang","Pommel Strike"],"picked":"SKIP","floor":24}],"player_experience":1036564,"relics_obtained":[{"floor":9,"key":"Happy Flower"},{"floor":14,"key":"MawBank"}],"event_choices":[{"damage_healed":0,"gold_gain":0,"player_choice":"Take Damage","damage_taken":20,"relics_obtained":["Golden Idol"],"max_hp_gain":0,"max_hp_loss":0,"event_name":"Golden Idol","floor":2,"gold_loss":0},{"damage_healed":0,"gold_gain":0,"player_choice":"Rummage","damage_taken":0,"relics_obtained":["WarpedTongs"],"max_hp_gain":0,"max_hp_loss":0,"event_name":"Accursed Blacksmith","floor":4,"gold_loss":0,"cards_obtained":["Pain"]},{"damage_healed":0,"gold_gain":0,"player_choice":"Ignored","damage_taken":0,"max_hp_gain":0,"max_hp_loss":0,"event_name":"Liars Game","floor":13,"gold_loss":0},{"damage_healed":0,"gold_gain":0,"player_choice":"","damage_taken":8,"max_hp_gain":0,"max_hp_loss":0,"event_name":"Knowing Skull","floor":19,"potions_obtained":[],"gold_loss":0,"cards_obtained":[]},{"damage_healed":0,"gold_gain":0,"player_choice":"Bought 0 Potions","damage_taken":0,"max_hp_gain":0,"max_hp_loss":0,"event_name":"The Woman in Blue","floor":21,"gold_loss":0}],"is_beta":false,"boss_relics":[{"not_picked":["Eternal Feather","Ectoplasm"],"picked":"Lizard Tail"}],"items_purged_floors":[22],"is_endless":false,"potions_floor_spawned":[5,7,10,11,12,20],"killed_by":"Gremlin Leader","ascension_level":4}