{"gold_per_floor":[111,286,67,80,80,80,109,109,109,109,124,157,157,168,168,263,263,275,275,286,91,61,61,73,73,98,132,132,144,158,170,170,275,275,291,342,42,56,56,91,91,117,117,117,152,163,190,140,140,140],"floor_reached":51,"playtime":1940,"items_purged":["Doubt","Defend_R"],"score":1055,"play_id":"933d402f-a3e4-4ae3-a767-abb723cf5665","local_time":"20190221012548","is_ascension_mode":true,"campfire_choices":[{"data":"Armaments","floor":6,"key":"SMITH"},{"data":"Bash","floor":8,"key":"SMITH"},{"data":"Perfected Strike","floor":15,"key":"SMITH"},{"data":"Double Tap","floor":23,"key":"SMITH"},{"data":"Spot Weakness","floor":25,"key":"SMITH"},{"data":"Intimidate","floor":32,"key":"SMITH"},{"data":"1","floor":41,"key":"LIFT"},{"data":"2","floor":44,"key":"LIFT"},{"data":"3","floor":49,"key":"LIFT"}],"neow_cost":"NONE","seed_source_timestamp":332626699912706,"circlet_count":0,"master_deck":["Strike_R","Strike_R","Strike_R","Strike_R","Strike_R","Defend_R","Defend_R+1","Defend_R","Bash+1","Perfected Strike+1","Perfected Strike+1","Armaments+1","Battle Trance+1","Perfected Strike+1","Clothesline+1","Reaper+1","Spot Weakness+1","Necronomicurse","Shrug It Off+1","Double Tap+1","Twin Strike+1","Twin Strike+1","Intimidate+1","Intimidate+1","Seeing Red+1","Thunderclap+1","Perfected Strike+1","Twin Strike+1","Power Through+1","Perfected Strike+1","Pommel Strike+1"],"relics":["Burning Blood","NeowsBlessing","Ancient Tea Set","Dodecahedron","Molten Egg 2","Orichalcum","Coffee Dripper","Necronomicon","Potion Belt","Strawberry","Black Star","Girya","Frozen Eye","Magic Flower","Regal Pillow","Pantograph","Omamori","Boot","Nunchaku","Mercury Hourglass","Bottled Lightning","Paper Frog","War Paint"],"potions_floor_usage":[20,35,36,40,40,40,40,42,50,50,50,50],"damage_taken":[{"damage":0,"enemies":"Cultist","floor":1,"turns":1},{"damage":0,"enemies":"Small Slimes","floor":4,"turns":1},{"damage":0,"enemies":"Lagavulin","floor":7,"turns":1},{"damage":0,"enemies":"2 Louse","floor":11,"turns":1},{"damage":14,"enemies":"Gremlin Nob","floor":12,"turns":3},{"damage":0,"enemies":"Exordium Wildlife","floor":14,"turns":3},{"damage":39,"enemies":"The Guardian","floor":16,"turns":7},{"damage":6,"enemies":"Chosen","floor":18,"turns":3},{"damage":9,"enemies":"3 Byrds","floor":20,"turns":3},{"damage":0,"enemies":"Snecko","floor":24,"turns":2},{"damage":0,"enemies":"Gremlin Leader","floor":27,"turns":2},{"damage":2,"enemies":"Chosen and Byrds","floor":29,"turns":3},{"damage":0,"enemies":"Shelled Parasite and Fungi","floor":30,"turns":2},{"damage":0,"enemies":"Snake Plant","floor":31,"turns":1},{"damage":24,"enemies":"Collector","floor":33,"turns":4},{"damage":1,"enemies":"3 Darklings","floor":35,"turns":3},{"damage":14,"enemies":"2 Orb Walkers","floor":36,"turns":3},{"damage":5,"enemies":"3 Shapes","floor":38,"turns":6},{"damage":16,"enemies":"Giant Head","floor":40,"turns":6},{"damage":0,"enemies":"Reptomancer","floor":42,"turns":3},{"damage":0,"enemies":"Giant Head","floor":45,"turns":3},{"damage":0,"enemies":"3 Darklings","floor":46,"turns":2},{"damage":0,"enemies":"Nemesis","floor":47,"turns":1},{"damage":31,"enemies":"Time Eater","floor":50,"turns":4}],"seed_played":"5382904349479289043","potions_obtained":[{"floor":1,"key":"Dexterity Potion"},{"floor":4,"key":"LiquidBronze"},{"floor":22,"key":"BloodPotion"},{"floor":22,"key":"FairyPotion"},{"floor":24,"key":"Dexterity Potion"},{"floor":30,"key":"GamblersBrew"},{"floor":33,"key":"SkillPotion"},{"floor":36,"key":"Fire Potion"},{"floor":38,"key":"EntropicBrew"},{"floor":46,"key":"SpeedPotion"}],"is_trial":false,"path_per_floor":["M","?","$","M","?","R","E","R","T","?","M","E","?","M","R","B",null,"M","?","M","$","?","R","M","R","T","E","?","M","M","M","R","B",null,"M","?","$","M","T","E","R","E","T","R","E","M","E","$","R","B",null],"character_chosen":"IRONCLAD","items_purchased":["Perfected Strike","Armaments","Battle Trance","Double Tap","Twin Strike+1","Frozen Eye","SkillPotion"],"campfire_rested":0,"item_purchase_floors":[3,3,3,21,21,37,48],"current_hp_per_floor":[80,80,80,80,47,47,53,53,53,53,59,51,56,62,62,29,85,85,69,79,79,79,79,85,85,85,92,83,92,92,92,92,74,92,92,84,84,92,92,85,85,92,92,92,92,92,92,92,92,70],"gold":140,"neow_bonus":"THREE_ENEMY_KILL","is_prod":false,"is_daily":false,"chose_seed":false,"campfire_upgraded":6,"win_rate":0,"timestamp":1550679948,"path_taken":["M","?","$","M","?","R","E","R","T","?","M","E","?","M","R","BOSS","M","?","M","$","?","R","?","R","T","E","?","M","M","?","R","BOSS","M","?","$","M","?","E","R","E","T","R","E","M","E","?","R","BOSS"],"build_version":"2019-01-23","purchased_purges":2,"victory":true,"max_hp_per_floor":[80,80,80,80,80,80,80,80,80,80,80,80,85,85,85,85,85,85,85,85,85,85,85,85,85,85,92,92,92,92,92,92,92,92,92,92,92,92,92,92,92,92,92,92,92,92,92,92,92,92],"card_choices":[{"not_picked":["Headbutt","Anger"],"picked":"Perfected Strike","floor":1},{"not_picked":["Flex","Armaments","Body Slam"],"picked":"SKIP","floor":4},{"not_picked":["Second Wind","Fiend Fire","Body Slam"],"picked":"SKIP","floor":7},{"not_picked":["Warcry","Twin Strike+1"],"picked":"Perfected Strike+1","floor":11},{"not_picked":["Blood for Blood+1","Pummel+1","Inflame"],"picked":"SKIP","floor":12},{"not_picked":["Heavy Blade+1","Anger+1"],"picked":"Clothesline+1","floor":14},{"not_picked":["Feed+1","Limit Break"],"picked":"Reaper+1","floor":16},{"not_picked":["Uppercut+1","Iron Wave+1"],"picked":"Spot Weakness","floor":18},{"not_picked":["Warcry","Rampage+1"],"picked":"Shrug It Off+1","floor":20},{"not_picked":["Reckless Charge+1","Armaments","Iron Wave+1"],"picked":"SKIP","floor":24},{"not_picked":["Rupture","Pummel+1"],"picked":"Twin Strike+1","floor":27},{"not_picked":["Warcry","Armaments"],"picked":"Intimidate","floor":29},{"not_picked":["Clash+1","Juggernaut","Intimidate+1"],"picked":"SKIP","floor":30},{"not_picked":["Clash+1","Juggernaut"],"picked":"Intimidate+1","floor":30},{"not_picked":["Hemokinesis+1","Warcry"],"picked":"Seeing Red+1","floor":31},{"not_picked":["Cleave+1","Shrug It Off+1"],"picked":"Thunderclap+1","floor":35},{"not_picked":["Headbutt+1","Iron Wave+1"],"picked":"Perfected Strike+1","floor":36},{"not_picked":["Iron Wave+1","Body Slam+1"],"picked":"Twin Strike+1","floor":38},{"not_picked":["Ghostly Armor","Clash+1"],"picked":"Power Through+1","floor":40},{"not_picked":["Flex+1","Rupture","Cleave+1"],"picked":"SKIP","floor":42},{"not_picked":["Uppercut+1","Body Slam+1"],"picked":"Perfected Strike+1","floor":45},{"not_picked":["Burning Pact","Fiend Fire+1"],"picked":"Pommel Strike+1","floor":46},{"not_picked":["Warcry","Entrench","Clothesline+1"],"picked":"SKIP","floor":47}],"player_experience":9429,"relics_obtained":[{"floor":7,"key":"Dodecahedron"},{"floor":9,"key":"Molten Egg 2"},{"floor":12,"key":"Orichalcum"},{"floor":19,"key":"Necronomicon"},{"floor":26,"key":"Potion Belt"},{"floor":27,"key":"Strawberry"},{"floor":36,"key":"Girya"},{"floor":39,"key":"Magic Flower"},{"floor":40,"key":"Regal Pillow"},{"floor":40,"key":"Pantograph"},{"floor":42,"key":"Omamori"},{"floor":42,"key":"Boot"},{"floor":43,"key":"Nunchaku"},{"floor":45,"key":"Mercury Hourglass"},{"floor":45,"key":"Bottled Lightning"},{"floor":47,"key":"Paper Frog"},{"floor":47,"key":"War Paint"}],"event_choices":[{"damage_healed":0,"gold_gain":175,"player_choice":"AGREE","damage_taken":0,"max_hp_gain":0,"max_hp_loss":0,"event_name":"Liars Game","floor":2,"gold_loss":0,"cards_obtained":["Doubt"]},{"damage_healed":0,"gold_gain":0,"player_choice":"Success","damage_taken":33,"relics_obtained":["Ancient Tea Set"],"max_hp_gain":0,"max_hp_loss":0,"event_name":"Scrap Ooze","floor":5,"gold_loss":0},{"damage_healed":0,"gold_gain":0,"player_choice":"Grow","damage_taken":0,"max_hp_gain":0,"max_hp_loss":0,"event_name":"Living Wall","floor":10,"gold_loss":0,"cards_upgraded":["Perfected Strike"]},{"damage_healed":0,"gold_gain":0,"player_choice":"Donut","damage_taken":0,"max_hp_gain":5,"max_hp_loss":0,"event_name":"Big Fish","floor":13,"gold_loss":0},{"damage_healed":0,"gold_gain":0,"player_choice":"Obtained Book","damage_taken":16,"max_hp_gain":0,"max_hp_loss":0,"event_name":"Cursed Tome","floor":19,"gold_loss":0},{"damage_healed":0,"gold_gain":0,"player_choice":"Bought 2 Potions","damage_taken":0,"max_hp_gain":0,"max_hp_loss":0,"event_name":"The Woman in Blue","floor":22,"gold_loss":0},{"damage_healed":0,"gold_gain":0,"player_choice":"Damaged","damage_taken":9,"max_hp_gain":0,"max_hp_loss":0,"event_name":"Wheel of Change","floor":28,"gold_loss":0},{"damage_healed":0,"gold_gain":0,"player_choice":"Fight","damage_taken":0,"max_hp_gain":0,"max_hp_loss":0,"event_name":"Mysterious Sphere","floor":36,"gold_loss":0}],"is_beta":false,"boss_relics":[{"not_picked":["Ectoplasm","Philosopher\u0027s Stone"],"picked":"Coffee Dripper"},{"not_picked":["Black Blood","Runic Pyramid"],"picked":"Black Star"}],"items_purged_floors":[3,37],"is_endless":false,"potions_floor_spawned":[1,4,24,30,33,36,38,46],"ascension_level":2}