{"gold_per_floor":[211,16,16,31,44,44,70,148,148,16,16,29,59,74,74,151,201,219,239,239,249,266,266,266,266,266,266,181,213,229,77,77,77],"floor_reached":33,"playtime":1190,"items_purged":["Writhe"],"score":481,"play_id":"848b3d7f-ac5b-4612-bc6b-986f1efc5187","local_time":"20190301030610","is_ascension_mode":true,"campfire_choices":[{"data":"Rampage","floor":6.0,"key":"SMITH"},{"data":"Havoc","floor":15.0,"key":"SMITH"},{"floor":23.0,"key":"REST"},{"data":"Double Tap","floor":25.0,"key":"SMITH"},{"floor":32.0,"key":"REST"}],"neow_cost":"NONE","seed_source_timestamp":593375946838482,"circlet_count":0,"master_deck":["AscendersBane","Strike_R","Strike_R","Strike_R","Strike_R","Strike_R","Defend_R","Defend_R","Defend_R","Defend_R","Bash","Whirlwind","Rampage+1","Headbutt+1","Flash of Steel","Dual Wield","Disarm","Havoc+1","Impervious","Battle Trance","Double Tap+1","Warcry","Disarm","Corruption+1"],"special_seed":0,"relics":["Burning Blood","Vajra","Potion Belt","Kunai","PreservedInsect","Red Skull","Tiny House","Happy Flower","Self Forming Clay","Frozen Egg 2","Meat on the Bone","Blood Vial"],"potions_floor_usage":[33,33],"damage_taken":[{"damage":0.0,"enemies":"Small Slimes","floor":1.0,"turns":3.0},{"damage":7.0,"enemies":"Jaw Worm","floor":4.0,"turns":4.0},{"damage":7.0,"enemies":"2 Louse","floor":5.0,"turns":3.0},{"damage":30.0,"enemies":"Lagavulin","floor":7.0,"turns":4.0},{"damage":0.0,"enemies":"Large Slime","floor":12.0,"turns":4.0},{"damage":10.0,"enemies":"3 Sentries","floor":13.0,"turns":3.0},{"damage":8.0,"enemies":"Blue Slaver","floor":14.0,"turns":3.0},{"damage":28.0,"enemies":"Hexaghost","floor":16.0,"turns":7.0},{"damage":12.0,"enemies":"Chosen","floor":18.0,"turns":5.0},{"damage":11.0,"enemies":"Spheric Guardian","floor":19.0,"turns":4.0},{"damage":18.0,"enemies":"Snake Plant","floor":21.0,"turns":4.0},{"damage":31.0,"enemies":"Centurion and Healer","floor":22.0,"turns":6.0},{"damage":54.0,"enemies":"Slavers","floor":29.0,"turns":6.0},{"damage":0.0,"enemies":"Snecko","floor":30.0,"turns":2.0},{"damage":80,"enemies":"Automaton","floor":33,"turns":6}],"seed_played":"-724328206779548399","potions_obtained":[{"floor":1.0,"key":"SkillPotion"},{"floor":5.0,"key":"Poison Potion"},{"floor":7.0,"key":"SkillPotion"},{"floor":12.0,"key":"Regen Potion"},{"floor":14.0,"key":"PowerPotion"},{"floor":16.0,"key":"SteroidPotion"},{"floor":22.0,"key":"Weak Potion"},{"floor":29.0,"key":"Fire Potion"},{"floor":30.0,"key":"Swift Potion"}],"is_trial":false,"path_per_floor":["M","$","?","M","M","R","E","T","T","$","$","M","E","M","R","B",null,"M","M","?","M","M","R","?","R","T","T","?","E","M","$","R","B"],"character_chosen":"IRONCLAD","items_purchased":["Vajra","Rampage","Flash of Steel","Dual Wield","Corruption+1"],"campfire_rested":2,"item_purchase_floors":[2,2,10,10,31],"current_hp_per_floor":[74,74,74,73,72,72,48,48,48,48,48,54,50,48,48,26,68,76,71,71,59,34,58,58,58,58,58,58,22,42,42,66,0],"gold":77,"neow_bonus":"HUNDRED_GOLD","is_prod":false,"is_daily":false,"chose_seed":false,"campfire_upgraded":3,"win_rate":0,"timestamp":1551377170,"path_taken":["M","$","?","M","M","R","E","?","T","?","$","M","E","M","R","BOSS","M","M","?","M","M","R","?","R","T","?","?","E","M","$","R","BOSS"],"build_version":"2019-01-23","purchased_purges":1,"victory":false,"max_hp_per_floor":[75,75,75,75,75,75,75,75,75,75,75,75,75,75,75,75,80,80,80,80,80,80,80,80,80,80,80,80,80,80,80,80,80],"card_choices":[{"not_picked":["Hemokinesis","Clash"],"picked":"Whirlwind","floor":1.0},{"not_picked":["Iron Wave","True Grit"],"picked":"Headbutt","floor":4.0},{"not_picked":["Carnage","Cleave","Sword Boomerang"],"picked":"SKIP","floor":5.0},{"not_picked":["Havoc","Inflame","Dual Wield"],"picked":"SKIP","floor":7.0},{"not_picked":["Warcry","Feel No Pain"],"picked":"Disarm","floor":12.0},{"not_picked":["Heavy Blade","Headbutt","Metallicize"],"picked":"SKIP","floor":13.0},{"not_picked":["Reckless Charge","Anger","Havoc"],"picked":"SKIP","floor":14.0},{"not_picked":["Reckless Charge","Anger"],"picked":"Havoc","floor":14.0},{"not_picked":["Berserk","Demon Form"],"picked":"Impervious","floor":16.0},{"not_picked":["Heavy Blade","Wild Strike"],"picked":"Battle Trance","floor":18.0},{"not_picked":["Wild Strike","Bloodletting","Havoc"],"picked":"SKIP","floor":19.0},{"not_picked":["Sever Soul","Thunderclap","Iron Wave"],"picked":"SKIP","floor":21.0},{"not_picked":["Disarm","Carnage"],"picked":"Double Tap","floor":22.0},{"not_picked":["Sword Boomerang","Havoc"],"picked":"Warcry","floor":29.0},{"not_picked":["Battle Trance","Iron Wave"],"picked":"Disarm","floor":30.0}],"player_experience":148197,"relics_obtained":[{"floor":7.0,"key":"Potion Belt"},{"floor":8.0,"key":"Kunai"},{"floor":9.0,"key":"PreservedInsect"},{"floor":13.0,"key":"Red Skull"},{"floor":26.0,"key":"Self Forming Clay"},{"floor":27.0,"key":"Frozen Egg 2"},{"floor":29.0,"key":"Blood Vial"}],"event_choices":[{"damage_healed":0.0,"max_hp_gain":0.0,"max_hp_loss":0.0,"gold_gain":0.0,"event_name":"The Cleric","player_choice":"Leave","floor":3.0,"gold_loss":0.0,"damage_taken":0.0},{"damage_healed":0.0,"max_hp_gain":0.0,"max_hp_loss":0.0,"gold_gain":0.0,"event_name":"Vampires","player_choice":"Ignored","floor":20.0,"gold_loss":0.0,"damage_taken":0.0},{"damage_healed":0.0,"max_hp_gain":0.0,"max_hp_loss":0.0,"gold_gain":0.0,"event_name":"The Mausoleum","player_choice":"Opened","floor":24.0,"gold_loss":0.0,"damage_taken":0.0,"relics_obtained":["Happy Flower"],"cards_obtained":["Writhe"]},{"damage_healed":0.0,"max_hp_gain":0.0,"max_hp_loss":0.0,"gold_gain":0.0,"event_name":"Addict","player_choice":"Obtained Relic","floor":28.0,"gold_loss":85.0,"damage_taken":0.0,"relics_obtained":["Meat on the Bone"]}],"is_beta":false,"boss_relics":[{"not_picked":["Velvet Choker","Eternal Feather"],"picked":"Tiny House"}],"items_purged_floors":[31],"is_endless":false,"potions_floor_spawned":[1,5,7,12,14,16,22,29,30],"killed_by":"Automaton","ascension_level":15}