{"path_per_floor":["M","?","?","M","$","R","M","$","T","E","R","T","R","M","R"],"character_chosen":"DEFECT","items_purchased":["Unceasing Top"],"gold_per_floor":[119,294,369,386,7,7,24,24,50,83,83,83,83,99,99,99],"floor_reached":16,"campfire_rested":2,"playtime":340,"item_purchase_floors":[5],"current_hp_per_floor":[63,63,52,37,37,59,54,54,54,11,33,33,33,31,31,0],"items_purged":["Doubt"],"gold":99,"score":108,"play_id":"2ea01b73-11e1-4298-a6f1-a1181f18c353","local_time":"20180523205805","is_prod":false,"is_daily":false,"chose_seed":false,"is_ascension_mode":true,"campfire_upgraded":2,"win_rate":0.09090909,"timestamp":1527080285,"campfire_choices":[{"floor":6,"key":"REST"},{"floor":11,"key":"REST"},{"data":"Double Energy","floor":13,"key":"SMITH"},{"data":"Zap","floor":15,"key":"SMITH"}],"path_taken":["M","?","?","?","?","R","M","$","T","E","R","?","R","M","R","BOSS"],"build_version":"2018-05-22","seed_source_timestamp":445300570936610,"purchased_purges":1,"victory":false,"master_deck":["Strike_B","Strike_B","Strike_B","Strike_B","Defend_B","Defend_B","Defend_B","Defend_B","Zap+1","Dualcast","Blizzard","Double Energy+1","Beam Cell","All For One","Loop"],"max_hp_per_floor":[75,75,75,75,75,75,75,75,75,75,75,75,75,75,75,75],"relics":["Cracked Core","Unceasing Top","Potion Belt","Pen Nib","Oddly Smooth Stone"],"card_choices":[{"not_picked":["Axe Kick","Capacitor"],"picked":"Blizzard","floor":1},{"not_picked":["Stack","Capacitor"],"picked":"Double Energy","floor":4},{"not_picked":["Rip and Tear","Capacitor"],"picked":"Beam Cell","floor":7},{"not_picked":["Lockon","Leap"],"picked":"All For One","floor":10},{"not_picked":["Turbo","Static Discharge"],"picked":"Loop","floor":14}],"player_experience":48371,"potions_floor_usage":[10],"damage_taken":[{"damage":12,"enemies":"Jaw Worm","floor":1,"turns":2},{"damage":15,"enemies":"2 Louse","floor":4,"turns":2},{"damage":5,"enemies":"Cultist","floor":7,"turns":4},{"damage":43,"enemies":"Lagavulin","floor":10,"turns":7},{"damage":2,"enemies":"Red Slaver","floor":14,"turns":3},{"damage":35,"enemies":"Hexaghost","floor":16,"turns":9}],"relics_obtained":[{"floor":9,"key":"Potion Belt"},{"floor":10,"key":"Pen Nib"},{"floor":12,"key":"Oddly Smooth Stone"}],"event_choices":[{"event_name":"Liars Game","player_choice":"agreed","floor":2,"damage_taken":0},{"event_name":"World of Goop","player_choice":"Gather Gold","floor":3,"damage_taken":0}],"boss_relics":[],"items_purged_floors":[5],"potions_floor_spawned":[4,10,14],"seed_played":"-127337422210793131","killed_by":"Hexaghost","ascension_level":2,"potions_obtained":[{"floor":4,"key":"Block Potion"},{"floor":10,"key":"FearPotion"},{"floor":14,"key":"Ancient Potion"}],"is_trial":false}