{"gold_per_floor":[113,113,213,229,242,242,272,272,272,301,301,321,333,358,358,456,456,470,486,164,89,121,121,153,153,153,178,228,246,274,284,284,381,381,394,411,425,425,439,439,439,439,463,475,475,47,63,83,83,83,83,83,35,62,62],"floor_reached":55,"playtime":4055,"items_purged":["Strike_R"],"score":1095,"play_id":"ac57fc10-a8c4-4ef3-9e1e-dd55a2e03dfa","local_time":"20190221185140","is_ascension_mode":true,"campfire_choices":[{"data":"Uppercut","floor":6.0,"key":"SMITH"},{"data":"Entrench","floor":8.0,"key":"SMITH"},{"data":"Bash","floor":11.0,"key":"SMITH"},{"data":"Seeing Red","floor":15.0,"key":"SMITH"},{"data":"Pommel Strike","floor":23.0,"key":"SMITH"},{"data":"Clothesline","floor":25.0,"key":"SMITH"},{"floor":32.0,"key":"REST"},{"floor":40.0,"key":"REST"},{"data":"Evolve","floor":42.0,"key":"SMITH"},{"floor":49.0,"key":"RECALL"},{"data":"Inflame","floor":52.0,"key":"SMITH"}],"neow_cost":"NONE","seed_source_timestamp":577935261064210,"circlet_count":0,"master_deck":["Strike_R","Strike_R","Strike_R","Defend_R","Defend_R","Defend_R","Defend_R","Bash+1","Seeing Red+1","Clothesline+1","Uppercut+1","Entrench+1","Pommel Strike+1","Power Through+1","Spot Weakness+1","Limit Break+1","Double Tap+1","Shrug It Off+1","Disarm+1","Immolate","Bandage Up+1","Spot Weakness+1","True Grit+1","Warcry+1","Battle Trance+1","Shockwave+1","Body Slam+1","Impervious+1","Ghostly Armor+1","Evolve+1","Shrug It Off+1","Apotheosis+1","Regret","Exhume+1","Inflame+1","Sword Boomerang+1","Twin Strike+1"],"special_seed":0,"relics":["Burning Blood","Mercury Hourglass","Toxic Egg 2","Meat on the Bone","FossilizedHelix","Cursed Key","Red Mask","Singing Bowl","Molten Egg 2","Pear","Smiling Mask","Lizard Tail","Spirit Poop","ClockworkSouvenir","Paper Frog"],"potions_floor_usage":[55,55],"damage_taken":[{"damage":4.0,"enemies":"Small Slimes","floor":1.0,"turns":5.0},{"damage":2.0,"enemies":"2 Louse","floor":4.0,"turns":3.0},{"damage":0.0,"enemies":"Cultist","floor":5.0,"turns":3.0},{"damage":32.0,"enemies":"3 Sentries","floor":7.0,"turns":10.0},{"damage":18.0,"enemies":"Gremlin Nob","floor":10.0,"turns":4.0},{"damage":13.0,"enemies":"Blue Slaver","floor":12.0,"turns":3.0},{"damage":23.0,"enemies":"Large Slime","floor":13.0,"turns":6.0},{"damage":15.0,"enemies":"Lagavulin","floor":14.0,"turns":6.0},{"damage":0.0,"enemies":"Slime Boss","floor":16.0,"turns":6.0},{"damage":0.0,"enemies":"Shell Parasite","floor":18.0,"turns":6.0},{"damage":11.0,"enemies":"Spheric Guardian","floor":19.0,"turns":5.0},{"damage":16.0,"enemies":"Masked Bandits","floor":22.0,"turns":4.0},{"damage":10.0,"enemies":"Gremlin Leader","floor":24.0,"turns":5.0},{"damage":14.0,"enemies":"Book of Stabbing","floor":27.0,"turns":5.0},{"damage":21.0,"enemies":"Snecko","floor":29.0,"turns":5.0},{"damage":45.0,"enemies":"Gremlin Leader","floor":30.0,"turns":6.0},{"damage":8.0,"enemies":"Shelled Parasite and Fungi","floor":31.0,"turns":4.0},{"damage":23.0,"enemies":"Champ","floor":33.0,"turns":7.0},{"damage":8.0,"enemies":"Orb Walker","floor":35.0,"turns":3.0},{"damage":12.0,"enemies":"3 Shapes","floor":36.0,"turns":5.0},{"damage":56.0,"enemies":"Writhing Mass","floor":37.0,"turns":8.0},{"damage":43.0,"enemies":"Spire Growth","floor":39.0,"turns":10.0},{"damage":39.0,"enemies":"Sphere and 2 Shapes","floor":44.0,"turns":6.0},{"damage":12.0,"enemies":"Transient","floor":47.0,"turns":5.0},{"damage":30.0,"enemies":"4 Shapes","floor":48.0,"turns":5.0},{"damage":50.0,"enemies":"Time Eater","floor":50.0,"turns":12.0},{"damage":93,"enemies":"Shield and Spear","floor":54,"turns":8},{"damage":108,"enemies":"The Heart","floor":55,"turns":6}],"seed_played":"-1893176221620399486","potions_obtained":[{"floor":4.0,"key":"Ancient Potion"},{"floor":12.0,"key":"LiquidBronze"},{"floor":14.0,"key":"Swift Potion"},{"floor":16.0,"key":"Poison Potion"},{"floor":29.0,"key":"FearPotion"},{"floor":35.0,"key":"Energy Potion"}],"is_trial":false,"path_per_floor":["M","?","?","M","M","R","E","R","T","E","R","M","M","E","R","B",null,"M","M","$","?","?","R","E","R","T","E","?","M","E","M","R","B",null,"M","M","M","?","M","R","?","R","T","M","?","$","M","M","R","B",null,"R","$","E","B"],"character_chosen":"IRONCLAD","items_purchased":["Immolate","Bandage Up+1","Spot Weakness+1","ClockworkSouvenir","Exhume+1","Inflame","Twin Strike+1"],"campfire_rested":2,"item_purchase_floors":[20,20,20,46,46,46,53],"current_hp_per_floor":[82,82,82,86,88,88,62,62,62,50,50,55,50,53,53,59,81,87,82,82,82,78,78,82,82,82,90,90,81,60,64,94,83,96,98,98,66,66,49,79,79,79,79,66,66,66,72,68,68,42,90,90,90,29,0],"gold":62,"neow_bonus":"TEN_PERCENT_HP_BONUS","is_prod":false,"is_daily":false,"chose_seed":false,"campfire_upgraded":8,"win_rate":0,"timestamp":1550803900,"path_taken":["M","?","?","M","M","R","E","R","T","E","R","M","M","E","R","BOSS","M","?","$","?","?","R","E","R","T","E","?","M","E","M","R","BOSS","M","?","M","?","M","R","?","R","T","M","?","$","M","?","R","BOSS","R","$","E","BOSS"],"build_version":"2019-01-23","purchased_purges":1,"victory":false,"max_hp_per_floor":[88,88,88,88,88,88,88,88,88,88,88,88,88,88,88,88,88,88,88,88,88,88,88,90,90,90,100,100,100,100,100,100,100,100,100,100,100,100,102,102,102,102,102,104,104,104,104,106,106,106,106,106,106,108,108],"card_choices":[{"not_picked":["Warcry","Thunderclap"],"picked":"Seeing Red","floor":1.0},{"not_picked":["Heavy Blade","Cleave"],"picked":"Clothesline","floor":4.0},{"not_picked":["Twin Strike","Limit Break"],"picked":"Uppercut","floor":5.0},{"not_picked":["Body Slam","Clothesline"],"picked":"Entrench","floor":7.0},{"not_picked":["Iron Wave","Flex+1"],"picked":"Pommel Strike","floor":10.0},{"not_picked":["Body Slam","Anger"],"picked":"Power Through+1","floor":12.0},{"not_picked":["Heavy Blade","Infernal Blade+1"],"picked":"Spot Weakness+1","floor":13.0},{"not_picked":["Dropkick","Warcry+1"],"picked":"Limit Break+1","floor":14.0},{"not_picked":["Barricade","Berserk"],"picked":"Double Tap+1","floor":16.0},{"not_picked":["Clash+1","Twin Strike"],"picked":"Shrug It Off+1","floor":18.0},{"not_picked":["Sentinel+1","Clothesline"],"picked":"Disarm+1","floor":19.0},{"not_picked":["Juggernaut","Armaments+1"],"picked":"True Grit+1","floor":22.0},{"not_picked":["Spot Weakness+1","Clash","Clothesline"],"picked":"Singing Bowl","floor":24.0},{"not_picked":["Wild Strike+1","Cleave+1"],"picked":"Warcry+1","floor":27.0},{"not_picked":["Clothesline+1","Rampage+1"],"picked":"Battle Trance+1","floor":29.0},{"not_picked":["Entrench+1","Reckless Charge+1"],"picked":"Shockwave+1","floor":30.0},{"not_picked":["Feel No Pain+1","Corruption+1"],"picked":"Body Slam+1","floor":31.0},{"not_picked":["Reaper+1","Feed+1"],"picked":"Impervious+1","floor":33.0},{"not_picked":["Perfected Strike+1","Anger+1"],"picked":"Ghostly Armor+1","floor":35.0},{"not_picked":["Infernal Blade+1","Spot Weakness+1"],"picked":"Evolve","floor":36.0},{"not_picked":["Rupture+1","Flex+1"],"picked":"Shrug It Off+1","floor":37.0},{"not_picked":["Panache","Blind+1"],"picked":"Apotheosis+1","floor":38.0},{"not_picked":["Perfected Strike+1","Inflame","Anger+1"],"picked":"Singing Bowl","floor":39.0},{"not_picked":["Seeing Red+1","Warcry+1","Cleave+1"],"picked":"Singing Bowl","floor":44.0},{"not_picked":["Clash+1","Shrug It Off+1"],"picked":"Sword Boomerang+1","floor":47.0},{"not_picked":["Whirlwind+1","Wild Strike+1","Thunderclap+1"],"picked":"Singing Bowl","floor":48.0},{"not_picked":["Rage+1","Corruption","Entrench+1"],"picked":"Singing Bowl","floor":54}],"player_experience":463422,"relics_obtained":[{"floor":7.0,"key":"Mercury Hourglass"},{"floor":9.0,"key":"Toxic Egg 2"},{"floor":10.0,"key":"Meat on the Bone"},{"floor":14.0,"key":"FossilizedHelix"},{"floor":22.0,"key":"Red Mask"},{"floor":24.0,"key":"Singing Bowl"},{"floor":26.0,"key":"Molten Egg 2"},{"floor":27.0,"key":"Pear"},{"floor":30.0,"key":"Smiling Mask"},{"floor":54,"key":"Paper Frog"}],"event_choices":[{"damage_healed":0.0,"max_hp_gain":0.0,"max_hp_loss":0.0,"gold_gain":0.0,"event_name":"The Cleric","player_choice":"Leave","floor":2.0,"gold_loss":0.0,"damage_taken":0.0},{"damage_healed":0.0,"max_hp_gain":0.0,"max_hp_loss":0.0,"gold_gain":100.0,"event_name":"Golden Shrine","player_choice":"Pray","floor":3.0,"gold_loss":0.0,"damage_taken":0.0},{"cards_removed":["Strike_R"],"damage_healed":0.0,"max_hp_gain":0.0,"max_hp_loss":0.0,"gold_gain":0.0,"event_name":"Beggar","player_choice":"Gave Gold","floor":21.0,"gold_loss":75.0,"damage_taken":0.0},{"damage_healed":0.0,"max_hp_gain":0.0,"max_hp_loss":0.0,"gold_gain":0.0,"event_name":"Masked Bandits","player_choice":"Fought Bandits","floor":22.0,"gold_loss":0.0,"damage_taken":0.0},{"damage_healed":0.0,"max_hp_gain":0.0,"max_hp_loss":0.0,"gold_gain":100.0,"event_name":"The Joust","player_choice":"Bet on Murderer","floor":28.0,"gold_loss":50.0,"damage_taken":0.0},{"damage_healed":0.0,"max_hp_gain":0.0,"max_hp_loss":0.0,"gold_gain":0.0,"event_name":"SensoryStone","player_choice":"Memory 1","floor":38.0,"gold_loss":0.0,"damage_taken":0.0},{"damage_healed":0.0,"max_hp_gain":0.0,"max_hp_loss":0.0,"gold_gain":0.0,"event_name":"Mysterious Sphere","player_choice":"Ignored","floor":41.0,"gold_loss":0.0,"damage_taken":0.0},{"cards_removed":["Pain"],"damage_healed":0.0,"max_hp_gain":0.0,"max_hp_loss":0.0,"gold_gain":0.0,"event_name":"Bonfire Elementals","player_choice":"Offered Curse","floor":45.0,"gold_loss":0.0,"damage_taken":0.0,"relics_obtained":["Spirit Poop"]}],"is_beta":false,"boss_relics":[{"not_picked":["Empty Cage","Snecko Eye"],"picked":"Cursed Key"},{"not_picked":["Astrolabe","Philosopher\u0027s Stone"],"picked":"Lizard Tail"}],"items_purged_floors":[20],"is_endless":false,"potions_floor_spawned":[4,12,14,16,19,29,33,35,37,47],"killed_by":"The Heart","ascension_level":8}