{"gold_per_floor":[116,116,139,153,62,62,86,120,144,168,168,443,176,191,191,316,316,334,433,147,147,167,208,208,248,248,248,248,248,248,281,281,409,409,429,449,508,418,434,434,454,454,454,454,468,393,412,212,212,212],"floor_reached":51,"playtime":2178,"items_purged":["Regret","Strike_R","Strike_R"],"score":698,"play_id":"521f9788-b89d-4a54-b0e5-8c57b1b56b7d","local_time":"20190228135933","is_ascension_mode":false,"campfire_choices":[{"data":"Enlightenment","floor":6,"key":"SMITH"},{"data":"Flame Barrier","floor":11,"key":"SMITH"},{"data":"Shockwave","floor":15,"key":"SMITH"},{"floor":24,"key":"REST"},{"floor":27,"key":"REST"},{"floor":30,"key":"REST"},{"floor":32,"key":"REST"},{"floor":40,"key":"REST"},{"floor":42,"key":"REST"},{"data":"Searing Blow+1","floor":44,"key":"SMITH"},{"floor":49,"key":"REST"}],"neow_cost":"NONE","seed_source_timestamp":1101816608644317,"circlet_count":0,"master_deck":["Strike_R","Strike_R","Defend_R","Defend_R","Defend_R","Defend_R","Bash","Shockwave+1","Clothesline+1","Cleave","Enlightenment+1","Flame Barrier+1","Whirlwind","Blood for Blood","Bludgeon","Shockwave+1","Mind Blast","Uppercut+1","Shockwave","Corruption","Feed","Sever Soul+1","Searing Blow+3","Headbutt+1","Havoc+1","Flex+1"],"relics":["Burning Blood","NeowsBlessing","Golden Idol","Odd Mushroom","Lantern","Membership Card","Runic Pyramid","Anchor","Happy Flower","Blood Vial","Boot","Vajra","Smiling Mask","Nilry\u0027s Codex","Red Mask","Lizard Tail","Ice Cream","Potion Belt","Whetstone","Pocketwatch"],"potions_floor_usage":[18,25,31,33,37,41,47,50],"damage_taken":[{"damage":0,"enemies":"Cultist","floor":1,"turns":1},{"damage":0,"enemies":"Small Slimes","floor":3,"turns":1},{"damage":0,"enemies":"Jaw Worm","floor":4,"turns":1},{"damage":7,"enemies":"Looter","floor":7,"turns":2},{"damage":4,"enemies":"The Mushroom Lair","floor":8,"turns":5},{"damage":16,"enemies":"Blue Slaver","floor":10,"turns":4},{"damage":0,"enemies":"Large Slime","floor":14,"turns":4},{"damage":53,"enemies":"The Guardian","floor":16,"turns":13},{"damage":14,"enemies":"2 Thieves","floor":18,"turns":3},{"damage":18,"enemies":"3 Byrds","floor":22,"turns":4},{"damage":39,"enemies":"Book of Stabbing","floor":23,"turns":8},{"damage":24,"enemies":"Gremlin Leader","floor":25,"turns":5},{"damage":19,"enemies":"Masked Bandits","floor":31,"turns":4},{"damage":88,"enemies":"Champ","floor":33,"turns":12},{"damage":15,"enemies":"Orb Walker","floor":35,"turns":3},{"damage":10,"enemies":"3 Shapes","floor":36,"turns":3},{"damage":38,"enemies":"2 Orb Walkers","floor":37,"turns":4},{"damage":22,"enemies":"3 Darklings","floor":39,"turns":3},{"damage":9,"enemies":"Spire Growth","floor":41,"turns":4},{"damage":35,"enemies":"Maw","floor":45,"turns":6},{"damage":39,"enemies":"Transient","floor":47,"turns":5},{"damage":50,"enemies":"Donu and Deca","floor":50,"turns":8}],"seed_played":"-7614508160427222109","potions_obtained":[{"floor":3,"key":"GamblersBrew"},{"floor":7,"key":"Dexterity Potion"},{"floor":8,"key":"Ancient Potion"},{"floor":18,"key":"SpeedPotion"},{"floor":22,"key":"Weak Potion"},{"floor":25,"key":"Regen Potion"},{"floor":35,"key":"SkillPotion"},{"floor":39,"key":"SpeedPotion"},{"floor":41,"key":"Explosive Potion"},{"floor":47,"key":"Block Potion"}],"is_trial":false,"path_per_floor":["M","?","M","M","$","R","M","?","T","M","R","?","$","M","R","B",null,"M","?","$","?","M","E","R","E","T","R","T","?","R","?","R","B",null,"M","M","?","?","M","R","M","R","T","R","M","$","M","$","R","B",null],"character_chosen":"IRONCLAD","items_purchased":["Enlightenment","Membership Card","Blood for Blood","Anchor","Mind Blast","Uppercut","Happy Flower","Whetstone","Pocketwatch"],"campfire_rested":7,"item_purchase_floors":[5,13,13,20,20,20,20,46,48],"current_hp_per_floor":[80,60,66,72,72,72,71,73,73,63,63,63,63,69,69,22,80,72,72,72,72,60,27,51,35,35,59,59,43,67,56,80,7,80,71,69,39,39,25,49,51,75,75,75,48,48,17,17,41,49],"gold":212,"neow_bonus":"THREE_ENEMY_KILL","is_prod":false,"is_daily":false,"chose_seed":false,"campfire_upgraded":4,"win_rate":0,"timestamp":1551340773,"path_taken":["M","?","M","M","$","R","M","?","T","M","R","?","$","?","R","BOSS","M","?","$","?","M","E","R","E","T","R","?","?","R","?","R","BOSS","M","M","?","?","?","R","M","R","T","R","M","$","M","$","R","BOSS"],"build_version":"2019-01-23","purchased_purges":3,"victory":true,"max_hp_per_floor":[80,80,80,80,80,80,80,80,80,80,80,80,80,80,80,80,80,80,80,80,80,80,80,80,80,80,80,80,80,80,80,80,80,80,80,80,80,80,80,80,83,83,83,83,83,83,83,83,83,86],"card_choices":[{"not_picked":["Sword Boomerang","Shrug It Off"],"picked":"Shockwave","floor":1},{"not_picked":["True Grit","Pummel"],"picked":"Clothesline","floor":3},{"not_picked":["Rage","Twin Strike"],"picked":"Cleave","floor":4},{"not_picked":["Iron Wave","Metallicize"],"picked":"Flame Barrier","floor":7},{"not_picked":["Clash","Wild Strike"],"picked":"Whirlwind","floor":10},{"not_picked":["True Grit","Havoc","Cleave"],"picked":"SKIP","floor":14},{"not_picked":["Feed","Juggernaut"],"picked":"Bludgeon","floor":16},{"not_picked":["Dropkick+1","Iron Wave"],"picked":"Shockwave+1","floor":18},{"not_picked":["True Grit","Cleave","Pummel+1"],"picked":"SKIP","floor":22},{"not_picked":["Metallicize","Body Slam+1"],"picked":"Shockwave","floor":23},{"not_picked":["Cleave","Ghostly Armor","Burning Pact"],"picked":"SKIP","floor":25},{"not_picked":["Heavy Blade","Whirlwind"],"picked":"Corruption","floor":31},{"not_picked":["Barricade","Juggernaut"],"picked":"Feed","floor":33},{"not_picked":["Heavy Blade+1","Iron Wave"],"picked":"Sever Soul+1","floor":35},{"not_picked":["Inflame","True Grit+1"],"picked":"Searing Blow+1","floor":36},{"not_picked":["True Grit+1","Iron Wave+1"],"picked":"Headbutt+1","floor":39},{"not_picked":["Clash","Sword Boomerang"],"picked":"Havoc+1","floor":41},{"not_picked":["Brutality","Thunderclap+1"],"picked":"Flex+1","floor":45},{"not_picked":["Sentinel+1","Ghostly Armor+1","Inflame+1"],"picked":"SKIP","floor":47}],"player_experience":911221,"relics_obtained":[{"floor":8,"key":"Odd Mushroom"},{"floor":9,"key":"Lantern"},{"floor":23,"key":"Blood Vial"},{"floor":25,"key":"Boot"},{"floor":26,"key":"Vajra"},{"floor":28,"key":"Smiling Mask"},{"floor":29,"key":"Nilry\u0027s Codex"},{"floor":31,"key":"Red Mask"},{"floor":37,"key":"Ice Cream"},{"floor":43,"key":"Potion Belt"}],"event_choices":[{"damage_healed":0,"gold_gain":0,"player_choice":"Take Damage","damage_taken":20,"relics_obtained":["Golden Idol"],"max_hp_gain":0,"max_hp_loss":0,"event_name":"Golden Idol","floor":2,"gold_loss":0},{"damage_healed":0,"gold_gain":0,"player_choice":"Fought Mushrooms","damage_taken":0,"max_hp_gain":0,"max_hp_loss":0,"event_name":"Mushrooms","floor":8,"gold_loss":0},{"damage_healed":0,"gold_gain":275,"player_choice":"Desecrate","damage_taken":0,"max_hp_gain":0,"max_hp_loss":0,"event_name":"Golden Shrine","floor":12,"gold_loss":0,"cards_obtained":["Regret"]},{"damage_healed":0,"gold_gain":99,"player_choice":"Stole From Cult","damage_taken":0,"max_hp_gain":0,"max_hp_loss":0,"event_name":"Nest","floor":19,"gold_loss":0},{"damage_healed":0,"gold_gain":0,"player_choice":"Ignored","damage_taken":0,"max_hp_gain":0,"max_hp_loss":0,"event_name":"Ghosts","floor":21,"gold_loss":0},{"damage_healed":0,"gold_gain":0,"player_choice":"Obtained Book","damage_taken":16,"max_hp_gain":0,"max_hp_loss":0,"event_name":"Cursed Tome","floor":29,"gold_loss":0},{"damage_healed":0,"gold_gain":0,"player_choice":"Fought Bandits","damage_taken":0,"max_hp_gain":0,"max_hp_loss":0,"event_name":"Masked Bandits","floor":31,"gold_loss":0},{"damage_healed":0,"gold_gain":0,"player_choice":"Fight","damage_taken":0,"max_hp_gain":0,"max_hp_loss":0,"event_name":"Mysterious Sphere","floor":37,"gold_loss":0},{"cards_removed":["Strike_R"],"damage_healed":0,"gold_gain":0,"player_choice":"Upgrade and Remove","damage_taken":0,"max_hp_gain":0,"max_hp_loss":0,"event_name":"Designer","floor":38,"gold_loss":90,"cards_upgraded":["Clothesline"]}],"is_beta":false,"boss_relics":[{"not_picked":["Fusion Hammer","Philosopher\u0027s Stone"],"picked":"Runic Pyramid"},{"not_picked":["Velvet Choker","Astrolabe"],"picked":"Lizard Tail"}],"items_purged_floors":[13,20,48],"is_endless":false,"potions_floor_spawned":[3,7,8,18,22,25,35,39,41,47],"ascension_level":0}