{"gold_per_floor":[116,116,128,143,156,156,191,210,210,243,243,253,269,38,38,138,138,148,148,167,167,187,187,219,219,219,244,244,244,262,262,262,262],"floor_reached":33,"playtime":2658,"items_purged":["Strike_G"],"score":434,"play_id":"3b58b4ff-d218-4a55-a0ca-e8c0a77f9d21","local_time":"20181109153759","is_ascension_mode":true,"campfire_choices":[{"data":"Neutralize","floor":6,"key":"SMITH"},{"floor":11,"key":"REST"},{"floor":15,"key":"REST"},{"floor":23,"key":"REST"},{"data":"A Thousand Cuts","floor":25,"key":"SMITH"},{"data":"Adrenaline","floor":29,"key":"SMITH"},{"data":"Blur","floor":32,"key":"SMITH"}],"neow_cost":"NONE","seed_source_timestamp":323511840877375,"circlet_count":0,"master_deck":["Defend_G+1","Defend_G","Defend_G+1","Strike_G","Strike_G","Strike_G","Survivor","Neutralize+1","Bouncing Flask","Blur+1","Cloak And Dagger","Deflect","Dash","A Thousand Cuts+1","Noxious Fumes","Backstab","Adrenaline+1","Corpse Explosion","Wraith Form v2+1","Backstab+1","Distraction+1","Acrobatics","Bouncing Flask+1"],"relics":["Ring of the Snake","NeowsBlessing","Letter Opener","Bag of Marbles","Oddly Smooth Stone","Astrolabe","Matryoshka","Enchiridion","Mercury Hourglass","Smiling Mask","Ninja Scroll","Omamori"],"potions_floor_usage":[10,10,10,16,24,33,33],"damage_taken":[{"damage":0,"enemies":"Small Slimes","floor":1,"turns":1},{"damage":0,"enemies":"2 Louse","floor":3,"turns":1},{"damage":0,"enemies":"Cultist","floor":4,"turns":1},{"damage":0,"enemies":"Blue Slaver","floor":5,"turns":5},{"damage":39,"enemies":"3 Sentries","floor":7,"turns":13},{"damage":1,"enemies":"Red Slaver","floor":8,"turns":4},{"damage":12,"enemies":"Gremlin Nob","floor":10,"turns":4},{"damage":1,"enemies":"Large Slime","floor":12,"turns":6},{"damage":4,"enemies":"2 Fungi Beasts","floor":13,"turns":3},{"damage":8,"enemies":"The Guardian","floor":16,"turns":8},{"damage":0,"enemies":"2 Thieves","floor":18,"turns":1},{"damage":1,"enemies":"Shell Parasite","floor":20,"turns":5},{"damage":12,"enemies":"Snake Plant","floor":22,"turns":3},{"damage":0,"enemies":"Gremlin Leader","floor":24,"turns":5},{"damage":7,"enemies":"Slavers","floor":27,"turns":3},{"damage":0,"enemies":"Centurion and Healer","floor":30,"turns":3},{"damage":82,"enemies":"Champ","floor":33,"turns":10}],"seed_played":"2338987259660921254","potions_obtained":[{"floor":1,"key":"SkillPotion"},{"floor":5,"key":"LiquidBronze"},{"floor":8,"key":"Weak Potion"},{"floor":12,"key":"LiquidBronze"},{"floor":16,"key":"FearPotion"},{"floor":22,"key":"SneckoOil"},{"floor":24,"key":"Energy Potion"},{"floor":27,"key":"Dexterity Potion"}],"is_trial":false,"path_per_floor":["M","?","M","M","M","R","E","M","T","E","R","M","M","$","R","B",null,"M","?","M","?","M","R","E","R","T","E","?","R","M","?","R","B"],"character_chosen":"THE_SILENT","items_purchased":["Adrenaline"],"campfire_rested":3,"item_purchase_floors":[14],"current_hp_per_floor":[70,56,56,56,56,56,17,16,16,4,25,24,20,20,41,33,61,61,61,60,44,32,53,53,53,53,46,69,69,69,69,69,0],"gold":262,"neow_bonus":"THREE_ENEMY_KILL","is_prod":false,"is_daily":false,"chose_seed":false,"campfire_upgraded":4,"win_rate":0,"timestamp":1541806679,"path_taken":["M","?","M","M","M","R","E","M","T","E","R","M","M","$","R","BOSS","M","?","M","?","M","R","E","R","T","E","?","R","M","?","R","BOSS"],"build_version":"2018-11-08","purchased_purges":1,"victory":false,"max_hp_per_floor":[70,70,70,70,70,70,70,70,70,70,70,70,70,70,70,70,70,70,70,70,70,70,70,70,70,70,70,70,70,70,70,70,70],"card_choices":[{"not_picked":["Finisher","Slice"],"picked":"Bouncing Flask","floor":1},{"not_picked":["Poisoned Stab","All Out Attack"],"picked":"Blur","floor":3},{"not_picked":["Tactician","Quick Slash"],"picked":"Cloak And Dagger","floor":4},{"not_picked":["Bane","Expertise"],"picked":"Deflect","floor":5},{"not_picked":["Poisoned Stab","Underhanded Strike"],"picked":"Dash","floor":7},{"not_picked":["Dodge and Roll","Poisoned Stab"],"picked":"A Thousand Cuts","floor":8},{"not_picked":["Eviscerate","Prepared","Distraction"],"picked":"SKIP","floor":10},{"not_picked":["Underhanded Strike","Flying Knee"],"picked":"Noxious Fumes","floor":12},{"not_picked":["Deflect","Acrobatics"],"picked":"Backstab","floor":13},{"not_picked":["Bullet Time","Phantasmal Killer"],"picked":"Corpse Explosion","floor":16},{"not_picked":["Deadly Poison","Choke","Reflex"],"picked":"SKIP","floor":18},{"not_picked":["Terror+1","Prepared"],"picked":"Acrobatics","floor":20},{"not_picked":["Dagger Throw","Underhanded Strike+1","Poisoned Stab"],"picked":"SKIP","floor":22},{"not_picked":["Dodge and Roll","Dagger Spray+1","Reflex"],"picked":"SKIP","floor":24},{"not_picked":["Endless Agony","Noxious Fumes"],"picked":"Bouncing Flask+1","floor":27},{"not_picked":["Sucker Punch+1","Dagger Spray","Poisoned Stab"],"picked":"SKIP","floor":30}],"player_experience":192177,"relics_obtained":[{"floor":7,"key":"Letter Opener"},{"floor":9,"key":"Bag of Marbles"},{"floor":10,"key":"Oddly Smooth Stone"},{"floor":21,"key":"Enchiridion"},{"floor":24,"key":"Mercury Hourglass"},{"floor":26,"key":"Smiling Mask"},{"floor":26,"key":"Ninja Scroll"},{"floor":27,"key":"Omamori"}],"event_choices":[{"damage_healed":0,"gold_gain":0,"player_choice":"Entered Light","damage_taken":14,"max_hp_gain":0,"max_hp_loss":0,"event_name":"Shining Light","floor":2,"gold_loss":0,"cards_upgraded":["Defend_G","Defend_G"]},{"damage_healed":0,"gold_gain":0,"player_choice":"Opened","damage_taken":0,"relics_obtained":["Matryoshka"],"max_hp_gain":0,"max_hp_loss":0,"event_name":"The Mausoleum","floor":19,"gold_loss":0},{"damage_healed":0,"gold_gain":0,"player_choice":"Obtained Book","damage_taken":16,"max_hp_gain":0,"max_hp_loss":0,"event_name":"Cursed Tome","floor":21,"gold_loss":0},{"damage_healed":23,"gold_gain":0,"player_choice":"Heal","damage_taken":0,"max_hp_gain":0,"max_hp_loss":0,"event_name":"The Library","floor":28,"gold_loss":0},{"damage_healed":0,"gold_gain":0,"player_choice":"Ignored","damage_taken":0,"max_hp_gain":0,"max_hp_loss":0,"event_name":"Ghosts","floor":31,"gold_loss":0}],"is_beta":false,"boss_relics":[{"not_picked":["HoveringKite","Ring of the Serpent"],"picked":"Astrolabe"}],"items_purged_floors":[14],"is_endless":false,"potions_floor_spawned":[1,5,8,12,16,22,24,27],"killed_by":"Champ","ascension_level":5}