{"gold_per_floor":[112,128,146,161,161,161,172,172,172,198,198,198,211,221,221,325,325,344,362,392,11,0,0,19,19,42,62,81,100,120,135,135,240,240,251,251,178,195,195,195,213,213,294,312,29,29,47,64,64,64],"floor_reached":50,"playtime":4499,"items_purged":["Decay"],"score":477,"play_id":"544af4fe-f3ba-4e7c-9fd9-854b8136dd32","local_time":"20190131002452","is_ascension_mode":false,"campfire_choices":[{"data":"Inflame","floor":6,"key":"SMITH"},{"data":"Bash","floor":8,"key":"SMITH"},{"floor":15,"key":"REST"},{"data":"Reaper","floor":23,"key":"SMITH"},{"floor":32,"key":"REST"},{"floor":40,"key":"REST"},{"floor":42,"key":"REST"},{"data":"Limit Break","floor":49,"key":"SMITH"}],"neow_cost":"NONE","seed_source_timestamp":1072791114088000,"circlet_count":0,"master_deck":["Strike_R","Strike_R","Strike_R","Strike_R","Defend_R","Defend_R","Defend_R","Bash+1","Clash","Headbutt","Reckless Charge","Inflame+1","Headbutt","Inflame","Hemokinesis","Shrug It Off","Spot Weakness","Reaper+1","Shrug It Off+1","Hemokinesis","Spot Weakness","Whirlwind+1","Disarm","Disarm","Seeing Red","Clash","Limit Break+1","Flex+1","Battle Trance","Infernal Blade+1","Blood for Blood+1"],"relics":["Burning Blood","Potion Belt","Kunai","Dodecahedron","Lizard Tail","Tiny Chest","Unceasing Top","Happy Flower","Cursed Key","Bottled Tornado","OrangePellets"],"potions_floor_usage":[27,33,33,33,33,41,50,50,50,50,50],"damage_taken":[{"damage":5,"enemies":"Small Slimes","floor":1,"turns":4},{"damage":8,"enemies":"2 Louse","floor":2,"turns":3},{"damage":6,"enemies":"Cultist","floor":3,"turns":3},{"damage":7,"enemies":"Blue Slaver","floor":4,"turns":3},{"damage":6,"enemies":"Large Slime","floor":7,"turns":4},{"damage":0,"enemies":"Gremlin Nob","floor":10,"turns":2},{"damage":14,"enemies":"Exordium Wildlife","floor":13,"turns":3},{"damage":29,"enemies":"Exordium Thugs","floor":14,"turns":3},{"damage":33,"enemies":"Slime Boss","floor":16,"turns":6},{"damage":7,"enemies":"Spheric Guardian","floor":18,"turns":3},{"damage":22,"enemies":"3 Byrds","floor":19,"turns":7},{"damage":39,"enemies":"Centurion and Healer","floor":24,"turns":6},{"damage":37,"enemies":"Shelled Parasite and Fungi","floor":27,"turns":6},{"damage":15,"enemies":"Snecko","floor":28,"turns":5},{"damage":36,"enemies":"Snake Plant","floor":29,"turns":6},{"damage":23,"enemies":"Chosen and Byrds","floor":30,"turns":4},{"damage":22,"enemies":"Centurion and Healer","floor":31,"turns":7},{"damage":119,"enemies":"Collector","floor":33,"turns":11},{"damage":52,"enemies":"3 Shapes","floor":35,"turns":5},{"damage":13,"enemies":"Orb Walker","floor":38,"turns":3},{"damage":10,"enemies":"3 Darklings","floor":41,"turns":3},{"damage":50,"enemies":"Maw","floor":44,"turns":7},{"damage":15,"enemies":"Sphere and 2 Shapes","floor":47,"turns":1},{"damage":0,"enemies":"Transient","floor":48,"turns":5},{"damage":76,"enemies":"Time Eater","floor":50,"turns":7}],"seed_played":"-4530007530188916544","potions_obtained":[{"floor":2,"key":"LiquidBronze"},{"floor":7,"key":"AttackPotion"},{"floor":10,"key":"FearPotion"},{"floor":18,"key":"PowerPotion"},{"floor":24,"key":"Poison Potion"},{"floor":31,"key":"Explosive Potion"},{"floor":33,"key":"SteroidPotion"},{"floor":35,"key":"SpeedPotion"},{"floor":41,"key":"Explosive Potion"},{"floor":48,"key":"Explosive Potion"}],"is_trial":false,"path_per_floor":["?","?","?","M","?","?","M","?","$","?","?"],"character_chosen":"IRONCLAD","items_purchased":["Unceasing Top","Spot Weakness","EssenceOfSteel","OrangePellets"],"campfire_rested":4,"item_purchase_floors":[21,21,37,45],"current_hp_per_floor":[80,78,78,77,77,77,77,77,77,80,80,80,72,49,73,46,80,80,76,76,76,76,76,59,59,59,44,48,27,31,39,63,9,80,34,34,34,27,27,51,47,71,71,27,27,70,61,67,67,0],"gold":64,"neow_bonus":"RANDOM_COMMON_RELIC","is_prod":false,"is_daily":false,"chose_seed":false,"campfire_upgraded":4,"win_rate":0,"timestamp":1548890692,"path_taken":["M","M","M","M","?","R","M","R","T","E","?","?","?","M","R","BOSS","M","M","?","$","?","R","M","$","T","M","?","M","M","M","R","BOSS","M","?","?","M","?","R","M","R","T","M","$","?","M","M","R","BOSS"],"build_version":"2019-01-23","purchased_purges":1,"victory":false,"max_hp_per_floor":[80,80,80,80,80,80,80,80,80,80,80,80,80,80,80,80,80,80,80,80,80,80,80,80,80,80,80,80,80,80,80,80,80,80,80,80,80,80,80,80,80,80,80,80,80,70,70,70,70,70],"card_choices":[{"not_picked":["Armaments","Iron Wave"],"picked":"Clash","floor":1},{"not_picked":["Searing Blow","True Grit"],"picked":"Headbutt","floor":2},{"not_picked":["Dual Wield","Warcry"],"picked":"Reckless Charge","floor":3},{"not_picked":["Rage","Flex"],"picked":"Inflame","floor":4},{"not_picked":["Clothesline","Armaments"],"picked":"Headbutt","floor":7},{"not_picked":["Power Through","Body Slam"],"picked":"Inflame","floor":10},{"not_picked":["Twin Strike","Anger"],"picked":"Shrug It Off","floor":13},{"not_picked":["Feel No Pain","Corruption"],"picked":"Spot Weakness","floor":14},{"not_picked":["Feed","Bludgeon"],"picked":"Reaper","floor":16},{"not_picked":["Carnage","True Grit"],"picked":"Shrug It Off+1","floor":18},{"not_picked":["Thunderclap","Shrug It Off"],"picked":"Hemokinesis","floor":19},{"not_picked":["Shrug It Off","Anger+1"],"picked":"Whirlwind+1","floor":24},{"not_picked":["Clothesline","Spot Weakness+1"],"picked":"Disarm","floor":27},{"not_picked":["Clothesline","Entrench","True Grit"],"picked":"SKIP","floor":28},{"not_picked":["Burning Pact+1","Bloodletting"],"picked":"Disarm","floor":29},{"not_picked":["Perfected Strike","Spot Weakness"],"picked":"Seeing Red","floor":30},{"not_picked":["Clothesline+1","Anger"],"picked":"Clash","floor":31},{"not_picked":["Feed","Barricade"],"picked":"Limit Break","floor":33},{"not_picked":["Heavy Blade","Bloodletting+1"],"picked":"Flex+1","floor":35},{"not_picked":["Sword Boomerang","Thunderclap+1","Clash"],"picked":"SKIP","floor":38},{"not_picked":["Pummel","Fire Breathing+1"],"picked":"Battle Trance","floor":41},{"not_picked":["Thunderclap+1","Warcry+1","Shrug It Off"],"picked":"SKIP","floor":44},{"not_picked":["Perfected Strike+1","Ghostly Armor"],"picked":"Infernal Blade+1","floor":47},{"not_picked":["Battle Trance+1","Headbutt+1"],"picked":"Blood for Blood+1","floor":48}],"player_experience":29927,"relics_obtained":[{"floor":9,"key":"Kunai"},{"floor":10,"key":"Dodecahedron"},{"floor":26,"key":"Happy Flower"},{"floor":43,"key":"Bottled Tornado"}],"event_choices":[{"damage_healed":0,"gold_gain":0,"player_choice":"Ignored","damage_taken":0,"max_hp_gain":0,"max_hp_loss":0,"event_name":"Liars Game","floor":5,"gold_loss":0},{"damage_healed":0,"gold_gain":0,"player_choice":"Fled","damage_taken":0,"max_hp_gain":0,"max_hp_loss":0,"event_name":"Scrap Ooze","floor":11,"gold_loss":0},{"damage_healed":0,"gold_gain":0,"cards_transformed":["Defend_R"],"player_choice":"Transformed","damage_taken":0,"max_hp_gain":0,"max_hp_loss":0,"event_name":"Transmorgrifier","floor":12,"gold_loss":0,"cards_obtained":["Hemokinesis"]},{"damage_healed":0,"gold_gain":0,"player_choice":"Opened","damage_taken":0,"relics_obtained":["Tiny Chest"],"max_hp_gain":0,"max_hp_loss":0,"event_name":"The Mausoleum","floor":20,"gold_loss":0},{"damage_healed":0,"gold_gain":0,"player_choice":"Paid Fearfully","damage_taken":0,"max_hp_gain":0,"max_hp_loss":0,"event_name":"Masked Bandits","floor":22,"gold_loss":11},{"cards_removed":["Strike_R"],"damage_healed":0,"gold_gain":0,"player_choice":"Purged","damage_taken":0,"max_hp_gain":0,"max_hp_loss":0,"event_name":"Purifier","floor":36,"gold_loss":0},{"damage_healed":0,"gold_gain":0,"player_choice":"Ignored","damage_taken":0,"max_hp_gain":0,"max_hp_loss":0,"event_name":"Tomb of Lord Red Mask","floor":39,"gold_loss":0},{"damage_healed":70,"gold_gain":0,"player_choice":"Heal","damage_taken":0,"max_hp_gain":0,"max_hp_loss":10,"event_name":"The Moai Head","floor":46,"gold_loss":0}],"is_beta":false,"boss_relics":[{"not_picked":["Velvet Choker","White Beast Statue"],"picked":"Lizard Tail"},{"not_picked":["Sozu","Busted Crown"],"picked":"Cursed Key"}],"items_purged_floors":[45],"is_endless":false,"potions_floor_spawned":[2,7,10,18,24,31,33,35,41,48],"killed_by":"Time Eater","ascension_level":0}