{"gold_per_floor":[119,119,194,344,21,52,52,66,147,147,157,173,198,198,198,291,291,309,7,32,32,32,63,84,84,137,137,137,150,150,493,493,493],"floor_reached":33,"playtime":1083,"items_purged":["Regret"],"score":641,"play_id":"c8378a1c-1a59-4c1d-a913-b5a7b48878fd","local_time":"20181220203348","is_ascension_mode":true,"campfire_choices":[{"data":"Unload","floor":7.0,"key":"SMITH"},{"data":"Caltrops","floor":10.0,"key":"SMITH"},{"data":"Footwork","floor":15.0,"key":"SMITH"},{"data":"Envenom","floor":28,"key":"SMITH"},{"data":"Footwork","floor":30,"key":"SMITH"},{"floor":32,"key":"REST"}],"neow_cost":"NONE","seed_source_timestamp":41564948072861,"circlet_count":0,"master_deck":["AscendersBane","Defend_G","Defend_G","Defend_G","Defend_G","Defend_G+1","Strike_G","Strike_G+1","Strike_G","Strike_G","Strike_G","Survivor","Neutralize","Sucker Punch+1","Doubt","Unload+1","Backflip+1","Caltrops+1","Backstab","Footwork+1","Envenom+1","Doubt","Injury","Dodge and Roll","Cloak And Dagger+1","Cloak And Dagger+1","Cloak And Dagger+1","Footwork+1","Crippling Poison+1"],"special_seed":0,"relics":["Ring of the Snake","NeowsBlessing","PreservedInsect","Tough Bandages","Meat on the Bone","Pear","Golden Idol","Calling Bell","War Paint","Shuriken","Pocketwatch","Sling","Bottled Flame","Bag of Preparation","Question Card","Old Coin"],"potions_floor_usage":[24,33],"damage_taken":[{"damage":0.0,"enemies":"Jaw Worm","floor":1.0,"turns":1.0},{"damage":0.0,"enemies":"3 Sentries","floor":6.0,"turns":1.0},{"damage":0.0,"enemies":"Small Slimes","floor":8.0,"turns":1.0},{"damage":6.0,"enemies":"2 Louse","floor":11.0,"turns":2.0},{"damage":11.0,"enemies":"Exordium Wildlife","floor":12.0,"turns":3.0},{"damage":21.0,"enemies":"Gremlin Nob","floor":13.0,"turns":4.0},{"damage":11.0,"enemies":"The Guardian","floor":16.0,"turns":13.0},{"damage":8,"enemies":"3 Byrds","floor":18,"turns":2},{"damage":16,"enemies":"2 Thieves","floor":20,"turns":4},{"damage":3,"enemies":"Gremlin Leader","floor":23,"turns":5},{"damage":18,"enemies":"Cultist and Chosen","floor":24,"turns":7},{"damage":13,"enemies":"Shelled Parasite and Fungi","floor":29,"turns":7},{"damage":10,"enemies":"Book of Stabbing","floor":31,"turns":4},{"damage":38,"enemies":"Automaton","floor":33,"turns":10}],"seed_played":"-8771924843929038625","potions_obtained":[{"floor":6.0,"key":"SkillPotion"},{"floor":8.0,"key":"Fruit Juice"},{"floor":18,"key":"SkillPotion"},{"floor":29,"key":"Energy Potion"}],"is_trial":false,"path_per_floor":["M","?","?","?","$","E","R","M","T","R","M","M","E","?","R","B",null,"M","$","M","$","?","E","M","$","T","T","R","M","R","E","R","B"],"character_chosen":"THE_SILENT","items_purchased":["PreservedInsect","Unload","Sling"],"campfire_rested":1,"item_purchase_floors":[5,5,19],"current_hp_per_floor":[59,39,28,28,28,28,28,33,33,33,39,40,41,41,41,42,65,57,57,41,41,41,38,32,32,32,32,32,31,31,33,54,16],"gold":493,"neow_bonus":"THREE_ENEMY_KILL","is_prod":false,"is_daily":false,"chose_seed":false,"campfire_upgraded":5,"win_rate":0,"timestamp":1545334428,"path_taken":["M","?","?","?","?","E","R","M","T","R","?","M","E","?","R","BOSS","M","$","M","$","?","E","M","?","T","?","R","M","R","E","R","BOSS"],"build_version":"2018-12-19","purchased_purges":1,"victory":false,"max_hp_per_floor":[66,66,66,66,66,66,66,71,71,71,71,71,81,73,73,73,73,73,73,73,73,73,73,73,73,73,73,73,73,73,73,73,73],"card_choices":[{"not_picked":["Concentrate","Heel Hook"],"picked":"Sucker Punch","floor":1.0},{"not_picked":["PiercingWail","Dagger Spray"],"picked":"Backflip","floor":6.0},{"not_picked":["Terror","PiercingWail"],"picked":"Caltrops","floor":8.0},{"not_picked":["Backflip","Bane","Underhanded Strike"],"picked":"SKIP","floor":11.0},{"not_picked":["PiercingWail","Deflect"],"picked":"Backstab","floor":12.0},{"not_picked":["Deflect","Sucker Punch"],"picked":"Footwork","floor":13.0},{"not_picked":["Die Die Die","Unload"],"picked":"Envenom","floor":16.0},{"not_picked":["Outmaneuver","PiercingWail"],"picked":"Dodge and Roll","floor":18},{"not_picked":["Deflect","Crippling Poison"],"picked":"Cloak And Dagger+1","floor":20},{"not_picked":["Dagger Throw","Choke","Grand Finale"],"picked":"SKIP","floor":23},{"not_picked":["Bane","Dagger Throw"],"picked":"Cloak And Dagger+1","floor":24},{"not_picked":["Heel Hook","PiercingWail","Dagger Spray"],"picked":"Footwork","floor":29},{"not_picked":["Flying Knee","Dagger Spray","Backstab"],"picked":"Crippling Poison+1","floor":31}],"player_experience":847213,"relics_obtained":[{"floor":6.0,"key":"Tough Bandages"},{"floor":9.0,"key":"Meat on the Bone"},{"floor":13.0,"key":"Pear"},{"floor":17,"key":"War Paint"},{"floor":17,"key":"Shuriken"},{"floor":17,"key":"Pocketwatch"},{"floor":23,"key":"Bottled Flame"},{"floor":26,"key":"Bag of Preparation"},{"floor":27,"key":"Question Card"},{"floor":31,"key":"Old Coin"}],"event_choices":[{"damage_healed":0.0,"max_hp_gain":0.0,"max_hp_loss":0.0,"gold_gain":0.0,"event_name":"Shining Light","player_choice":"Entered Light","floor":2.0,"gold_loss":0.0,"damage_taken":20.0,"cards_upgraded":["Strike_G","Sucker Punch"]},{"damage_healed":0.0,"max_hp_gain":0.0,"max_hp_loss":0.0,"gold_gain":75.0,"event_name":"World of Goop","player_choice":"Gather Gold","floor":3.0,"gold_loss":0.0,"damage_taken":11.0},{"damage_healed":0.0,"max_hp_gain":0.0,"max_hp_loss":0.0,"gold_gain":150.0,"event_name":"Liars Game","player_choice":"AGREE","floor":4.0,"gold_loss":0.0,"damage_taken":0.0,"cards_obtained":["Doubt"]},{"damage_healed":0.0,"max_hp_gain":0.0,"max_hp_loss":8.0,"gold_gain":0.0,"event_name":"Golden Idol","player_choice":"Lose Max HP","floor":14.0,"gold_loss":0.0,"damage_taken":0.0,"relics_obtained":["Golden Idol"]},{"damage_healed":0,"gold_gain":0,"player_choice":"Copied","damage_taken":0,"max_hp_gain":0,"max_hp_loss":0,"event_name":"Duplicator","floor":22,"gold_loss":0,"cards_obtained":["Cloak And Dagger"]}],"is_beta":true,"boss_relics":[{"not_picked":["White Beast Statue","Astrolabe"],"picked":"Calling Bell"}],"items_purged_floors":[19],"is_endless":false,"potions_floor_spawned":[6,8,18,29],"killed_by":"Automaton","ascension_level":19}