{"gold_per_floor":[117,127,127,138,63,63,94,94,94,94,244,271,271,283,283,358,358,369,369,387,5,22,48,62,112,112,142,67,25,25,57,57,130,130,140,156,56,0,0,26,26,26],"floor_reached":42,"playtime":1718,"items_purged":["Regret"],"score":955,"play_id":"4c00df18-279e-4154-a0a7-383bbfafd563","local_time":"20181231132935","is_ascension_mode":true,"campfire_choices":[{"data":"Zap","floor":6.0,"key":"SMITH"},{"floor":10.0,"key":"REST"},{"data":"Doom and Gloom","floor":13.0,"key":"SMITH"},{"data":"Glacier","floor":15.0,"key":"SMITH"},{"floor":30.0,"key":"REST"},{"floor":32.0,"key":"REST"},{"floor":41.0,"key":"REST"}],"neow_cost":"NONE","seed_source_timestamp":7005894414612,"circlet_count":0,"master_deck":["AscendersBane","Defend_B","Defend_B","Defend_B","Defend_B","Zap+1","Dualcast+1","Doom and Gloom+1","Coolheaded+1","Glacier+1","BootSequence","Core Surge+1","Rip and Tear+1","Echo Form","Auto Shields+1","Consume","Lockon+1","Cold Snap+1","Creative AI","Multi-Cast+1","Barrage+1","Redo+1","Blizzard+1","Fusion+1","Flash of Steel+1"],"special_seed":0,"relics":["Cracked Core","DataDisk","Darkstone Periapt","Calipers","Molten Egg 2","FossilizedHelix","Fusion Hammer","Spirit Poop","Runic Capacitor","PreservedInsect","War Paint","Meat on the Bone","Dodecahedron","Astrolabe","Red Mask","The Courier"],"potions_floor_usage":[42],"damage_taken":[{"damage":0.0,"enemies":"2 Louse","floor":1.0,"turns":2.0},{"damage":7.0,"enemies":"Jaw Worm","floor":2.0,"turns":3.0},{"damage":16.0,"enemies":"Small Slimes","floor":4.0,"turns":3.0},{"damage":15.0,"enemies":"Gremlin Nob","floor":7.0,"turns":5.0},{"damage":7.0,"enemies":"Lagavulin","floor":12.0,"turns":8.0},{"damage":0.0,"enemies":"Looter","floor":14.0,"turns":2.0},{"damage":33.0,"enemies":"Slime Boss","floor":16.0,"turns":7.0},{"damage":2.0,"enemies":"3 Byrds","floor":18.0,"turns":5.0},{"damage":6.0,"enemies":"2 Thieves","floor":20.0,"turns":3.0},{"damage":0.0,"enemies":"Shelled Parasite and Fungi","floor":22.0,"turns":7.0},{"damage":25.0,"enemies":"Book of Stabbing","floor":23.0,"turns":4.0},{"damage":0.0,"enemies":"Snecko","floor":24.0,"turns":5.0},{"damage":8.0,"enemies":"Slavers","floor":27.0,"turns":5.0},{"damage":28.0,"enemies":"Book of Stabbing","floor":31.0,"turns":4.0},{"damage":31.0,"enemies":"Collector","floor":33.0,"turns":9.0},{"damage":0.0,"enemies":"3 Shapes","floor":35.0,"turns":6.0},{"damage":0.0,"enemies":"Orb Walker","floor":36.0,"turns":3.0},{"damage":19.0,"enemies":"Nemesis","floor":40.0,"turns":7.0},{"damage":84,"enemies":"Reptomancer","floor":42,"turns":4}],"seed_played":"7105469362614799253","potions_obtained":[{"floor":1.0,"key":"Ancient Potion"},{"floor":12.0,"key":"Energy Potion"},{"floor":14.0,"key":"LiquidBronze"},{"floor":20.0,"key":"SkillPotion"},{"floor":24.0,"key":"SkillPotion"},{"floor":31.0,"key":"Weak Potion"},{"floor":33.0,"key":"Ancient Potion"},{"floor":35.0,"key":"Dexterity Potion"},{"floor":36.0,"key":"SkillPotion"}],"is_trial":false,"path_per_floor":["M","M","?","M","$","R","E","?","T","R","?","E","R","M","R","B",null,"M","?","M","$","E","M","?","T","E","?","$","R","R",null,"M","M","$","?","?","R"],"character_chosen":"DEFECT","items_purchased":["Runic Capacitor","PreservedInsect","Lockon+1","Flash of Steel+1"],"campfire_rested":4,"item_purchase_floors":[21,21,29,37],"current_hp_per_floor":[64,57,63,47,47,47,32,32,32,55,61,54,54,54,54,21,68,66,66,60,60,60,35,35,35,35,27,27,27,51,35,59,40,72,72,72,72,72,72,53,77,0],"gold":26,"neow_bonus":"RANDOM_COMMON_RELIC","is_prod":false,"is_daily":false,"chose_seed":false,"campfire_upgraded":3,"win_rate":0,"timestamp":1546259375,"path_taken":["M","M","?","M","$","R","E","?","T","R","?","E","R","M","R","BOSS","M","?","M","?","M","E","M","?","T","E","?","$","R","E","R","BOSS","M","M","$","?","?","E","R","E"],"build_version":"2018-12-25","purchased_purges":1,"victory":false,"max_hp_per_floor":[71,71,77,77,77,77,77,77,77,77,83,83,83,83,83,83,83,83,83,83,83,83,83,83,83,83,83,83,83,83,83,83,83,83,83,83,83,83,83,83,83,83],"card_choices":[{"not_picked":["Lockon","Rebound"],"picked":"Doom and Gloom","floor":1.0},{"not_picked":["Leap","Gash"],"picked":"Coolheaded","floor":2.0},{"not_picked":["Coolheaded","Conserve Battery"],"picked":"Glacier","floor":4.0},{"not_picked":["Hologram","Leap"],"picked":"BootSequence","floor":7.0},{"not_picked":["Darkness","Cold Snap+1"],"picked":"Core Surge+1","floor":12.0},{"not_picked":["Redo","Rip and Tear+1","Rebound+1"],"picked":"SKIP","floor":14.0},{"not_picked":["Redo","Rebound+1"],"picked":"Rip and Tear+1","floor":14.0},{"not_picked":["Seek","Multi-Cast"],"picked":"Echo Form","floor":16.0},{"not_picked":["Scrape+1","Barrage+1","Redo"],"picked":"SKIP","floor":18.0},{"not_picked":["Conserve Battery","Chaos"],"picked":"Auto Shields+1","floor":20.0},{"not_picked":["Sweeping Beam+1","Rip and Tear+1","Scrape+1"],"picked":"SKIP","floor":22.0},{"not_picked":["Auto Shields+1","Rebound+1","Leap"],"picked":"SKIP","floor":23.0},{"not_picked":["Beam Cell+1","Loop","Rebound+1"],"picked":"SKIP","floor":24.0},{"not_picked":["Compile Driver+1","Gash+1"],"picked":"Consume","floor":27.0},{"not_picked":["Go for the Eyes+1","Heatsinks"],"picked":"Cold Snap+1","floor":31.0},{"not_picked":["Echo Form","Thunder Strike+1"],"picked":"Creative AI","floor":33.0},{"not_picked":["Cold Snap+1","Coolheaded"],"picked":"Blizzard+1","floor":35.0},{"not_picked":["Barrage+1","Rip and Tear+1"],"picked":"Fusion+1","floor":36.0},{"not_picked":["Conserve Battery","Skim","Stack+1"],"picked":"SKIP","floor":40.0}],"player_experience":884044,"relics_obtained":[{"floor":7.0,"key":"Calipers"},{"floor":9.0,"key":"Molten Egg 2"},{"floor":12.0,"key":"FossilizedHelix"},{"floor":23.0,"key":"War Paint"},{"floor":27.0,"key":"Meat on the Bone"},{"floor":31.0,"key":"Dodecahedron"},{"floor":40.0,"key":"The Courier"}],"event_choices":[{"damage_healed":0.0,"max_hp_gain":0.0,"max_hp_loss":0.0,"gold_gain":0.0,"event_name":"Big Fish","player_choice":"Box","floor":3.0,"gold_loss":0.0,"damage_taken":0.0,"relics_obtained":["Darkstone Periapt"],"cards_obtained":["Regret"]},{"damage_healed":0.0,"max_hp_gain":0.0,"max_hp_loss":0.0,"gold_gain":0.0,"event_name":"Shining Light","player_choice":"Ignored","floor":8.0,"gold_loss":0.0,"damage_taken":0.0},{"damage_healed":0.0,"max_hp_gain":0.0,"max_hp_loss":0.0,"gold_gain":150.0,"event_name":"Liars Game","player_choice":"AGREE","floor":11.0,"gold_loss":0.0,"damage_taken":0.0,"cards_obtained":["Doubt"]},{"cards_removed":["Doubt"],"damage_healed":0.0,"max_hp_gain":0.0,"max_hp_loss":0.0,"gold_gain":0.0,"event_name":"Bonfire Elementals","player_choice":"Offered Curse","floor":19.0,"gold_loss":0.0,"damage_taken":0.0,"relics_obtained":["Spirit Poop"]},{"damage_healed":0.0,"max_hp_gain":0.0,"max_hp_loss":0.0,"gold_gain":50.0,"event_name":"Nest","player_choice":"Stole From Cult","floor":25.0,"gold_loss":0.0,"damage_taken":0.0},{"cards_removed":["Strike_B"],"damage_healed":0.0,"max_hp_gain":0.0,"max_hp_loss":0.0,"gold_gain":0.0,"event_name":"Beggar","player_choice":"Gave Gold","floor":28.0,"gold_loss":75.0,"damage_taken":0.0},{"damage_healed":0.0,"max_hp_gain":0.0,"max_hp_loss":0.0,"gold_gain":0.0,"event_name":"Tomb of Lord Red Mask","player_choice":"Paid","floor":38.0,"gold_loss":56.0,"damage_taken":0.0,"relics_obtained":["Red Mask"]},{"damage_healed":0.0,"max_hp_gain":0.0,"max_hp_loss":0.0,"gold_gain":0.0,"event_name":"SensoryStone","player_choice":"Memory 1","floor":39.0,"gold_loss":0.0,"damage_taken":0.0}],"is_beta":true,"boss_relics":[{"not_picked":["Lizard Tail","Busted Crown"],"picked":"Fusion Hammer"},{"not_picked":["Empty Cage","Eternal Feather"],"picked":"Astrolabe"}],"items_purged_floors":[5],"is_endless":false,"potions_floor_spawned":[1,12,14,20,24,31,33,35,36],"killed_by":"Reptomancer","ascension_level":19}