{"gold_per_floor":[119,136,44,61,74,74,91,91,91,91,116,134,152,193,193,319,319,339,13,13],"floor_reached":20,"playtime":778,"items_purged":["Strike_R"],"score":285,"play_id":"fe5c78e4-c342-4295-98b1-746ef9a68a90","local_time":"20190225044917","is_ascension_mode":true,"campfire_choices":[{"data":"Demon Form","floor":6,"key":"SMITH"},{"data":"Armaments","floor":8,"key":"SMITH"},{"data":"Trip","floor":15,"key":"SMITH"}],"neow_cost":"NONE","seed_source_timestamp":254655520944066,"circlet_count":0,"master_deck":["AscendersBane","Strike_R","Strike_R","Strike_R","Strike_R","Defend_R","Defend_R","Defend_R","Defend_R","Bash","Demon Form+1","Havoc","Heavy Blade","Trip+1","Thunderclap","Headbutt","Armaments+1","Dropkick","Dual Wield","Whirlwind","Feed","Twin Strike+1"],"relics":["Burning Blood","Letter Opener","Golden Idol","Mummified Hand","Mark of Pain","Sundial"],"potions_floor_usage":[12,14,14],"damage_taken":[{"damage":6,"enemies":"Cultist","floor":1,"turns":4},{"damage":4,"enemies":"Small Slimes","floor":2,"turns":4},{"damage":12,"enemies":"Jaw Worm","floor":4,"turns":3},{"damage":13,"enemies":"3 Louse","floor":5,"turns":4},{"damage":0,"enemies":"Large Slime","floor":7,"turns":4},{"damage":1,"enemies":"2 Fungi Beasts","floor":11,"turns":3},{"damage":1,"enemies":"Exordium Wildlife","floor":12,"turns":2},{"damage":16,"enemies":"3 Louse","floor":13,"turns":3},{"damage":25,"enemies":"3 Sentries","floor":14,"turns":6},{"damage":17,"enemies":"The Guardian","floor":16,"turns":6},{"damage":42,"enemies":"Spheric Guardian","floor":18,"turns":6},{"damage":35,"enemies":"Colosseum Slavers","floor":20,"turns":3}],"seed_played":"763454878817114386","potions_obtained":[{"floor":1,"key":"SpeedPotion"},{"floor":4,"key":"EssenceOfSteel"},{"floor":5,"key":"Energy Potion"},{"floor":12,"key":"Swift Potion"}],"is_trial":false,"path_per_floor":["M","M","$","M","M","R","M","R","T","?","M","M","M","E","R","B",null,"M","$","?"],"character_chosen":"IRONCLAD","items_purchased":["Trip","Sundial"],"campfire_rested":0,"item_purchase_floors":[3,19],"current_hp_per_floor":[72,74,74,68,61,61,67,67,67,67,72,74,64,45,45,34,64,31,31,0],"gold":13,"neow_bonus":"ONE_RANDOM_RARE_CARD","is_prod":false,"is_daily":false,"chose_seed":false,"campfire_upgraded":3,"win_rate":0,"timestamp":1551037757,"path_taken":["M","M","$","M","M","R","?","R","T","?","M","M","M","E","R","BOSS","M","$","?"],"build_version":"2019-01-23","purchased_purges":1,"victory":false,"max_hp_per_floor":[80,80,80,80,80,80,80,80,80,74,74,74,74,74,74,74,74,77,77,77],"card_choices":[{"not_picked":["Combust","Uppercut"],"picked":"Havoc","floor":1},{"not_picked":["Flex","Wild Strike"],"picked":"Heavy Blade","floor":2},{"not_picked":["Perfected Strike","Feel No Pain"],"picked":"Thunderclap","floor":4},{"not_picked":["Flex","Anger"],"picked":"Headbutt","floor":5},{"not_picked":["Havoc","Dark Embrace"],"picked":"Armaments","floor":7},{"not_picked":["Rampage","Corruption"],"picked":"Dropkick","floor":11},{"not_picked":["Wild Strike","Iron Wave"],"picked":"Dual Wield","floor":12},{"not_picked":["Heavy Blade","Iron Wave","Rupture"],"picked":"SKIP","floor":13},{"not_picked":["Fiend Fire","Bloodletting"],"picked":"Whirlwind","floor":14},{"not_picked":["Brutality","Dark Embrace"],"picked":"Feed","floor":16},{"not_picked":["Clash","Perfected Strike+1"],"picked":"Twin Strike+1","floor":18}],"player_experience":90946,"relics_obtained":[{"floor":9,"key":"Letter Opener"},{"floor":14,"key":"Mummified Hand"}],"event_choices":[{"damage_healed":0,"gold_gain":0,"player_choice":"Lose Max HP","damage_taken":0,"relics_obtained":["Golden Idol"],"max_hp_gain":0,"max_hp_loss":6,"event_name":"Golden Idol","floor":10,"gold_loss":0},{"damage_healed":0,"gold_gain":0,"player_choice":"Fight","damage_taken":0,"max_hp_gain":0,"max_hp_loss":0,"event_name":"Colosseum","floor":20,"gold_loss":0}],"is_beta":false,"boss_relics":[{"not_picked":["Coffee Dripper","Tiny House"],"picked":"Mark of Pain"}],"items_purged_floors":[19],"is_endless":false,"potions_floor_spawned":[1,4,5,12,13],"killed_by":"Colosseum Slavers","ascension_level":12}