{"gold_per_floor":[110,285,285,285,300,44,44,44,68,86,106,126,144,144,144,244,244,262,262,96,195,195,195,206,218,218,232,252,268,268,20,20,117,117,131,146,0,17,17,17,17,32,32,32,32,59,75,75],"floor_reached":48,"playtime":2661,"items_purged":["Doubt"],"score":474,"play_id":"e5458fa6-a397-44e6-a383-967da7482924","local_time":"20190202183533","is_ascension_mode":false,"campfire_choices":[{"data":"Thunder Strike","floor":7,"key":"SMITH"},{"floor":15,"key":"REST"},{"data":"Enlightenment","floor":23,"key":"SMITH"},{"floor":30,"key":"REST"},{"data":"Storm","floor":32,"key":"SMITH"},{"floor":40,"key":"REST"}],"neow_cost":"NONE","seed_source_timestamp":1312874434920146,"circlet_count":0,"master_deck":["Strike_B","Strike_B","Strike_B","Strike_B","Defend_B","Defend_B","Defend_B","Defend_B","Zap+1","Dualcast","Thunder Strike+1","Biased Cognition","Ball Lightning","Redo","Conserve Battery","Capacitor","Redo","Lockon","Seek","Redo","Enlightenment+1","Conserve Battery","Hologram+1","Ball Lightning+1","Storm+1","Reboot","Tempest+1","Lockon+1","Writhe","Hologram","Normality","Bandage Up","Regret","Parasite","Ball Lightning"],"relics":["Cracked Core","Happy Flower","Omamori","Torii","Cursed Key","MutagenicStrength","Bag of Preparation","Regal Pillow","Lee\u0027s Waffle","Velvet Choker","Red Mask","Unceasing Top","Lantern"],"potions_floor_usage":[16,29,29,33,38,47,48,48],"damage_taken":[{"damage":0,"enemies":"Small Slimes","floor":1,"turns":3},{"damage":6,"enemies":"Jaw Worm","floor":5,"turns":3},{"damage":2,"enemies":"2 Louse","floor":10,"turns":2},{"damage":7,"enemies":"Blue Slaver","floor":11,"turns":2},{"damage":21,"enemies":"Exordium Thugs","floor":12,"turns":4},{"damage":6,"enemies":"Red Slaver","floor":13,"turns":2},{"damage":40,"enemies":"The Guardian","floor":16,"turns":8},{"damage":1,"enemies":"Chosen","floor":18,"turns":3},{"damage":21,"enemies":"2 Thieves","floor":24,"turns":3},{"damage":13,"enemies":"Sentry and Sphere","floor":25,"turns":5},{"damage":15,"enemies":"Snake Plant","floor":27,"turns":2},{"damage":12,"enemies":"3 Cultists","floor":28,"turns":3},{"damage":0,"enemies":"Snecko","floor":29,"turns":2},{"damage":67,"enemies":"Champ","floor":33,"turns":10},{"damage":47,"enemies":"3 Darklings","floor":35,"turns":5},{"damage":8,"enemies":"Orb Walker","floor":36,"turns":3},{"damage":15,"enemies":"Jaw Worm Horde","floor":38,"turns":3},{"damage":44,"enemies":"Maw","floor":42,"turns":5},{"damage":22,"enemies":"Writhing Mass","floor":47,"turns":6},{"damage":9,"enemies":"4 Shapes","floor":48,"turns":1}],"seed_played":"-1621110512740084132","potions_obtained":[{"floor":10,"key":"EssenceOfSteel"},{"floor":13,"key":"FearPotion"},{"floor":16,"key":"SkillPotion"},{"floor":25,"key":"Ancient Potion"},{"floor":29,"key":"AttackPotion"},{"floor":35,"key":"FocusPotion"},{"floor":47,"key":"FocusPotion"}],"is_trial":false,"path_per_floor":["?","?","?","$","M","T","?","?","T","M","M","?","?","?","?","$","T","M"],"character_chosen":"DEFECT","items_purchased":["Happy Flower","Ball Lightning","Redo","Enlightenment","Lee\u0027s Waffle","Swift Potion"],"campfire_rested":3,"item_purchase_floors":[6,6,6,20,31,31],"current_hp_per_floor":[75,75,75,75,69,69,69,69,69,67,60,39,33,33,55,15,75,74,74,74,74,74,74,53,40,40,25,13,13,50,82,82,15,82,35,27,27,12,33,72,72,28,28,28,28,28,6,0],"gold":75,"neow_bonus":"ONE_RANDOM_RARE_CARD","is_prod":false,"is_daily":false,"chose_seed":false,"campfire_upgraded":3,"win_rate":0.0,"timestamp":1549128933,"path_taken":["M","?","?","?","M","$","R","?","T","M","?","M","M","?","R","BOSS","M","?","$","?","?","R","M","M","T","?","M","?","R","$","R","BOSS","M","M","?","M","?","R","?","M","T","?","?","?","M","?"],"build_version":"2019-01-23","purchased_purges":1,"victory":false,"max_hp_per_floor":[75,75,75,75,75,75,75,75,75,75,75,75,75,75,75,75,75,75,75,75,75,75,75,75,75,75,75,75,75,75,82,82,82,82,82,82,82,82,82,82,82,82,82,82,82,82,82,82],"card_choices":[{"not_picked":["Compile Driver","Coolheaded","Reinforced Body"],"picked":"SKIP","floor":1},{"not_picked":["Steam","Gash"],"picked":"Biased Cognition","floor":5},{"not_picked":["Leap","Stack"],"picked":"Conserve Battery","floor":10},{"not_picked":["Skim","Self Repair"],"picked":"Capacitor","floor":11},{"not_picked":["Streamline","Fusion"],"picked":"Redo","floor":12},{"not_picked":["Cold Snap","Force Field"],"picked":"Lockon","floor":13},{"not_picked":["Machine Learning","Buffer"],"picked":"Seek","floor":16},{"not_picked":["Force Field","Reprogram"],"picked":"Redo","floor":18},{"not_picked":["Compile Driver","Barrage"],"picked":"Conserve Battery","floor":24},{"not_picked":["Hello World","Force Field"],"picked":"Hologram+1","floor":25},{"not_picked":["Sweeping Beam","Melter+1"],"picked":"Ball Lightning+1","floor":27},{"not_picked":["White Noise","Stack+1"],"picked":"Storm","floor":28},{"not_picked":["Hello World","Gash+1","Streamline+1"],"picked":"SKIP","floor":29},{"not_picked":["All For One","Amplify"],"picked":"Reboot","floor":33},{"not_picked":["Ball Lightning","Blizzard"],"picked":"Tempest+1","floor":35},{"not_picked":["Undo+1","Double Energy"],"picked":"Lockon+1","floor":36},{"not_picked":["Reprogram+1","Stack","Aggregate"],"picked":"SKIP","floor":38},{"not_picked":["Undo","Rebound+1"],"picked":"Hologram","floor":42},{"not_picked":["Discovery","Impatience"],"picked":"Bandage Up","floor":44},{"not_picked":["Chill+1","Rebound+1"],"picked":"Ball Lightning","floor":47}],"player_experience":77450,"relics_obtained":[{"floor":9,"key":"Omamori"},{"floor":14,"key":"Torii"},{"floor":22,"key":"Bag of Preparation"},{"floor":26,"key":"Regal Pillow"},{"floor":43,"key":"Unceasing Top"},{"floor":46,"key":"Lantern"}],"event_choices":[{"damage_healed":0,"gold_gain":175,"player_choice":"AGREE","damage_taken":0,"max_hp_gain":0,"max_hp_loss":0,"event_name":"Liars Game","floor":2,"gold_loss":0,"cards_obtained":["Doubt"]},{"damage_healed":0,"gold_gain":0,"player_choice":"Ignored","damage_taken":0,"max_hp_gain":0,"max_hp_loss":0,"event_name":"Shining Light","floor":3,"gold_loss":0},{"damage_healed":0,"gold_gain":0,"player_choice":"Grow","damage_taken":0,"max_hp_gain":0,"max_hp_loss":0,"event_name":"Living Wall","floor":4,"gold_loss":0,"cards_upgraded":["Zap"]},{"damage_healed":0,"gold_gain":0,"player_choice":"Inject Mutagens","damage_taken":0,"relics_obtained":["MutagenicStrength"],"max_hp_gain":0,"max_hp_loss":0,"event_name":"Drug Dealer","floor":19,"gold_loss":0},{"damage_healed":0,"gold_gain":99,"player_choice":"Stole From Cult","damage_taken":0,"max_hp_gain":0,"max_hp_loss":0,"event_name":"Nest","floor":21,"gold_loss":0},{"damage_healed":0,"gold_gain":0,"player_choice":"Paid","damage_taken":0,"relics_obtained":["Red Mask"],"max_hp_gain":0,"max_hp_loss":0,"event_name":"Tomb of Lord Red Mask","floor":37,"gold_loss":146},{"damage_healed":21,"gold_gain":0,"player_choice":"Writhe","damage_taken":0,"max_hp_gain":0,"max_hp_loss":0,"event_name":"Winding Halls","floor":39,"gold_loss":0,"cards_obtained":["Writhe"]},{"damage_healed":0,"gold_gain":0,"player_choice":"Ignored","damage_taken":0,"max_hp_gain":0,"max_hp_loss":0,"event_name":"Mysterious Sphere","floor":41,"gold_loss":0},{"damage_healed":0,"gold_gain":0,"player_choice":"Memory 1","damage_taken":0,"max_hp_gain":0,"max_hp_loss":0,"event_name":"SensoryStone","floor":44,"gold_loss":0}],"is_beta":false,"boss_relics":[{"not_picked":["Ectoplasm","Tiny House"],"picked":"Cursed Key"},{"not_picked":["Eternal Feather","Black Star"],"picked":"Velvet Choker"}],"items_purged_floors":[20],"is_endless":false,"potions_floor_spawned":[10,13,16,25,27,29,35,36,47],"killed_by":"4 Shapes","ascension_level":0}