{"gold_per_floor":[111,129,143,218,236,236,263,228,253,253,178,197,197,197,197,197],"floor_reached":16,"playtime":484,"items_purged":["Defend_R"],"score":115,"play_id":"4d5e83b3-8479-41c3-aa1c-3855c8879c46","local_time":"20181127202309","is_ascension_mode":true,"campfire_choices":[{"floor":6,"key":"RECALL"},{"floor":15,"key":"REST"}],"neow_cost":"NONE","seed_source_timestamp":272118710573874,"circlet_count":0,"master_deck":["Strike_R","Strike_R","Strike_R","Strike_R+1","Strike_R","Defend_R","Defend_R","Defend_R","Disarm","Shrug It Off+1","Flame Barrier"],"relics":["Burning Blood","NeowsBlessing","Happy Flower","Blue Candle"],"potions_floor_usage":[7,7,7],"damage_taken":[{"damage":0,"enemies":"Cultist","floor":1,"turns":1},{"damage":0,"enemies":"2 Louse","floor":2,"turns":1},{"damage":0,"enemies":"Small Slimes","floor":3,"turns":1},{"damage":5,"enemies":"Blue Slaver","floor":5,"turns":10},{"damage":60,"enemies":"Lagavulin","floor":7,"turns":8},{"damage":4,"enemies":"Exordium Wildlife","floor":12,"turns":9},{"damage":59,"enemies":"Slime Boss","floor":16,"turns":10}],"seed_played":"-7518051137699803145","potions_obtained":[{"floor":1,"key":"Regen Potion"},{"floor":3,"key":"AttackPotion"},{"floor":5,"key":"Block Potion"}],"is_trial":false,"path_per_floor":["M","M","M","?","M","R","E","?","T","?","$","M","T","?","R","B"],"character_chosen":"IRONCLAD","items_purchased":[],"campfire_rested":1,"item_purchase_floors":[],"current_hp_per_floor":[80,80,80,69,70,70,28,48,48,41,41,43,43,27,51,0],"gold":197,"neow_bonus":"THREE_ENEMY_KILL","is_prod":false,"is_daily":false,"chose_seed":false,"campfire_upgraded":0,"win_rate":0,"timestamp":1543371789,"path_taken":["M","M","?","?","M","R","E","?","T","?","$","M","?","?","R","BOSS"],"build_version":"2018-11-15","purchased_purges":1,"victory":false,"max_hp_per_floor":[80,80,80,80,80,80,80,80,80,80,80,80,80,80,80,80],"card_choices":[{"not_picked":["Clash","Havoc"],"picked":"Disarm","floor":1},{"not_picked":["Dual Wield","Burning Pact","Havoc"],"picked":"SKIP","floor":2},{"not_picked":["Body Slam","Combust","Spot Weakness"],"picked":"SKIP","floor":3},{"not_picked":["Exhume","Flex"],"picked":"Shrug It Off","floor":5},{"not_picked":["Thunderclap","Cleave"],"picked":"Flame Barrier","floor":7},{"not_picked":["Feel No Pain","Rampage","Bloodletting"],"picked":"SKIP","floor":12}],"player_experience":535388,"relics_obtained":[{"floor":7,"key":"Happy Flower"},{"floor":13,"key":"Blue Candle"}],"event_choices":[{"damage_healed":0,"gold_gain":75,"player_choice":"Gather Gold","damage_taken":11,"max_hp_gain":0,"max_hp_loss":0,"event_name":"World of Goop","floor":4,"gold_loss":0},{"damage_healed":20,"gold_gain":0,"player_choice":"Healed","damage_taken":0,"max_hp_gain":0,"max_hp_loss":0,"event_name":"The Cleric","floor":8,"gold_loss":35},{"cards_removed":["Bash"],"damage_healed":0,"gold_gain":0,"player_choice":"Card Removal","damage_taken":7,"max_hp_gain":0,"max_hp_loss":0,"event_name":"Golden Wing","floor":10,"gold_loss":0},{"damage_healed":0,"gold_gain":0,"player_choice":"Entered Light","damage_taken":16,"max_hp_gain":0,"max_hp_loss":0,"event_name":"Shining Light","floor":14,"gold_loss":0,"cards_upgraded":["Strike_R","Shrug It Off"]}],"is_beta":false,"boss_relics":[],"items_purged_floors":[11],"is_endless":false,"potions_floor_spawned":[1,3,5],"killed_by":"Slime Boss","ascension_level":3}