{"gold_per_floor":[10,10,10,10,22,57,57,92,92,92,92,102,113,133,133,233,233,221,72,72,72,91,91,120,120,145,170,130,144,144,160,160,262,262,282,302,302,302,128,128,139,139,188,188,214,214,63,93,93,93],"floor_reached":50,"playtime":3400,"items_purged":["Defend_G","Strike_G"],"score":734,"play_id":"eb9d92f1-4fb3-4768-9543-84d14580f93d","local_time":"20181116134514","is_ascension_mode":true,"campfire_choices":[{"floor":7,"key":"REST"},{"floor":10,"key":"REST"},{"floor":15,"key":"REST"},{"floor":23,"key":"REST"},{"floor":25,"key":"REST"},{"floor":30,"key":"REST"},{"floor":32,"key":"REST"},{"data":"After Image","floor":40,"key":"SMITH"},{"floor":42,"key":"REST"},{"data":"Noxious Fumes","floor":44,"key":"SMITH"},{"data":"Footwork","floor":46,"key":"SMITH"},{"floor":49,"key":"REST"}],"neow_cost":"NO_GOLD","seed_source_timestamp":206456167165060,"circlet_count":0,"master_deck":["Defend_G+1","Defend_G","Defend_G","Defend_G","Strike_G","Strike_G","Strike_G","Survivor","Neutralize","Predator+1","Noxious Fumes+1","PiercingWail","Terror","Crippling Poison","Backflip","A Thousand Cuts+1","Backflip+1","Well Laid Plans","Blur","Blur+1","After Image+1","Footwork+1","Terror+1","Secret Technique","Dash","Dash+1","Footwork+1"],"relics":["Ring of the Snake","Tough Bandages","Happy Flower","Paper Crane","Runic Dome","Thread and Needle","Omamori","Darkstone Periapt","Black Star","Potion Belt","Ice Cream","FossilizedHelix","Oddly Smooth Stone","Calipers","The Specimen"],"potions_floor_usage":[6,8,35,48],"damage_taken":[{"damage":0,"enemies":"2 Louse","floor":1,"turns":2},{"damage":4,"enemies":"Small Slimes","floor":5,"turns":3},{"damage":23,"enemies":"Gremlin Nob","floor":6,"turns":5},{"damage":24,"enemies":"Lagavulin","floor":8,"turns":8},{"damage":0,"enemies":"Jaw Worm","floor":12,"turns":3},{"damage":1,"enemies":"2 Fungi Beasts","floor":13,"turns":4},{"damage":1,"enemies":"Looter","floor":14,"turns":3},{"damage":24,"enemies":"Hexaghost","floor":16,"turns":10},{"damage":17,"enemies":"2 Thieves","floor":18,"turns":4},{"damage":22,"enemies":"Colosseum Slavers","floor":21,"turns":5},{"damage":16,"enemies":"Spheric Guardian","floor":22,"turns":6},{"damage":18,"enemies":"Book of Stabbing","floor":24,"turns":6},{"damage":4,"enemies":"Slavers","floor":27,"turns":5},{"damage":18,"enemies":"3 Cultists","floor":29,"turns":5},{"damage":0,"enemies":"Snake Plant","floor":31,"turns":6},{"damage":5,"enemies":"Collector","floor":33,"turns":11},{"damage":11,"enemies":"3 Shapes","floor":35,"turns":5},{"damage":0,"enemies":"Orb Walker","floor":36,"turns":5},{"damage":23,"enemies":"Jaw Worm Horde","floor":41,"turns":5},{"damage":12,"enemies":"Giant Head","floor":45,"turns":11},{"damage":60,"enemies":"Reptomancer","floor":48,"turns":9},{"damage":42,"enemies":"Awakened One","floor":50,"turns":3}],"seed_played":"-3062778011750402980","potions_obtained":[{"floor":1,"key":"Block Potion"},{"floor":6,"key":"GhostInAJar"},{"floor":14,"key":"Swift Potion"},{"floor":16,"key":"SteroidPotion"},{"floor":24,"key":"SkillPotion"},{"floor":27,"key":"Regen Potion"},{"floor":45,"key":"GamblersBrew"}],"is_trial":false,"path_per_floor":["M","?","?","?","M","E","R","E","T","R","?","M","M","M","R","B",null,"M","$","?","?","M","R","E","R","T","E","?","M","R","M","R","B",null,"M","M","?","?","$","R","M","R","T","R","E","R","$","E","R","B"],"character_chosen":"THE_SILENT","items_purchased":["Well Laid Plans","Dash","Oddly Smooth Stone"],"campfire_rested":9,"item_purchase_floors":[19,39,47],"current_hp_per_floor":[77,60,53,53,49,26,51,27,27,52,52,52,51,50,75,51,76,59,59,59,37,21,46,28,53,53,49,49,31,56,56,81,76,82,71,71,71,71,71,71,48,73,73,73,61,61,61,16,41,0],"gold":93,"neow_bonus":"TWENTY_PERCENT_HP_BONUS","is_prod":false,"is_daily":false,"chose_seed":false,"campfire_upgraded":3,"win_rate":0,"timestamp":1542404714,"path_taken":["M","?","?","?","M","E","R","E","T","R","?","M","M","M","R","BOSS","M","$","?","?","M","R","E","R","T","E","?","M","R","?","R","BOSS","M","M","?","?","?","R","M","R","T","R","E","R","$","E","R","BOSS"],"build_version":"2018-11-15","purchased_purges":2,"victory":false,"max_hp_per_floor":[84,84,84,84,84,84,84,84,84,84,84,84,84,84,84,84,84,84,84,84,84,84,84,84,84,84,84,84,84,84,84,84,84,84,84,84,84,84,84,84,84,84,84,84,84,84,84,84,84,84],"card_choices":[{"not_picked":["Catalyst","Accuracy"],"picked":"Predator","floor":1},{"not_picked":["Sucker Punch","Skewer"],"picked":"Noxious Fumes","floor":5},{"not_picked":["Flying Knee","Distraction"],"picked":"PiercingWail","floor":6},{"not_picked":["Dagger Spray","Heel Hook"],"picked":"Terror","floor":8},{"not_picked":["Choke","Cloak And Dagger"],"picked":"Crippling Poison","floor":12},{"not_picked":["Deadly Poison","Prepared","Outmaneuver"],"picked":"SKIP","floor":13},{"not_picked":["Flying Knee","Bouncing Flask"],"picked":"Backflip","floor":14},{"not_picked":["Storm of Steel","Die Die Die"],"picked":"A Thousand Cuts","floor":16},{"not_picked":["Sucker Punch","Flying Knee"],"picked":"Backflip+1","floor":18},{"not_picked":["Crippling Poison","Bane+1","Deflect"],"picked":"SKIP","floor":22},{"not_picked":["Blade Dance","Backflip","Dodge and Roll+1"],"picked":"SKIP","floor":24},{"not_picked":["Blade Dance","Escape Plan"],"picked":"Blur","floor":27},{"not_picked":["Infinite Blades+1","Bouncing Flask+1"],"picked":"Blur+1","floor":29},{"not_picked":["Deadly Poison+1","Flying Knee","Sucker Punch"],"picked":"SKIP","floor":31},{"not_picked":["Bullet Time","Grand Finale"],"picked":"After Image","floor":33},{"not_picked":["Outmaneuver","Quick Slash+1"],"picked":"Footwork+1","floor":35},{"not_picked":["Underhanded Strike","Cloak And Dagger"],"picked":"Terror+1","floor":36},{"not_picked":["Thinking Ahead","Flash of Steel"],"picked":"Secret Technique","floor":37},{"not_picked":["Slice+1","Outmaneuver+1"],"picked":"Dash+1","floor":41},{"not_picked":["Bane+1","Catalyst"],"picked":"Footwork","floor":45},{"not_picked":["Riddle With Holes","Terror+1","Blur"],"picked":"SKIP","floor":48}],"player_experience":261204,"relics_obtained":[{"floor":6,"key":"Tough Bandages"},{"floor":8,"key":"Happy Flower"},{"floor":9,"key":"Paper Crane"},{"floor":24,"key":"Thread and Needle"},{"floor":26,"key":"Omamori"},{"floor":27,"key":"Darkstone Periapt"},{"floor":43,"key":"Potion Belt"},{"floor":45,"key":"Ice Cream"},{"floor":45,"key":"FossilizedHelix"},{"floor":48,"key":"Calipers"},{"floor":48,"key":"The Specimen"}],"event_choices":[{"damage_healed":0,"gold_gain":0,"player_choice":"Entered Light","damage_taken":17,"max_hp_gain":0,"max_hp_loss":0,"event_name":"Shining Light","floor":2,"gold_loss":0,"cards_upgraded":["Predator","Defend_G"]},{"cards_removed":["Strike_G"],"damage_healed":0,"gold_gain":0,"player_choice":"Card Removal","damage_taken":7,"max_hp_gain":0,"max_hp_loss":0,"event_name":"Golden Wing","floor":3,"gold_loss":0},{"damage_healed":0,"gold_gain":0,"player_choice":"Leave","damage_taken":0,"max_hp_gain":0,"max_hp_loss":0,"event_name":"The Cleric","floor":4,"gold_loss":0},{"damage_healed":0,"gold_gain":0,"player_choice":"Ignored","damage_taken":0,"max_hp_gain":0,"max_hp_loss":0,"event_name":"Golden Idol","floor":11,"gold_loss":0},{"damage_healed":0,"gold_gain":0,"player_choice":"Ignored","damage_taken":0,"max_hp_gain":0,"max_hp_loss":0,"event_name":"Beggar","floor":20,"gold_loss":0},{"damage_healed":0,"gold_gain":0,"player_choice":"Fight","damage_taken":0,"max_hp_gain":0,"max_hp_loss":0,"event_name":"Colosseum","floor":21,"gold_loss":0},{"damage_healed":0,"gold_gain":0,"player_choice":"Fled From Nobs","damage_taken":0,"max_hp_gain":0,"max_hp_loss":0,"event_name":"Colosseum","floor":21,"gold_loss":0},{"damage_healed":0,"gold_gain":0,"player_choice":"Upgrade","damage_taken":0,"max_hp_gain":0,"max_hp_loss":0,"event_name":"Designer","floor":28,"gold_loss":40,"cards_upgraded":["A Thousand Cuts"]},{"damage_healed":0,"gold_gain":0,"player_choice":"Memory 1","damage_taken":0,"max_hp_gain":0,"max_hp_loss":0,"event_name":"SensoryStone","floor":37,"gold_loss":0},{"damage_healed":0,"gold_gain":0,"player_choice":"Ignored","damage_taken":0,"max_hp_gain":0,"max_hp_loss":0,"event_name":"Tomb of Lord Red Mask","floor":38,"gold_loss":0}],"is_beta":false,"boss_relics":[{"not_picked":["Busted Crown","Velvet Choker"],"picked":"Runic Dome"},{"not_picked":["WristBlade","Lizard Tail"],"picked":"Black Star"}],"items_purged_floors":[19,39],"is_endless":false,"potions_floor_spawned":[1,6,14,16,21,24,27,29,45],"killed_by":"Awakened One","ascension_level":7}