{"gold_per_floor":[110,210,227,227,240,271,271,302,302,302,289,289,289],"floor_reached":13,"playtime":492,"items_purged":[],"score":107,"play_id":"22c2e94b-302d-46ca-bd7c-b36cf860e6d2","local_time":"20181202183838","is_ascension_mode":true,"campfire_choices":[{"floor":7,"key":"REST"},{"floor":10,"key":"RECALL"},{"floor":12,"key":"REST"}],"neow_cost":"NONE","seed_source_timestamp":697842976619544,"circlet_count":0,"master_deck":["Defend_G","Defend_G","Defend_G","Defend_G","Strike_G","Strike_G","Strike_G","Strike_G","Strike_G","Survivor","Neutralize","Blur","Leg Sweep","Backstab"],"relics":["Ring of the Snake","NeowsBlessing","Bird Faced Urn","The Specimen"],"potions_floor_usage":[1,13],"damage_taken":[{"damage":0,"enemies":"Small Slimes","floor":1,"turns":1},{"damage":0,"enemies":"Cultist","floor":3,"turns":1},{"damage":0,"enemies":"2 Louse","floor":5,"turns":1},{"damage":42,"enemies":"3 Sentries","floor":6,"turns":15},{"damage":47,"enemies":"Gremlin Nob","floor":8,"turns":6},{"damage":4,"enemies":"Exordium Thugs","floor":11,"turns":4},{"damage":51,"enemies":"Lagavulin","floor":13,"turns":8}],"seed_played":"-3343232521250500933","potions_obtained":[{"floor":1,"key":"Fruit Juice"},{"floor":11,"key":"Regen Potion"}],"is_trial":false,"path_per_floor":["M","?","M","?","M","E","R","E","T","R","M","R","E"],"character_chosen":"THE_SILENT","items_purchased":[],"campfire_rested":2,"item_purchase_floors":[],"current_hp_per_floor":[75,75,75,75,75,33,55,8,8,8,4,26,0],"gold":289,"neow_bonus":"THREE_ENEMY_KILL","is_prod":false,"is_daily":false,"chose_seed":false,"campfire_upgraded":0,"win_rate":0,"timestamp":1543797518,"path_taken":["M","?","?","?","M","E","R","E","T","R","M","R","E"],"build_version":"2018-11-15","purchased_purges":0,"victory":false,"max_hp_per_floor":[75,75,75,75,75,75,75,75,75,75,75,75,75],"card_choices":[{"not_picked":["Dagger Throw","Cloak And Dagger"],"picked":"Blur","floor":1},{"not_picked":["Flying Knee","Prepared"],"picked":"Leg Sweep","floor":3},{"not_picked":["Outmaneuver","Flechettes","Escape Plan"],"picked":"SKIP","floor":5},{"not_picked":["Crippling Poison","Flechettes"],"picked":"Backstab","floor":6},{"not_picked":["Deadly Poison","Die Die Die","Tactician"],"picked":"SKIP","floor":8},{"not_picked":["Deadly Poison","Flying Knee","Quick Slash"],"picked":"SKIP","floor":11}],"player_experience":624722,"relics_obtained":[{"floor":6,"key":"Bird Faced Urn"},{"floor":8,"key":"The Specimen"}],"event_choices":[{"damage_healed":0,"gold_gain":100,"player_choice":"Pray","damage_taken":0,"max_hp_gain":0,"max_hp_loss":0,"event_name":"Golden Shrine","floor":2,"gold_loss":0},{"cards_removed":["Defend_G"],"damage_healed":0,"gold_gain":0,"player_choice":"Offered Basic","damage_taken":0,"max_hp_gain":0,"max_hp_loss":0,"event_name":"Bonfire Elementals","floor":4,"gold_loss":0}],"is_beta":false,"boss_relics":[],"items_purged_floors":[],"is_endless":false,"potions_floor_spawned":[1,11],"killed_by":"Lagavulin","ascension_level":3}