{"path_per_floor":["M","?","M","M","M","R","E","R","T","R","$","E","?","M","R","B",null,"M","M","?","$","M","E","M","?","T","R","$","R","E","M","R","B",null,"M","?","M","?","$","R","$","R","T","?","?","M","?","?","R"],"character_chosen":"DEFECT","items_purchased":["Beam Cell","Juzu Bracelet","Secret Weapon","Regal Pillow"],"gold_per_floor":[109,109,120,135,148,148,179,179,479,479,357,392,392,407,407,508,508,527,537,537,195,212,238,249,249,249,249,3,3,34,53,53,148,148,161,161,180,180,180,180,55,55,55,155,155,173,173,173,173,173],"floor_reached":50,"campfire_rested":3,"playtime":2674,"current_hp_per_floor":[69,44,44,44,41,41,19,41,41,41,41,37,37,36,36,32,75,55,55,55,55,44,22,6,6,6,28,28,65,47,34,34,32,75,56,56,58,58,58,68,68,75,75,75,75,24,24,66,66,0],"items_purged":["Strike_B","Decay","Strike_B"],"gold":173,"score":486,"play_id":"c7865edc-996f-446e-871d-ebff4de67490","local_time":"20180430222916","is_prod":false,"is_daily":false,"chose_seed":false,"is_ascension_mode":false,"campfire_upgraded":7,"timestamp":1525098556,"path_taken":["M","?","M","?","?","R","E","R","T","R","$","E","?","M","R","BOSS","M","M","?","$","M","E","M","?","T","R","$","R","E","M","R","BOSS","M","?","M","?","?","R","$","R","T","?","?","M","?","?","R","BOSS"],"build_version":"2018-04-27v3","seed_source_timestamp":128052835521316,"purchased_purges":4,"victory":false,"master_deck":["Defend_B","Defend_B","Defend_B","Defend_B","Zap","Dualcast","Amplify","Streamline","Force Field","Loop+1","Ball Lightning","White Noise+1","Beam Cell","Axe Kick","Scrape","Hello World+1","Echo Form+1","White Noise+1","Streamline","Secret Weapon+1","Heatsinks+1","Prime+1","Go for the Eyes","Meteor Strike","Flux Capacitor+1","Injury"],"max_hp_per_floor":[75,75,75,75,75,75,75,75,75,75,75,75,75,75,75,75,75,75,75,75,75,75,75,75,75,75,75,75,75,75,75,75,75,75,75,75,75,75,75,75,75,75,75,75,75,75,75,66,66,66],"relics":["Cracked Core","Thread and Needle","Torii","Old Coin","Pantograph","Cursed Key","Juzu Bracelet","Ice Cream","Ginger","Regal Pillow","Blood Vial","Eternal Feather","Bag of Marbles"],"card_choices":[{"not_picked":["Double Energy","Reprogram"],"picked":"Streamline","floor":1},{"not_picked":["Leap","Darkness"],"picked":"Force Field","floor":3},{"not_picked":["Blizzard","Stack"],"picked":"Loop","floor":4},{"not_picked":["Rebound","Axe Kick"],"picked":"Ball Lightning","floor":5},{"not_picked":["Genetic Algorithm","Redo"],"picked":"White Noise","floor":7},{"not_picked":["Impulse","Turbo"],"picked":"Axe Kick","floor":12},{"not_picked":["Beam Cell","Glacier"],"picked":"Hello World","floor":14},{"not_picked":["Fission","Meteor Strike"],"picked":"Echo Form","floor":16},{"not_picked":["FTL","Force Field"],"picked":"White Noise","floor":18},{"not_picked":["Cold Snap","Turbo"],"picked":"Streamline","floor":19},{"not_picked":["Go for the Eyes","Defragment"],"picked":"Heatsinks","floor":22},{"not_picked":["Barrage","FTL"],"picked":"Prime","floor":30},{"not_picked":["Barrage","Streamline"],"picked":"Go for the Eyes","floor":31},{"not_picked":["Prime","Echo Form"],"picked":"Meteor Strike","floor":33},{"not_picked":["Barrage","Genetic Algorithm"],"picked":"Flux Capacitor","floor":35}],"player_experience":17374,"potions_floor_usage":[5,18,23,23,50,50,50],"damage_taken":[{"damage":6,"enemies":"Jaw Worm","floor":1,"turns":3},{"damage":0,"enemies":"2 Louse","floor":3,"turns":2},{"damage":0,"enemies":"Cultist","floor":4,"turns":3},{"damage":3,"enemies":"Lots of Slimes","floor":5,"turns":5},{"damage":22,"enemies":"Lagavulin","floor":7,"turns":6},{"damage":4,"enemies":"3 Sentries","floor":12,"turns":6},{"damage":1,"enemies":"Large Slime","floor":14,"turns":4},{"damage":29,"enemies":"Hexaghost","floor":16,"turns":8},{"damage":27,"enemies":"3 Byrds","floor":18,"turns":5},{"damage":0,"enemies":"Chosen","floor":19,"turns":5},{"damage":11,"enemies":"Sentry and Sphere","floor":22,"turns":5},{"damage":31,"enemies":"Book of Stabbing","floor":23,"turns":7},{"damage":16,"enemies":"3 Cultists","floor":24,"turns":6},{"damage":18,"enemies":"Gremlin Leader","floor":30,"turns":10},{"damage":15,"enemies":"Cultist and Chosen","floor":31,"turns":6},{"damage":29,"enemies":"Automaton","floor":33,"turns":9},{"damage":19,"enemies":"Orb Walker","floor":35,"turns":5},{"damage":0,"enemies":"3 Shapes","floor":37,"turns":4},{"damage":51,"enemies":"Flame Bruiser 2 Orb","floor":46,"turns":6},{"damage":74,"enemies":"Donu and Deca","floor":50,"turns":6}],"event_choices":[{"event_name":"Scrap Ooze","player_choice":"success","floor":2,"damage_taken":25},{"event_name":"Living Wall","player_choice":"Change","floor":13,"damage_taken":0},{"event_name":"The Lab","player_choice":"Got Potions","floor":20,"damage_taken":0},{"event_name":"Back to Basics","player_choice":"Elegance","floor":25,"damage_taken":0},{"event_name":"SensoryStone","player_choice":"Memory 1","floor":36,"damage_taken":0},{"event_name":"Tomb of Lord Red Mask","player_choice":"Ignored","floor":38,"damage_taken":0},{"event_name":"Golden Shrine","player_choice":"Pray","floor":44,"damage_taken":0},{"event_name":"Upgrade Shrine","player_choice":"Upgraded","floor":45,"damage_taken":0},{"event_name":"Mysterious Sphere","player_choice":"Ignore","floor":47,"damage_taken":0},{"event_name":"The Moai Head","player_choice":"Heal","floor":48,"damage_taken":0}],"boss_relics":[{"not_picked":["Orrery","Runic Dome"],"picked":"Cursed Key"},{"not_picked":["Philosopher\u0027s Stone","Calling Bell"],"picked":"Eternal Feather"}],"potions_floor_spawned":[1,4,12,14,19,22,33,37],"seed_played":"4637516801692224449","killed_by":"Donu and Deca","ascension_level":0,"is_trial":false}