{"gold_per_floor":[109,128,53,53,53,53,66,66,89,89,105,70,83,104,104,229,229,244,268,293,293],"floor_reached":21,"playtime":1190,"items_purged":["Strike_B"],"score":171,"play_id":"19e5d0f2-68ba-4d2f-b62e-bb50d1fdcb01","local_time":"20190202175049","is_ascension_mode":false,"campfire_choices":[{"data":"Seek","floor":6,"key":"SMITH"},{"data":"Beam Cell","floor":8,"key":"SMITH"},{"data":"Defend_B","floor":15,"key":"SMITH"}],"neow_cost":"NONE","seed_source_timestamp":1311660838393802,"circlet_count":0,"master_deck":["Strike_B","Strike_B","Strike_B","Defend_B+1","Defend_B","Defend_B","Defend_B","Zap","Dualcast","Seek+1","Beam Cell+1","Creative AI","Chill"],"relics":["Cracked Core","Sundial","Golden Idol","Strawberry","Eternal Feather","Boot"],"potions_floor_usage":[16],"damage_taken":[{"damage":0,"enemies":"2 Louse","floor":1,"turns":2},{"damage":2,"enemies":"Small Slimes","floor":2,"turns":3},{"damage":1,"enemies":"Jaw Worm","floor":7,"turns":3},{"damage":8,"enemies":"Red Slaver","floor":11,"turns":3},{"damage":11,"enemies":"Lots of Slimes","floor":13,"turns":4},{"damage":9,"enemies":"2 Fungi Beasts","floor":14,"turns":4},{"damage":53,"enemies":"The Guardian","floor":16,"turns":12},{"damage":38,"enemies":"2 Thieves","floor":18,"turns":5},{"damage":29,"enemies":"Spheric Guardian","floor":19,"turns":6},{"damage":19,"enemies":"Centurion and Healer","floor":21,"turns":7}],"seed_played":"-8932352133112606790","potions_obtained":[{"floor":2,"key":"LiquidBronze"},{"floor":7,"key":"Fire Potion"},{"floor":11,"key":"GamblersBrew"},{"floor":14,"key":"Fire Potion"},{"floor":16,"key":"Explosive Potion"}],"is_trial":false,"path_per_floor":["?","?","?","?","M","T","M"],"character_chosen":"DEFECT","items_purchased":[],"campfire_rested":0,"item_purchase_floors":[],"current_hp_per_floor":[75,73,73,66,66,66,65,65,72,77,69,81,70,61,61,8,81,43,14,14,0],"gold":293,"neow_bonus":"ONE_RANDOM_RARE_CARD","is_prod":false,"is_daily":false,"chose_seed":false,"campfire_upgraded":3,"win_rate":0.0,"timestamp":1549126249,"path_taken":["M","M","$","?","?","R","M","R","T","?","M","?","?","M","R","BOSS","M","M","?","?"],"build_version":"2019-01-23","purchased_purges":1,"victory":false,"max_hp_per_floor":[75,75,75,75,69,69,69,69,76,81,81,81,81,81,81,81,81,81,81,81,81],"card_choices":[{"not_picked":["Redo","Compile Driver"],"picked":"Beam Cell","floor":1},{"not_picked":["Steam","Reprogram","Hello World"],"picked":"SKIP","floor":2},{"not_picked":["Force Field","Steam Power","Hello World"],"picked":"SKIP","floor":7},{"not_picked":["Conserve Battery","Leap","Compile Driver"],"picked":"SKIP","floor":11},{"not_picked":["Blizzard","BootSequence","Cold Snap"],"picked":"SKIP","floor":13},{"not_picked":["Tempest","Chaos","Multi-Cast"],"picked":"SKIP","floor":14},{"not_picked":["Buffer","Fission"],"picked":"Creative AI","floor":16},{"not_picked":["Sweeping Beam","Darkness","Fusion"],"picked":"SKIP","floor":18},{"not_picked":["Stack","Sweeping Beam"],"picked":"Chill","floor":19}],"player_experience":76260,"relics_obtained":[{"floor":9,"key":"Strawberry"},{"floor":20,"key":"Boot"}],"event_choices":[{"damage_healed":0,"gold_gain":0,"player_choice":"Success","damage_taken":7,"relics_obtained":["Sundial"],"max_hp_gain":0,"max_hp_loss":0,"event_name":"Scrap Ooze","floor":4,"gold_loss":0},{"damage_healed":0,"gold_gain":0,"player_choice":"Lose Max HP","damage_taken":0,"relics_obtained":["Golden Idol"],"max_hp_gain":0,"max_hp_loss":6,"event_name":"Golden Idol","floor":5,"gold_loss":0},{"damage_healed":0,"gold_gain":0,"player_choice":"Donut","damage_taken":0,"max_hp_gain":5,"max_hp_loss":0,"event_name":"Big Fish","floor":10,"gold_loss":0},{"damage_healed":20,"gold_gain":0,"player_choice":"Healed","damage_taken":0,"max_hp_gain":0,"max_hp_loss":0,"event_name":"The Cleric","floor":12,"gold_loss":35}],"is_beta":false,"boss_relics":[{"not_picked":["Inserter","Snecko Eye"],"picked":"Eternal Feather"}],"items_purged_floors":[3],"is_endless":false,"potions_floor_spawned":[2,7,11,14,16],"killed_by":"Centurion and Healer","ascension_level":0}