{"gold_per_floor":[117,117,117,133,143,143,161,187,187,187,112,112,132,160,160,255,255,268,178,192,92,92],"floor_reached":22,"playtime":1233,"items_purged":["Bash","Metallicize"],"score":223,"play_id":"61bae8f4-90fd-4865-8945-7204ed122826","local_time":"20181120220039","is_ascension_mode":true,"campfire_choices":[{"floor":6,"key":"RECALL"},{"data":"Metallicize","floor":10,"key":"SMITH"},{"data":"Uppercut","floor":12,"key":"SMITH"},{"data":"Shrug It Off","floor":15,"key":"SMITH"}],"neow_cost":"NONE","seed_source_timestamp":535906265140786,"circlet_count":0,"master_deck":["Strike_R","Strike_R","Strike_R","Strike_R","Defend_R","Defend_R","Defend_R","Defend_R","Metallicize+1","Uppercut+1","Metallicize+1","Shrug It Off+1","Demon Form"],"relics":["Black Blood","NeowsBlessing","Mummified Hand","Charon\u0027s Ashes"],"potions_floor_usage":[7,7,8,8,8,16,16],"damage_taken":[{"damage":0,"enemies":"Jaw Worm","floor":1,"turns":1},{"damage":0,"enemies":"Cultist","floor":4,"turns":1},{"damage":0,"enemies":"Small Slimes","floor":5,"turns":1},{"damage":11,"enemies":"2 Fungi Beasts","floor":7,"turns":6},{"damage":21,"enemies":"Gremlin Nob","floor":8,"turns":5},{"damage":4,"enemies":"Large Slime","floor":13,"turns":9},{"damage":11,"enemies":"3 Sentries","floor":14,"turns":11},{"damage":37,"enemies":"The Guardian","floor":16,"turns":26},{"damage":1,"enemies":"Chosen","floor":18,"turns":5},{"damage":15,"enemies":"Spheric Guardian","floor":20,"turns":8},{"damage":85,"enemies":"Centurion and Healer","floor":22,"turns":10}],"seed_played":"1749912458428648222","potions_obtained":[{"floor":1,"key":"PowerPotion"},{"floor":4,"key":"EntropicBrew"},{"floor":13,"key":"SteroidPotion"},{"floor":14,"key":"PowerPotion"}],"is_trial":false,"path_per_floor":["M","?","?","M","M","R","M","E","T","R","$","R","M","E","R","B",null,"M","?","M","$","M"],"character_chosen":"IRONCLAD","items_purchased":[],"campfire_rested":0,"item_purchase_floors":[],"current_hp_per_floor":[80,85,85,85,85,85,80,73,73,73,73,73,75,70,70,39,85,85,85,80,80,0],"gold":92,"neow_bonus":"THREE_ENEMY_KILL","is_prod":false,"is_daily":false,"chose_seed":false,"campfire_upgraded":3,"win_rate":0,"timestamp":1542772839,"path_taken":["M","?","?","M","M","R","?","E","T","R","$","R","M","E","R","BOSS","M","?","?","$","M"],"build_version":"2018-11-15","purchased_purges":2,"victory":false,"max_hp_per_floor":[80,85,85,85,85,85,85,85,85,85,85,85,85,85,85,85,85,85,85,85,85,85],"card_choices":[{"not_picked":["Pummel","Spot Weakness","Clothesline"],"picked":"SKIP","floor":1},{"not_picked":["Sword Boomerang","Shrug It Off"],"picked":"Metallicize","floor":4},{"not_picked":["Headbutt","Body Slam","Burning Pact"],"picked":"SKIP","floor":5},{"not_picked":["Body Slam","Sever Soul"],"picked":"Uppercut","floor":7},{"not_picked":["Fire Breathing","Pommel Strike"],"picked":"Metallicize","floor":8},{"not_picked":["Clash","Thunderclap"],"picked":"Shrug It Off","floor":13},{"not_picked":["Hemokinesis","Sword Boomerang","Wild Strike"],"picked":"SKIP","floor":14},{"not_picked":["Berserk","Impervious"],"picked":"Demon Form","floor":16},{"not_picked":["Anger","Shrug It Off"],"picked":"Metallicize","floor":18},{"not_picked":["Heavy Blade","Evolve","Headbutt+1"],"picked":"SKIP","floor":20}],"player_experience":462146,"relics_obtained":[{"floor":8,"key":"Mummified Hand"},{"floor":14,"key":"Charon\u0027s Ashes"}],"event_choices":[{"damage_healed":0,"gold_gain":0,"player_choice":"Donut","damage_taken":0,"max_hp_gain":5,"max_hp_loss":0,"event_name":"Big Fish","floor":2,"gold_loss":0},{"damage_healed":0,"gold_gain":0,"player_choice":"0 cards matched","damage_taken":0,"max_hp_gain":0,"max_hp_loss":0,"event_name":"Match and Keep!","floor":3,"gold_loss":0,"cards_obtained":[]},{"cards_removed":["Strike_R"],"damage_healed":0,"gold_gain":0,"player_choice":"Upgrade and Remove","damage_taken":0,"max_hp_gain":0,"max_hp_loss":0,"event_name":"Designer","floor":19,"gold_loss":90,"cards_upgraded":["Metallicize"]}],"is_beta":false,"boss_relics":[{"not_picked":["Astrolabe","White Beast Statue"],"picked":"Black Blood"}],"items_purged_floors":[11,21],"is_endless":false,"potions_floor_spawned":[1,4,13,14],"killed_by":"Centurion and Healer","ascension_level":3}