{"gold_per_floor":[112,122,122,47,58,58,74,74,74,85,98,98,110,127,127,227,227,245,245,261,361,380,380,393,393],"floor_reached":25,"playtime":1421,"items_purged":["Strike_R"],"score":199,"play_id":"4b93900f-c1d6-4d5a-bc04-7b34048d130a","local_time":"20190225012559","is_ascension_mode":false,"campfire_choices":[{"data":"Bash","floor":6,"key":"SMITH"},{"data":"True Grit","floor":12,"key":"SMITH"},{"data":"Cleave","floor":15,"key":"SMITH"},{"data":"True Grit","floor":23,"key":"SMITH"}],"neow_cost":"NONE","seed_source_timestamp":129807665573885,"circlet_count":0,"master_deck":["Strike_R","Strike_R","Strike_R","Defend_R","Defend_R","Defend_R","Defend_R","Bash+1","Shrug It Off","Disarm","Impervious","True Grit+1","Cleave+1","Offering","Body Slam","True Grit+1","Feel No Pain"],"relics":["Burning Blood","NeowsBlessing","Bird Faced Urn","Mark of Pain"],"potions_floor_usage":[16,25],"damage_taken":[{"damage":0,"enemies":"Cultist","floor":1,"turns":1},{"damage":0,"enemies":"2 Louse","floor":2,"turns":1},{"damage":0,"enemies":"Small Slimes","floor":5,"turns":1},{"damage":0,"enemies":"Red Slaver","floor":7,"turns":5},{"damage":7,"enemies":"3 Louse","floor":10,"turns":6},{"damage":0,"enemies":"Blue Slaver","floor":11,"turns":8},{"damage":5,"enemies":"Large Slime","floor":13,"turns":10},{"damage":0,"enemies":"3 Louse","floor":14,"turns":6},{"damage":78,"enemies":"Slime Boss","floor":16,"turns":17},{"damage":14,"enemies":"Shell Parasite","floor":18,"turns":8},{"damage":15,"enemies":"2 Thieves","floor":20,"turns":4},{"damage":17,"enemies":"3 Cultists","floor":22,"turns":5},{"damage":15,"enemies":"Snake Plant","floor":24,"turns":5},{"damage":49,"enemies":"Slavers","floor":25,"turns":4}],"seed_played":"2878186325031084562","potions_obtained":[{"floor":2,"key":"Energy Potion"},{"floor":8,"key":"Strength Potion"},{"floor":8,"key":"Strength Potion"},{"floor":10,"key":"Explosive Potion"},{"floor":13,"key":"Dexterity Potion"}],"is_trial":false,"path_per_floor":["M","M","?","$","M","R","M","?","T","M","M","R","M","M","R","B",null,"M","?","M","?","M","R","M","E"],"character_chosen":"IRONCLAD","items_purchased":[],"campfire_rested":0,"item_purchase_floors":[],"current_hp_per_floor":[80,80,80,80,80,80,80,80,80,79,80,80,80,80,80,8,80,72,72,63,63,52,52,43,0],"gold":393,"neow_bonus":"THREE_ENEMY_KILL","is_prod":false,"is_daily":false,"chose_seed":false,"campfire_upgraded":4,"win_rate":0,"timestamp":1551075959,"path_taken":["M","M","?","$","?","R","M","?","T","M","M","R","?","M","R","BOSS","M","?","?","?","?","R","M","E"],"build_version":"2019-01-23","purchased_purges":1,"victory":false,"max_hp_per_floor":[80,80,80,80,80,80,80,80,80,80,80,80,80,80,80,80,80,80,80,80,80,80,80,80,80],"card_choices":[{"not_picked":["Flex","Reckless Charge","Sword Boomerang"],"picked":"SKIP","floor":1},{"not_picked":["Iron Wave","Clash"],"picked":"Shrug It Off","floor":2},{"not_picked":["Clothesline","Uppercut"],"picked":"Disarm","floor":5},{"not_picked":["Heavy Blade","Pommel Strike"],"picked":"Impervious","floor":7},{"not_picked":["Bloodletting","Pommel Strike"],"picked":"True Grit","floor":10},{"not_picked":["Rage","Clash","Corruption"],"picked":"SKIP","floor":11},{"not_picked":["Flex","Perfected Strike"],"picked":"Cleave","floor":13},{"not_picked":["Warcry","Heavy Blade","Sword Boomerang"],"picked":"SKIP","floor":14},{"not_picked":["Feed","Exhume"],"picked":"Offering","floor":16},{"not_picked":["Pommel Strike","Dropkick+1"],"picked":"Body Slam","floor":18},{"not_picked":["Sword Boomerang+1","Shrug It Off"],"picked":"True Grit","floor":20},{"not_picked":["Twin Strike+1","Rupture+1","Combust"],"picked":"SKIP","floor":22},{"not_picked":["Evolve+1","Sever Soul"],"picked":"Feel No Pain","floor":24}],"player_experience":461554,"relics_obtained":[{"floor":9,"key":"Bird Faced Urn"}],"event_choices":[{"damage_healed":0,"gold_gain":0,"player_choice":"Bought 0 Potions","damage_taken":0,"max_hp_gain":0,"max_hp_loss":0,"event_name":"The Woman in Blue","floor":3,"gold_loss":0},{"damage_healed":0,"gold_gain":0,"player_choice":"Got Potions","damage_taken":0,"max_hp_gain":0,"max_hp_loss":0,"event_name":"Lab","floor":8,"gold_loss":0},{"cards_removed":["Strike_R"],"damage_healed":0,"gold_gain":0,"player_choice":"Card Removal","damage_taken":0,"max_hp_gain":0,"max_hp_loss":0,"event_name":"Wheel of Change","floor":19,"gold_loss":0},{"damage_healed":0,"gold_gain":100,"player_choice":"Pray","damage_taken":0,"max_hp_gain":0,"max_hp_loss":0,"event_name":"Golden Shrine","floor":21,"gold_loss":0}],"is_beta":false,"boss_relics":[{"not_picked":["Black Blood","Busted Crown"],"picked":"Mark of Pain"}],"items_purged_floors":[4],"is_endless":false,"potions_floor_spawned":[2,10,11,13],"killed_by":"Slavers","ascension_level":0}