{"gold_per_floor":[118,8,0,12,23,51,51,78,78,78,97,97,126,144,144,239,239,254,354,368,103,103,130,130,177,231,263,52,52,52,67,67,172,172,183,183,159,159,175,27,55,70,70,70,103,103,103,117,117,117,117,117,17,50,50],"floor_reached":56,"playtime":5023,"items_purged":["Venomology","Strike_G"],"score":1748,"play_id":"a378673c-fd72-4a6d-969a-efd504751810","local_time":"20190223145635","is_ascension_mode":true,"campfire_choices":[{"data":"Neutralize","floor":7.0,"key":"SMITH"},{"data":"Noxious Fumes","floor":10.0,"key":"SMITH"},{"data":"Footwork","floor":12.0,"key":"SMITH"},{"data":"Well Laid Plans","floor":15.0,"key":"SMITH"},{"data":"A Thousand Cuts","floor":24.0,"key":"SMITH"},{"data":"Footwork","floor":29.0,"key":"SMITH"},{"data":"Noxious Fumes","floor":32.0,"key":"SMITH"},{"floor":44.0,"key":"REST"},{"floor":47.0,"key":"RECALL"},{"floor":49.0,"key":"REST"},{"floor":52.0,"key":"REST"}],"neow_cost":"PERCENT_DAMAGE","seed_source_timestamp":735303114912531,"circlet_count":0,"master_deck":["Defend_G","Defend_G","Defend_G","Defend_G","Defend_G","Strike_G","Strike_G","Strike_G","Survivor","Neutralize+1","Bouncing Flask","Footwork+1","Bane","Noxious Fumes+1","Predator","A Thousand Cuts+1","Dodge and Roll","Well Laid Plans+1","Blur","Deflect+1","Noxious Fumes+1","Footwork+1","Finesse","Acrobatics","Dash","Backflip","Noxious Fumes","Glass Knife","Blur","Tools of the Trade","Cloak And Dagger+1","Acrobatics","Catalyst","Leg Sweep","Bane","Cloak And Dagger","Malaise"],"special_seed":0,"relics":["Ring of the Snake","Oddly Smooth Stone","Mango","Ninja Scroll","Bronze Scales","Sozu","Juzu Bracelet","Regal Pillow","Ancient Tea Set","Paper Crane","Fusion Hammer","Snake Skull","Boot","Anchor","Orichalcum"],"potions_floor_usage":[55],"damage_taken":[{"damage":7.0,"enemies":"Cultist","floor":1.0,"turns":4.0},{"damage":0.0,"enemies":"Jaw Worm","floor":4.0,"turns":4.0},{"damage":0.0,"enemies":"2 Louse","floor":5.0,"turns":3.0},{"damage":20.0,"enemies":"Gremlin Nob","floor":6.0,"turns":5.0},{"damage":6.0,"enemies":"Lagavulin","floor":8.0,"turns":6.0},{"damage":0.0,"enemies":"Blue Slaver","floor":11.0,"turns":5.0},{"damage":0.0,"enemies":"Gremlin Nob","floor":13.0,"turns":4.0},{"damage":0.0,"enemies":"Looter","floor":14.0,"turns":3.0},{"damage":0.0,"enemies":"Hexaghost","floor":16.0,"turns":9.0},{"damage":9.0,"enemies":"Chosen","floor":18.0,"turns":5.0},{"damage":0.0,"enemies":"3 Byrds","floor":20.0,"turns":4.0},{"damage":21.0,"enemies":"Slavers","floor":23.0,"turns":5.0},{"damage":2.0,"enemies":"Book of Stabbing","floor":27.0,"turns":6.0},{"damage":2.0,"enemies":"Centurion and Healer","floor":31.0,"turns":6.0},{"damage":16.0,"enemies":"Collector","floor":33.0,"turns":9.0},{"damage":14.0,"enemies":"3 Darklings","floor":35.0,"turns":4.0},{"damage":0.0,"enemies":"Orb Walker","floor":39.0,"turns":5.0},{"damage":3.0,"enemies":"Nemesis","floor":41.0,"turns":7.0},{"damage":0.0,"enemies":"Maw","floor":42.0,"turns":6.0},{"damage":1.0,"enemies":"Giant Head","floor":45.0,"turns":8.0},{"damage":0.0,"enemies":"4 Shapes","floor":48.0,"turns":5.0},{"damage":41.0,"enemies":"Time Eater","floor":50.0,"turns":12.0},{"damage":1.0,"enemies":"Shield and Spear","floor":54.0,"turns":8.0},{"damage":57,"enemies":"The Heart","floor":55,"turns":11}],"seed_played":"-6787678135897072956","potions_obtained":[{"floor":1.0,"key":"GamblersBrew"},{"floor":5.0,"key":"SteroidPotion"},{"floor":11.0,"key":"Weak Potion"},{"floor":14.0,"key":"GamblersBrew"}],"is_trial":false,"path_per_floor":["M","$","?","M","M","E","R","E","T","R","M","R","E","M","R","B",null,"M","?","M","$","?","E","R","T","T","E","$","R","$","M","R","B",null,"M","?","$","?","M","$","E","M","T","R","E","?","R","M","R","B",null,"R","$","E","B",null],"character_chosen":"THE_SILENT","items_purchased":["Footwork","Dash","Footwork","Finesse","Acrobatics","Noxious Fumes","Glass Knife","Acrobatics","Snake Skull"],"campfire_rested":3,"item_purchase_floors":[2,2,21,21,21,28,28,37,40],"current_hp_per_floor":[52,52,52,52,52,32,32,40,40,40,40,40,40,40,40,40,84,75,75,75,75,98,77,77,77,77,75,75,75,75,73,73,57,88,74,74,74,74,74,74,71,71,71,98,97,97,97,97,98,57,88,98,98,97,40],"gold":50,"neow_bonus":"TWENTY_PERCENT_HP_BONUS","is_prod":false,"is_daily":false,"chose_seed":false,"campfire_upgraded":7,"win_rate":0,"timestamp":1550962595,"path_taken":["M","$","?","M","M","E","R","E","T","R","M","R","E","M","R","BOSS","M","?","?","?","?","E","R","?","T","E","$","R","$","M","R","BOSS","M","?","$","?","M","$","E","M","T","R","E","?","R","M","R","BOSS","R","$","E","BOSS"],"build_version":"2019-01-23","purchased_purges":2,"victory":true,"max_hp_per_floor":[84,84,84,84,84,84,84,98,98,98,98,98,98,98,98,98,98,98,98,98,98,98,98,98,98,98,98,98,98,98,98,98,98,98,98,98,98,98,98,98,98,98,98,98,98,98,98,98,98,98,98,98,98,98,98],"card_choices":[{"not_picked":["Flying Knee","Dodge and Roll"],"picked":"Bouncing Flask","floor":1.0},{"not_picked":["Slice","Outmaneuver"],"picked":"Bane","floor":4.0},{"not_picked":["Outmaneuver","Bane"],"picked":"Noxious Fumes","floor":5.0},{"not_picked":["Quick Slash","Escape Plan"],"picked":"Predator","floor":6.0},{"not_picked":["Blade Dance","Underhanded Strike"],"picked":"A Thousand Cuts","floor":8.0},{"not_picked":["Dagger Spray","Prepared"],"picked":"Dodge and Roll","floor":11.0},{"not_picked":["Terror","Blade Dance"],"picked":"Well Laid Plans","floor":13.0},{"not_picked":["Quick Slash","Dodge and Roll"],"picked":"Blur","floor":14.0},{"not_picked":["Phantasmal Killer","Grand Finale"],"picked":"Venomology","floor":16.0},{"not_picked":["Deadly Poison","Slice+1"],"picked":"Deflect+1","floor":18.0},{"not_picked":["Accuracy","Heel Hook"],"picked":"Noxious Fumes","floor":20.0},{"not_picked":["Blade Dance","Dagger Throw+1"],"picked":"Dash","floor":23.0},{"not_picked":["Quick Slash","Prepared"],"picked":"Backflip","floor":27.0},{"not_picked":["Deadly Poison","Caltrops"],"picked":"Blur","floor":31.0},{"not_picked":["Grand Finale","Wraith Form v2"],"picked":"Tools of the Trade","floor":33.0},{"not_picked":["Outmaneuver+1","Blade Dance"],"picked":"Cloak And Dagger+1","floor":35.0},{"not_picked":["Cloak And Dagger","Choke+1"],"picked":"Catalyst","floor":39.0},{"not_picked":["Finisher","Choke+1","Predator"],"picked":"SKIP","floor":41.0},{"not_picked":["Blur","Dagger Throw+1"],"picked":"Leg Sweep","floor":42.0},{"not_picked":["Outmaneuver+1","Caltrops","Predator"],"picked":"SKIP","floor":45.0},{"not_picked":["A Thousand Cuts","Deadly Poison"],"picked":"Cloak And Dagger","floor":48.0},{"not_picked":["Terror","Prepared+1"],"picked":"Malaise","floor":54.0}],"player_experience":474584,"relics_obtained":[{"floor":6.0,"key":"Oddly Smooth Stone"},{"floor":8.0,"key":"Mango"},{"floor":9.0,"key":"Ninja Scroll"},{"floor":13.0,"key":"Bronze Scales"},{"floor":23.0,"key":"Juzu Bracelet"},{"floor":25.0,"key":"Regal Pillow"},{"floor":26.0,"key":"Ancient Tea Set"},{"floor":27.0,"key":"Paper Crane"},{"floor":41.0,"key":"Boot"},{"floor":45.0,"key":"Anchor"},{"floor":54.0,"key":"Orichalcum"}],"event_choices":[{"damage_healed":0.0,"max_hp_gain":0.0,"max_hp_loss":0.0,"gold_gain":0.0,"event_name":"World of Goop","player_choice":"Left Gold","floor":3.0,"gold_loss":8.0,"damage_taken":0.0},{"damage_healed":0.0,"max_hp_gain":0.0,"max_hp_loss":0.0,"gold_gain":100.0,"event_name":"Golden Shrine","player_choice":"Pray","floor":19.0,"gold_loss":0.0,"damage_taken":0.0},{"damage_healed":32.0,"max_hp_gain":0.0,"max_hp_loss":0.0,"gold_gain":0.0,"event_name":"The Library","player_choice":"Heal","floor":22.0,"gold_loss":0.0,"damage_taken":0.0},{"cards_removed":["Dash"],"damage_healed":0.0,"max_hp_gain":0.0,"max_hp_loss":0.0,"gold_gain":0.0,"event_name":"Falling","player_choice":"Removed Attack","floor":36.0,"gold_loss":0.0,"damage_taken":0.0},{"damage_healed":0.0,"max_hp_gain":0.0,"max_hp_loss":0.0,"gold_gain":0.0,"event_name":"Tomb of Lord Red Mask","player_choice":"Ignored","floor":38.0,"gold_loss":0.0,"damage_taken":0.0},{"damage_healed":0.0,"max_hp_gain":0.0,"max_hp_loss":0.0,"gold_gain":0.0,"cards_transformed":["Strike_G"],"event_name":"Transmorgrifier","player_choice":"Transformed","floor":46.0,"gold_loss":0.0,"damage_taken":0.0,"cards_obtained":["Bane"]}],"is_beta":false,"boss_relics":[{"not_picked":["Runic Dome","Black Star"],"picked":"Sozu"},{"not_picked":["Calling Bell","Coffee Dripper"],"picked":"Fusion Hammer"}],"items_purged_floors":[21,53],"is_endless":false,"potions_floor_spawned":[1,5,11,14,23,27,31,39,42,45],"ascension_level":8}