{"gold_per_floor":[366,366,366,219,238,272,283,296,320,320,1,17,17,40,40,139,139,127,226,151,163,71,71,88,88,142,142,192,212,212,212,212,309,309,328,73,73],"floor_reached":37,"playtime":1995,"items_purged":["Strike_B","Strike_B","Strike_B"],"score":518,"play_id":"74c09a19-7bf8-4298-b8ee-e40152e98c67","local_time":"20190227152630","is_ascension_mode":true,"campfire_choices":[{"floor":10,"key":"REST"},{"data":"Zap","floor":13,"key":"SMITH"},{"data":"Defragment","floor":15,"key":"SMITH"},{"data":"Electrodynamics","floor":23,"key":"SMITH"},{"floor":32,"key":"REST"}],"neow_cost":"TEN_PERCENT_HP_LOSS","seed_source_timestamp":1269866821259497,"circlet_count":0,"master_deck":["Strike_B","Defend_B","Defend_B","Defend_B","Defend_B","Zap+1","Glacier","Self Repair","Defragment+1","Self Repair","Capacitor","Electrodynamics+1","Defragment+1","Glacier","Echo Form","Self Repair","The Bomb","Thunder Strike","Loop"],"relics":["Cracked Core","Omamori","Dream Catcher","Membership Card","Juzu Bracelet","DataDisk","Calling Bell","Orichalcum","Ornamental Fan","Du-Vu Doll","Tiny Chest","MutagenicStrength","Boot","Art of War","Ancient Tea Set","Nuclear Battery"],"potions_floor_usage":[6,6,33],"damage_taken":[{"damage":6,"enemies":"Cultist","floor":1,"turns":4},{"damage":10,"enemies":"2 Louse","floor":5,"turns":4},{"damage":16,"enemies":"Gremlin Nob","floor":6,"turns":4},{"damage":0,"enemies":"Jaw Worm","floor":7,"turns":6},{"damage":19,"enemies":"Exordium Thugs","floor":8,"turns":10},{"damage":20,"enemies":"Exordium Wildlife","floor":12,"turns":7},{"damage":20,"enemies":"The Guardian","floor":16,"turns":11},{"damage":13,"enemies":"2 Thieves","floor":18,"turns":5},{"damage":13,"enemies":"Shell Parasite","floor":21,"turns":7},{"damage":4,"enemies":"Sentry and Sphere","floor":24,"turns":4},{"damage":31,"enemies":"Snecko","floor":29,"turns":5},{"damage":5,"enemies":"Colosseum Slavers","floor":30,"turns":3},{"damage":31,"enemies":"Champ","floor":33,"turns":27},{"damage":29,"enemies":"3 Shapes","floor":35,"turns":4},{"damage":55,"enemies":"2 Orb Walkers","floor":37,"turns":3}],"seed_played":"-127908681565971270","potions_obtained":[{"floor":1,"key":"AttackPotion"},{"floor":5,"key":"Strength Potion"},{"floor":18,"key":"SkillPotion"},{"floor":21,"key":"Regen Potion"},{"floor":35,"key":"PowerPotion"}],"is_trial":false,"path_per_floor":["M","?","?","$","M","E","M","M","T","R","$","M","R","T","R","B",null,"M","?","?","M","$","R","M","?","T","?","?","M","?","?","R","B",null,"M","$","?"],"character_chosen":"DEFECT","items_purchased":["Self Repair","Membership Card","Juzu Bracelet","Capacitor","Tiny Chest","The Bomb","Thunder Strike","Loop"],"campfire_rested":2,"item_purchase_floors":[4,11,11,11,22,36,36,36],"current_hp_per_floor":[62,62,67,67,64,55,62,50,50,71,71,65,65,65,65,59,70,71,71,71,72,72,72,73,73,73,73,73,49,51,51,72,55,69,54,54,0],"gold":73,"neow_bonus":"TWO_FIFTY_GOLD","is_prod":false,"is_daily":false,"chose_seed":false,"campfire_upgraded":3,"win_rate":0,"timestamp":1551302790,"path_taken":["M","?","?","$","?","E","M","M","T","R","?","M","R","?","R","BOSS","M","?","?","M","?","R","M","?","T","?","?","M","?","?","R","BOSS","M","$","?"],"build_version":"2019-01-23","purchased_purges":3,"victory":false,"max_hp_per_floor":[68,68,73,73,73,73,73,73,73,73,73,73,73,73,73,73,73,73,73,73,73,73,73,73,73,73,73,73,73,73,73,73,73,73,73,73,73],"card_choices":[{"not_picked":["Reinforced Body","Sunder"],"picked":"Glacier","floor":1},{"not_picked":["Compile Driver","Tempest","Sweeping Beam"],"picked":"SKIP","floor":5},{"not_picked":["Ball Lightning","Turbo"],"picked":"Defragment","floor":6},{"not_picked":["Beam Cell","Recycle","Genetic Algorithm"],"picked":"SKIP","floor":7},{"not_picked":["Hologram","Sweeping Beam"],"picked":"Self Repair","floor":8},{"not_picked":["Coolheaded","Consume","Compile Driver"],"picked":"SKIP","floor":12},{"not_picked":["Core Surge","Fission"],"picked":"Electrodynamics","floor":16},{"not_picked":["Hologram","Sweeping Beam+1","Recycle+1"],"picked":"SKIP","floor":18},{"not_picked":["Beam Cell","Rip and Tear"],"picked":"Defragment+1","floor":21},{"not_picked":["Storm","Gash+1","Beam Cell+1"],"picked":"SKIP","floor":24},{"not_picked":["Hologram","BootSequence"],"picked":"Glacier","floor":29},{"not_picked":["All For One","Thunder Strike"],"picked":"Echo Form","floor":33},{"not_picked":["Ball Lightning+1","Doom and Gloom"],"picked":"Self Repair","floor":35}],"player_experience":1525288,"relics_obtained":[{"floor":6,"key":"Omamori"},{"floor":9,"key":"Dream Catcher"},{"floor":14,"key":"DataDisk"},{"floor":17,"key":"Orichalcum"},{"floor":17,"key":"Ornamental Fan"},{"floor":17,"key":"Du-Vu Doll"},{"floor":26,"key":"Boot"}],"event_choices":[{"cards_removed":["Dualcast"],"damage_healed":0,"gold_gain":0,"player_choice":"Forget","damage_taken":0,"max_hp_gain":0,"max_hp_loss":0,"event_name":"Living Wall","floor":2,"gold_loss":0},{"damage_healed":0,"gold_gain":0,"player_choice":"Donut","damage_taken":0,"max_hp_gain":5,"max_hp_loss":0,"event_name":"Big Fish","floor":3,"gold_loss":0},{"damage_healed":0,"gold_gain":99,"player_choice":"Stole From Cult","damage_taken":0,"max_hp_gain":0,"max_hp_loss":0,"event_name":"Nest","floor":19,"gold_loss":0},{"cards_removed":["Decay"],"damage_healed":0,"gold_gain":0,"player_choice":"Gave Gold","damage_taken":0,"max_hp_gain":0,"max_hp_loss":0,"event_name":"Beggar","floor":20,"gold_loss":75},{"damage_healed":0,"gold_gain":0,"player_choice":"Inject Mutagens","damage_taken":0,"relics_obtained":["MutagenicStrength"],"max_hp_gain":0,"max_hp_loss":0,"event_name":"Drug Dealer","floor":25,"gold_loss":0},{"damage_healed":0,"gold_gain":0,"player_choice":"Gave Potion","damage_taken":0,"relics_obtained":["Art of War"],"max_hp_gain":0,"max_hp_loss":0,"event_name":"WeMeetAgain","floor":27,"gold_loss":0},{"damage_healed":0,"gold_gain":100,"player_choice":"Bet on Murderer","damage_taken":0,"max_hp_gain":0,"max_hp_loss":0,"event_name":"The Joust","floor":28,"gold_loss":50},{"damage_healed":0,"gold_gain":0,"player_choice":"Fight","damage_taken":0,"max_hp_gain":0,"max_hp_loss":0,"event_name":"Colosseum","floor":30,"gold_loss":0},{"damage_healed":0,"gold_gain":0,"player_choice":"Fled From Nobs","damage_taken":0,"max_hp_gain":0,"max_hp_loss":0,"event_name":"Colosseum","floor":30,"gold_loss":0},{"damage_healed":0,"gold_gain":0,"player_choice":"Opened","damage_taken":0,"relics_obtained":["Ancient Tea Set"],"max_hp_gain":0,"max_hp_loss":0,"event_name":"The Mausoleum","floor":31,"gold_loss":0},{"damage_healed":0,"gold_gain":0,"player_choice":"Fight","damage_taken":0,"max_hp_gain":0,"max_hp_loss":0,"event_name":"Mysterious Sphere","floor":37,"gold_loss":0}],"is_beta":false,"boss_relics":[{"not_picked":["Lizard Tail","Snecko Eye"],"picked":"Calling Bell"},{"not_picked":["White Beast Statue","Coffee Dripper"],"picked":"Nuclear Battery"}],"items_purged_floors":[4,22,36],"is_endless":false,"potions_floor_spawned":[1,5,18,21,30,35],"killed_by":"2 Orb Walkers","ascension_level":7}