{"gold_per_floor":[113,123,123,53,69,94,269,284,284,304,304,304],"floor_reached":12,"playtime":632,"items_purged":[],"score":112,"play_id":"d8d193ae-4110-4e03-985a-c49480f08beb","local_time":"20190128182318","is_ascension_mode":true,"campfire_choices":[{"data":"Neutralize","floor":11,"key":"SMITH"}],"neow_cost":"NONE","seed_source_timestamp":409834443401261,"circlet_count":0,"master_deck":["Defend_G","Defend_G","Defend_G","Defend_G","Defend_G","Strike_G","Strike_G","Strike_G","Strike_G","Strike_G","Survivor","Neutralize+1","Dagger Spray","Dash","Deflect","Dagger Throw","Cloak And Dagger","Footwork","Doubt","Dodge and Roll"],"special_seed":0,"relics":["Ring of the Snake","Singing Bowl","Bottled Tornado"],"potions_floor_usage":[6,6],"damage_taken":[{"damage":1.0,"enemies":"Cultist","floor":1.0,"turns":4.0},{"damage":0.0,"enemies":"Small Slimes","floor":2.0,"turns":3.0},{"damage":0.0,"enemies":"Jaw Worm","floor":5.0,"turns":3.0},{"damage":34,"enemies":"Lagavulin","floor":6,"turns":9},{"damage":0,"enemies":"Looter","floor":8,"turns":4},{"damage":0,"enemies":"Large Slime","floor":10,"turns":7},{"damage":31,"enemies":"Gremlin Nob","floor":12,"turns":4}],"seed_played":"3677190792062681059","potions_obtained":[{"floor":1.0,"key":"Dexterity Potion"},{"floor":2.0,"key":"Ancient Potion"}],"is_trial":false,"path_per_floor":["M","M","?","$","M","E","?","M","T","M","R","E"],"character_chosen":"THE_SILENT","items_purchased":["Dagger Throw","FearPotion"],"campfire_rested":0,"item_purchase_floors":[4,4],"current_hp_per_floor":[62,62,62,62,62,28,28,30,30,30,30,0],"gold":304,"neow_bonus":"THREE_CARDS","is_prod":false,"is_daily":false,"chose_seed":false,"campfire_upgraded":1,"win_rate":0,"timestamp":1548728598,"path_taken":["M","?","?","$","M","E","?","M","T","M","R","E"],"build_version":"2019-01-23","purchased_purges":0,"victory":false,"max_hp_per_floor":[70,70,70,70,70,70,70,72,72,72,72,72],"card_choices":[{"not_picked":["Poisoned Stab","Bouncing Flask"],"picked":"Dagger Spray","floor":0.0},{"not_picked":["Deadly Poison","Expertise"],"picked":"Dash","floor":1.0},{"not_picked":["Setup","Heel Hook"],"picked":"Deflect","floor":2.0},{"not_picked":["Outmaneuver","Riddle With Holes"],"picked":"Cloak And Dagger","floor":5.0},{"not_picked":["Tools of the Trade","Blade Dance"],"picked":"Footwork","floor":6},{"not_picked":["Riddle With Holes","Prepared","Deflect"],"picked":"Singing Bowl","floor":8},{"not_picked":["Slice","Outmaneuver"],"picked":"Dodge and Roll","floor":10}],"player_experience":401794,"relics_obtained":[{"floor":6,"key":"Singing Bowl"},{"floor":9,"key":"Bottled Tornado"}],"event_choices":[{"damage_healed":0.0,"max_hp_gain":0.0,"max_hp_loss":0.0,"gold_gain":0.0,"event_name":"Shining Light","player_choice":"Ignored","floor":3.0,"gold_loss":0.0,"damage_taken":0.0},{"damage_healed":0,"gold_gain":175,"player_choice":"AGREE","damage_taken":0,"max_hp_gain":0,"max_hp_loss":0,"event_name":"Liars Game","floor":7,"gold_loss":0,"cards_obtained":["Doubt"]}],"is_beta":false,"boss_relics":[],"items_purged_floors":[],"is_endless":false,"potions_floor_spawned":[1,2,5],"killed_by":"Gremlin Nob","ascension_level":8}