{"gold_per_floor":[111,125,144,159,177,177,102,120,173,73,101,101],"floor_reached":12,"playtime":629,"items_purged":["Strike_R","Strike_R"],"score":76,"play_id":"49ff977b-a7fa-4021-ac0d-dc21c79dc9b1","local_time":"20181110150331","is_ascension_mode":true,"campfire_choices":[{"floor":6,"key":"REST"}],"neow_cost":"NONE","seed_source_timestamp":2734732297173376,"circlet_count":0,"master_deck":["Strike_R","Strike_R","Strike_R","Defend_R","Defend_R","Defend_R","Defend_R","Bash","Battle Trance","Shrug It Off"],"relics":["White Beast Statue","Strawberry","Odd Mushroom"],"potions_floor_usage":[4,5,8,11,12],"damage_taken":[{"damage":14,"enemies":"Cultist","floor":1,"turns":6},{"damage":0,"enemies":"2 Louse","floor":2,"turns":3},{"damage":8,"enemies":"Small Slimes","floor":3,"turns":3},{"damage":3,"enemies":"Red Slaver","floor":4,"turns":3},{"damage":7,"enemies":"Blue Slaver","floor":5,"turns":9},{"damage":3,"enemies":"3 Louse","floor":8,"turns":5},{"damage":51,"enemies":"The Mushroom Lair","floor":11,"turns":9},{"damage":33,"enemies":"Lots of Slimes","floor":12,"turns":4}],"seed_played":"-5752069084434329827","potions_obtained":[{"floor":1,"key":"Fire Potion"},{"floor":2,"key":"Swift Potion"},{"floor":3,"key":"Energy Potion"},{"floor":4,"key":"Energy Potion"},{"floor":5,"key":"Energy Potion"},{"floor":8,"key":"BloodPotion"},{"floor":11,"key":"FearPotion"}],"is_trial":false,"path_per_floor":["M","M","M","M","M","R","$","M","T","$","?","M"],"character_chosen":"IRONCLAD","items_purchased":[],"campfire_rested":1,"item_purchase_floors":[],"current_hp_per_floor":[66,66,58,55,48,72,72,69,76,76,25,0],"gold":101,"neow_bonus":"BOSS_RELIC","is_prod":false,"is_daily":false,"chose_seed":false,"campfire_upgraded":0,"win_rate":0,"timestamp":1541883811,"path_taken":["M","?","M","?","M","R","$","M","T","?","?","M"],"build_version":"2018-11-08","purchased_purges":2,"victory":false,"max_hp_per_floor":[80,80,80,80,80,80,80,80,87,87,87,87],"card_choices":[{"not_picked":["Spot Weakness","Flex"],"picked":"Battle Trance","floor":1},{"not_picked":["Second Wind","Wild Strike","Intimidate"],"picked":"SKIP","floor":2},{"not_picked":["Power Through","Searing Blow","Perfected Strike"],"picked":"SKIP","floor":3},{"not_picked":["Anger","Clothesline","Wild Strike"],"picked":"SKIP","floor":4},{"not_picked":["Perfected Strike","Warcry","Flex"],"picked":"SKIP","floor":5},{"not_picked":["Berserk","Clothesline","Warcry"],"picked":"SKIP","floor":8},{"not_picked":["Sword Boomerang","Armaments"],"picked":"Shrug It Off","floor":11}],"player_experience":67685,"relics_obtained":[{"floor":9,"key":"Strawberry"},{"floor":11,"key":"Odd Mushroom"}],"event_choices":[{"damage_healed":0,"gold_gain":0,"player_choice":"Fought Mushrooms","damage_taken":0,"max_hp_gain":0,"max_hp_loss":0,"event_name":"Mushrooms","floor":11,"gold_loss":0}],"is_beta":false,"boss_relics":[],"items_purged_floors":[7,10],"is_endless":false,"potions_floor_spawned":[1,2,3,4,5,8,11],"killed_by":"Lots of Slimes","ascension_level":1}