{"gold_per_floor":[114,114,130,110,125,150,29,29,108,38,38,63,110,110,110,233,233,256,7,7,7,27,27,27,52,78,92,92,92,92,113,113,234,234,253,272,272,295,24,24,60,60,60,60,84,84,417,417,417,417],"floor_reached":51,"playtime":4882,"items_purged":["Injury","Strike_G","Endless Agony"],"score":718,"play_id":"f4c1e666-3644-42a3-b2da-fdad1ecd791b","local_time":"20190202152137","is_ascension_mode":true,"campfire_choices":[{"data":"Corpse Explosion","floor":8,"key":"SMITH"},{"data":"Noxious Fumes","floor":11,"key":"SMITH"},{"data":"Corpse Explosion","floor":15,"key":"SMITH"},{"data":"Prepared","floor":23,"key":"SMITH"},{"data":"Malaise","floor":28,"key":"SMITH"},{"data":"Footwork","floor":32,"key":"SMITH"},{"data":"Tools of the Trade","floor":40,"key":"SMITH"},{"floor":42,"key":"REST"},{"data":"Prepared","floor":44,"key":"SMITH"},{"data":"Panache","floor":49,"key":"SMITH"}],"neow_cost":"NONE","seed_source_timestamp":1299005165921109,"circlet_count":0,"master_deck":["Defend_G+1","Defend_G+1","Defend_G+1","Defend_G+1","Defend_G+1","Strike_G+1","Strike_G+1","Strike_G+1","Survivor","Neutralize","Corpse Explosion+1","Poisoned Stab","Poisoned Stab","Backflip","Prepared+1","Noxious Fumes+1","Corpse Explosion+1","Malaise+1","Deadly Poison+1","Footwork+1","Blur","Backflip","Tools of the Trade+1","Footwork+1","Impatience","Prepared+1","Panache+1"],"relics":["Ring of the Serpent","Mercury Hourglass","Odd Mushroom","Strawberry","Blood Vial","Boot","White Beast Statue","Potion Belt","Ninja Scroll"],"potions_floor_usage":[18,31,33,36,38,50,50,50],"damage_taken":[{"damage":0,"enemies":"Small Slimes","floor":1,"turns":4},{"damage":0,"enemies":"Cultist","floor":3,"turns":4},{"damage":0,"enemies":"Jaw Worm","floor":5,"turns":4},{"damage":0,"enemies":"Blue Slaver","floor":6,"turns":4},{"damage":0,"enemies":"The Mushroom Lair","floor":12,"turns":2},{"damage":31,"enemies":"Hexaghost","floor":16,"turns":7},{"damage":11,"enemies":"Spheric Guardian","floor":18,"turns":5},{"damage":0,"enemies":"Chosen","floor":22,"turns":4},{"damage":0,"enemies":"3 Cultists","floor":25,"turns":3},{"damage":10,"enemies":"Snake Plant","floor":27,"turns":5},{"damage":2,"enemies":"Shelled Parasite and Fungi","floor":31,"turns":6},{"damage":38,"enemies":"Collector","floor":33,"turns":10},{"damage":1,"enemies":"3 Shapes","floor":35,"turns":2},{"damage":7,"enemies":"Orb Walker","floor":36,"turns":6},{"damage":0,"enemies":"3 Darklings","floor":38,"turns":4},{"damage":25,"enemies":"Nemesis","floor":41,"turns":9},{"damage":6,"enemies":"Sphere and 2 Shapes","floor":45,"turns":7},{"damage":70,"enemies":"Awakened One","floor":50,"turns":21}],"seed_played":"7430770731686462093","potions_obtained":[{"floor":4,"key":"SkillPotion"},{"floor":5,"key":"FairyPotion"},{"floor":6,"key":"SpeedPotion"},{"floor":25,"key":"PowerPotion"},{"floor":33,"key":"GhostInAJar"},{"floor":35,"key":"GamblersBrew"},{"floor":36,"key":"Poison Potion"},{"floor":38,"key":"SteroidPotion"},{"floor":41,"key":"SneckoOil"},{"floor":45,"key":"SteroidPotion"}],"is_trial":false,"path_per_floor":["?","?","M","$","?","T","?","?","?","M","?","?","?","M","?","?","?"],"character_chosen":"THE_SILENT","items_purchased":["Prepared","Noxious Fumes","Blood Vial","Impatience","Prepared"],"campfire_rested":1,"item_purchase_floors":[7,10,19,39,39],"current_hp_per_floor":[70,70,70,70,70,70,70,70,70,70,70,70,77,70,70,39,77,66,66,66,66,68,68,68,70,70,62,62,62,62,62,62,26,77,76,70,70,72,72,72,49,72,72,72,68,68,68,68,68,7],"gold":417,"neow_bonus":"ONE_RANDOM_RARE_CARD","is_prod":false,"is_daily":false,"chose_seed":false,"campfire_upgraded":9,"win_rate":0,"timestamp":1549117297,"path_taken":["M","?","M","?","?","M","?","R","T","$","R","?","?","?","R","BOSS","M","$","?","$","M","R","?","M","T","?","R","?","?","M","R","BOSS","M","M","?","?","$","R","E","R","T","R","M","?","?","?","R","BOSS"],"build_version":"2019-01-23","purchased_purges":3,"victory":true,"max_hp_per_floor":[70,70,70,70,70,70,70,70,70,70,70,70,77,77,77,77,77,77,77,77,77,77,77,77,77,77,77,77,77,77,77,77,77,77,77,77,77,77,77,77,77,77,77,77,77,77,77,77,77,77],"card_choices":[{"not_picked":["Dagger Throw","Dodge and Roll"],"picked":"Poisoned Stab","floor":1},{"not_picked":["Flying Knee","Tactician"],"picked":"Poisoned Stab","floor":3},{"not_picked":["Skewer","Flying Knee"],"picked":"Backflip","floor":5},{"not_picked":["Flying Knee","Distraction"],"picked":"Outmaneuver","floor":6},{"not_picked":["Bane","Underhanded Strike"],"picked":"Corpse Explosion","floor":12},{"not_picked":["Wraith Form v2","Venomology"],"picked":"Malaise","floor":16},{"not_picked":["Infinite Blades","Eviscerate","Endless Agony"],"picked":"SKIP","floor":18},{"not_picked":["Dagger Spray","Poisoned Stab"],"picked":"Deadly Poison","floor":22},{"not_picked":["Choke+1","Flying Knee"],"picked":"Footwork","floor":25},{"not_picked":["Dodge and Roll","Flying Knee","Deflect"],"picked":"SKIP","floor":27},{"not_picked":["PiercingWail","Envenom"],"picked":"Backflip","floor":31},{"not_picked":["Glass Knife","Die Die Die"],"picked":"Tools of the Trade","floor":33},{"not_picked":["Endless Agony+1","PiercingWail","Caltrops+1"],"picked":"SKIP","floor":35},{"not_picked":["Reflex+1","Dagger Spray+1"],"picked":"Footwork+1","floor":36},{"not_picked":["Dodge and Roll","Underhanded Strike+1","Backflip"],"picked":"SKIP","floor":38},{"not_picked":["Acrobatics+1","Underhanded Strike+1","Footwork+1"],"picked":"SKIP","floor":41},{"not_picked":["Poisoned Stab","Eviscerate+1","PiercingWail+1"],"picked":"SKIP","floor":45},{"not_picked":["Transmutation","Mind Blast"],"picked":"Panache","floor":46}],"player_experience":64741,"relics_obtained":[{"floor":9,"key":"Mercury Hourglass"},{"floor":12,"key":"Odd Mushroom"},{"floor":13,"key":"Strawberry"},{"floor":26,"key":"Boot"},{"floor":41,"key":"Potion Belt"},{"floor":43,"key":"Ninja Scroll"}],"event_choices":[{"damage_healed":0,"gold_gain":0,"player_choice":"Take Wound","damage_taken":0,"relics_obtained":["Golden Idol"],"max_hp_gain":0,"max_hp_loss":0,"event_name":"Golden Idol","floor":2,"gold_loss":0,"cards_obtained":["Injury"]},{"damage_healed":0,"gold_gain":0,"player_choice":"Bought 1 Potion","damage_taken":0,"max_hp_gain":0,"max_hp_loss":0,"event_name":"The Woman in Blue","floor":4,"gold_loss":0},{"damage_healed":0,"gold_gain":0,"player_choice":"Fought Mushrooms","damage_taken":0,"max_hp_gain":0,"max_hp_loss":0,"event_name":"Mushrooms","floor":12,"gold_loss":0},{"cards_removed":["Strike_G"],"damage_healed":0,"gold_gain":0,"player_choice":"Card Removal","damage_taken":7,"max_hp_gain":0,"max_hp_loss":0,"event_name":"Golden Wing","floor":14,"gold_loss":0},{"damage_healed":0,"gold_gain":0,"player_choice":"Ignored","damage_taken":0,"max_hp_gain":0,"max_hp_loss":0,"event_name":"Ghosts","floor":20,"gold_loss":0},{"damage_healed":0,"gold_gain":0,"player_choice":"Upgraded","damage_taken":0,"max_hp_gain":0,"max_hp_loss":0,"event_name":"Upgrade Shrine","floor":24,"gold_loss":0,"cards_upgraded":["Deadly Poison"]},{"damage_healed":0,"gold_gain":0,"player_choice":"Simplicity","damage_taken":0,"max_hp_gain":0,"max_hp_loss":0,"event_name":"Back to Basics","floor":29,"gold_loss":0,"cards_upgraded":["Defend_G","Defend_G","Defend_G","Defend_G","Defend_G","Strike_G","Strike_G","Strike_G"]},{"damage_healed":0,"gold_gain":0,"player_choice":"Read","damage_taken":0,"max_hp_gain":0,"max_hp_loss":0,"event_name":"The Library","floor":30,"gold_loss":0,"cards_obtained":["Blur"]},{"damage_healed":0,"gold_gain":0,"cards_transformed":["Outmaneuver"],"player_choice":"Transformed","damage_taken":0,"max_hp_gain":0,"max_hp_loss":0,"event_name":"Transmorgrifier","floor":37,"gold_loss":0,"cards_obtained":["Endless Agony"]},{"damage_healed":0,"gold_gain":0,"player_choice":"Memory 1","damage_taken":0,"max_hp_gain":0,"max_hp_loss":0,"event_name":"SensoryStone","floor":46,"gold_loss":0},{"damage_healed":0,"gold_gain":333,"player_choice":"Gave Idol","damage_taken":0,"max_hp_gain":0,"max_hp_loss":0,"event_name":"The Moai Head","floor":47,"relics_lost":["Golden Idol"],"gold_loss":0},{"damage_healed":0,"gold_gain":0,"player_choice":"Ignored","damage_taken":0,"max_hp_gain":0,"max_hp_loss":0,"event_name":"SecretPortal","floor":48,"gold_loss":0}],"is_beta":false,"boss_relics":[{"not_picked":["Runic Dome","Astrolabe"],"picked":"Ring of the Serpent"},{"not_picked":["Orrery","Velvet Choker"],"picked":"White Beast Statue"}],"items_purged_floors":[7,19,39],"is_endless":false,"potions_floor_spawned":[5,6,12,25,27,33,35,36,38,41,45],"ascension_level":1}