{"gold_per_floor":[113,14,14,33,33,108,108,140,140,166,166,196,207,218,218,323,323,341,354,354,367,367,367,382,396,396,408,438,438,438,452,452,452],"floor_reached":33,"playtime":1181,"items_purged":["Strike_B"],"score":344,"play_id":"3fb95583-096a-4a6c-9efe-3bb2dbedab1c","local_time":"20181225235540","is_ascension_mode":true,"campfire_choices":[{"floor":7,"key":"REST"},{"floor":11,"key":"REST"},{"data":"Double Energy","floor":15,"key":"SMITH"},{"data":"Buffer","floor":23,"key":"SMITH"},{"floor":29,"key":"REST"},{"floor":32,"key":"REST"}],"neow_cost":"NONE","seed_source_timestamp":297553822293700,"circlet_count":0,"master_deck":["Strike_B","Strike_B","Defend_B","Defend_B+1","Defend_B","Defend_B","Zap","Dualcast","Rebound","Coolheaded+1","FTL","Redo","Double Energy+1","FTL","Barrage","Streamline","Buffer+1","Darkness+1","Conserve Battery+1","Genetic Algorithm","Sweeping Beam+1","Electrodynamics","Doubt","Biased Cognition"],"relics":["Cracked Core","Ancient Tea Set","FossilizedHelix","Sundial","War Paint","Symbiotic Virus","Kunai","Cursed Key","Unceasing Top","Mummified Hand","MutagenicStrength"],"potions_floor_usage":[16,25,28],"damage_taken":[{"damage":0,"enemies":"Cultist","floor":1,"turns":3},{"damage":0,"enemies":"Small Slimes","floor":4,"turns":3},{"damage":13,"enemies":"Lagavulin","floor":8,"turns":7},{"damage":17,"enemies":"Gremlin Nob","floor":10,"turns":4},{"damage":8,"enemies":"Lagavulin","floor":12,"turns":6},{"damage":0,"enemies":"Jaw Worm","floor":13,"turns":2},{"damage":0,"enemies":"2 Fungi Beasts","floor":14,"turns":3},{"damage":34,"enemies":"Hexaghost","floor":16,"turns":8},{"damage":0,"enemies":"Spheric Guardian","floor":18,"turns":3},{"damage":6,"enemies":"2 Thieves","floor":19,"turns":3},{"damage":16,"enemies":"Snake Plant","floor":21,"turns":4},{"damage":0,"enemies":"3 Cultists","floor":24,"turns":5},{"damage":0,"enemies":"Centurion and Healer","floor":25,"turns":4},{"damage":0,"enemies":"Snecko","floor":27,"turns":4},{"damage":45,"enemies":"Slavers","floor":28,"turns":5},{"damage":0,"enemies":"Cultist and Chosen","floor":31,"turns":4},{"damage":57,"enemies":"Champ","floor":33,"turns":8}],"seed_played":"-2024329566687978557","potions_obtained":[{"floor":8,"key":"Swift Potion"},{"floor":10,"key":"Poison Potion"},{"floor":13,"key":"Swift Potion"},{"floor":14,"key":"SkillPotion"},{"floor":21,"key":"AttackPotion"},{"floor":27,"key":"SmokeBomb"},{"floor":31,"key":"FocusPotion"}],"is_trial":false,"path_per_floor":["M","$","?","M","?","?","R","E","T","E","R","E","M","M","R","B",null,"M","M","?","M","?","R","M","M","T","M","E","R","?","M","R","B"],"character_chosen":"DEFECT","items_purchased":["Coolheaded"],"campfire_rested":4,"item_purchase_floors":[2],"current_hp_per_floor":[75,75,42,42,42,31,53,40,40,23,45,37,37,37,37,3,75,75,69,69,53,53,53,53,53,53,53,8,30,30,30,52,0],"gold":452,"neow_bonus":"RANDOM_COMMON_RELIC","is_prod":false,"is_daily":false,"chose_seed":false,"campfire_upgraded":2,"win_rate":0,"timestamp":1545753340,"path_taken":["M","?","?","M","?","?","R","E","T","E","R","E","?","M","R","BOSS","M","M","?","?","?","R","M","?","T","M","E","R","?","M","R","BOSS"],"build_version":"2018-12-20","purchased_purges":1,"victory":false,"max_hp_per_floor":[75,75,75,75,75,75,75,75,75,75,75,75,75,75,75,75,75,75,75,75,75,75,75,75,75,75,75,75,75,75,75,75,75],"card_choices":[{"not_picked":["Compile Driver","Beam Cell"],"picked":"Rebound","floor":1},{"not_picked":["Leap","Rebound"],"picked":"FTL","floor":4},{"not_picked":["Stack","Doom and Gloom"],"picked":"Redo","floor":8},{"not_picked":["Biased Cognition","Turbo"],"picked":"Double Energy","floor":10},{"not_picked":["Fusion","Hologram"],"picked":"FTL","floor":12},{"not_picked":["Skim","Turbo"],"picked":"Barrage","floor":13},{"not_picked":["Sunder","Fusion"],"picked":"Streamline","floor":14},{"not_picked":["Machine Learning","Biased Cognition"],"picked":"Buffer","floor":16},{"not_picked":["Chaos","Cold Snap"],"picked":"Darkness+1","floor":18},{"not_picked":["Streamline+1","Leap"],"picked":"Conserve Battery+1","floor":19},{"not_picked":["Beam Cell","Cold Snap"],"picked":"Sweeping Beam+1","floor":21},{"not_picked":["Leap+1","Rip and Tear"],"picked":"Electrodynamics","floor":24},{"not_picked":["Redo","Go for the Eyes","Streamline+1"],"picked":"SKIP","floor":25},{"not_picked":["Barrage","Double Energy","Reinforced Body"],"picked":"SKIP","floor":27},{"not_picked":["Redo","Leap","Coolheaded"],"picked":"SKIP","floor":28},{"not_picked":["Go for the Eyes","Rebound+1","Biased Cognition"],"picked":"SKIP","floor":31},{"not_picked":["Go for the Eyes","Rebound+1"],"picked":"Biased Cognition","floor":31}],"player_experience":529152,"relics_obtained":[{"floor":8,"key":"Sundial"},{"floor":9,"key":"War Paint"},{"floor":10,"key":"Symbiotic Virus"},{"floor":12,"key":"Kunai"},{"floor":26,"key":"Unceasing Top"},{"floor":28,"key":"Mummified Hand"}],"event_choices":[{"damage_healed":0,"gold_gain":0,"player_choice":"Success","damage_taken":33,"relics_obtained":["FossilizedHelix"],"max_hp_gain":0,"max_hp_loss":0,"event_name":"Scrap Ooze","floor":3,"gold_loss":0},{"damage_healed":0,"gold_gain":0,"player_choice":"Ignored","damage_taken":0,"max_hp_gain":0,"max_hp_loss":0,"event_name":"Liars Game","floor":5,"gold_loss":0},{"damage_healed":0,"gold_gain":75,"player_choice":"Gather Gold","damage_taken":11,"max_hp_gain":0,"max_hp_loss":0,"event_name":"World of Goop","floor":6,"gold_loss":0},{"damage_healed":0,"gold_gain":0,"cards_transformed":["Strike_B"],"player_choice":"Transformed","damage_taken":0,"max_hp_gain":0,"max_hp_loss":0,"event_name":"Transmorgrifier","floor":20,"gold_loss":0,"cards_obtained":["Genetic Algorithm"]},{"damage_healed":0,"gold_gain":0,"player_choice":"0 cards matched","damage_taken":0,"max_hp_gain":0,"max_hp_loss":0,"event_name":"Match and Keep!","floor":22,"gold_loss":0,"cards_obtained":[]},{"damage_healed":0,"gold_gain":0,"player_choice":"0 cards matched","damage_taken":0,"max_hp_gain":0,"max_hp_loss":0,"event_name":"Match and Keep!","floor":22,"gold_loss":0,"cards_obtained":[]},{"damage_healed":0,"gold_gain":0,"player_choice":"Inject Mutagens","damage_taken":0,"relics_obtained":["MutagenicStrength"],"max_hp_gain":0,"max_hp_loss":0,"event_name":"Drug Dealer","floor":30,"gold_loss":0}],"is_beta":false,"boss_relics":[{"not_picked":["FrozenCore","Snecko Eye"],"picked":"Cursed Key"}],"items_purged_floors":[2],"is_endless":false,"potions_floor_spawned":[8,10,13,14,21,24,27,31],"killed_by":"Champ","ascension_level":4}