{"gold_per_floor":[211,43,43,43,54,54,81,104,164,196,208,249,261,38,38,136,136,121,148,165,165],"floor_reached":21,"playtime":1069,"items_purged":["Dualcast","Strike_B"],"score":239,"play_id":"80482e89-7b7f-4626-ab55-71d3ef80a34e","local_time":"20190224231158","is_ascension_mode":true,"campfire_choices":[{"data":"Zap","floor":6,"key":"SMITH"},{"floor":11,"key":"REST"},{"floor":15,"key":"REST"}],"neow_cost":"NONE","seed_source_timestamp":1039513737078001,"circlet_count":0,"master_deck":["Strike_B","Strike_B","Strike_B","Defend_B","Defend_B","Defend_B","Defend_B","Zap+1","FTL","Conserve Battery","Tempest","Reinforced Body","Madness","Streamline","Multi-Cast","Cold Snap+1","FTL","Sunder"],"relics":["Cracked Core","MawBank","Pen Nib","Odd Mushroom","Nuclear Battery","Red Mask"],"potions_floor_usage":[7,16],"damage_taken":[{"damage":0,"enemies":"Cultist","floor":1,"turns":4},{"damage":0,"enemies":"Small Slimes","floor":5,"turns":4},{"damage":29,"enemies":"3 Sentries","floor":7,"turns":8},{"damage":8,"enemies":"2 Louse","floor":8,"turns":3},{"damage":0,"enemies":"Exordium Wildlife","floor":10,"turns":4},{"damage":14,"enemies":"The Mushroom Lair","floor":12,"turns":5},{"damage":61,"enemies":"Slime Boss","floor":16,"turns":8},{"damage":5,"enemies":"2 Thieves","floor":18,"turns":4},{"damage":57,"enemies":"Masked Bandits","floor":19,"turns":6},{"damage":0,"enemies":"Chosen","floor":20,"turns":4},{"damage":6,"enemies":"Snecko","floor":21,"turns":3}],"seed_played":"-4096339695765611124","potions_obtained":[{"floor":7,"key":"Fruit Juice"},{"floor":8,"key":"SteroidPotion"},{"floor":10,"key":"Fire Potion"},{"floor":20,"key":"Fire Potion"}],"is_trial":false,"path_per_floor":["M","$","?","?","M","R","E","M","T","M","R","?","?","$","R","B",null,"M","?","M","M"],"character_chosen":"DEFECT","items_purchased":["FTL","Conserve Battery","Madness","Streamline"],"campfire_rested":2,"item_purchase_floors":[2,2,14,14],"current_hp_per_floor":[68,68,68,68,68,68,44,36,36,36,60,46,51,51,76,15,68,63,6,6,0],"gold":165,"neow_bonus":"HUNDRED_GOLD","is_prod":false,"is_daily":false,"chose_seed":false,"campfire_upgraded":1,"win_rate":0,"timestamp":1551071518,"path_taken":["M","$","?","?","M","R","E","M","T","M","R","?","?","?","R","BOSS","M","?","M","M"],"build_version":"2019-01-23","purchased_purges":2,"victory":false,"max_hp_per_floor":[75,75,75,75,75,75,80,80,80,80,80,80,85,85,85,85,85,85,85,85,85],"card_choices":[{"not_picked":["Gash","Stack","Storm"],"picked":"SKIP","floor":1},{"not_picked":["Streamline","Beam Cell"],"picked":"Tempest","floor":5},{"not_picked":["Stack","Steam","Sweeping Beam"],"picked":"SKIP","floor":7},{"not_picked":["Gash","Genetic Algorithm"],"picked":"Reinforced Body","floor":8},{"not_picked":["Ball Lightning","Go for the Eyes","Redo"],"picked":"SKIP","floor":10},{"not_picked":["Reboot","Rainbow"],"picked":"Multi-Cast","floor":16},{"not_picked":["Rebound","Stack+1"],"picked":"Cold Snap+1","floor":18},{"not_picked":["Sweeping Beam","Leap+1"],"picked":"FTL","floor":19},{"not_picked":["Reboot","Melter"],"picked":"Sunder","floor":20}],"player_experience":1517039,"relics_obtained":[{"floor":7,"key":"MawBank"},{"floor":9,"key":"Pen Nib"},{"floor":12,"key":"Odd Mushroom"},{"floor":19,"key":"Red Mask"}],"event_choices":[{"damage_healed":0,"gold_gain":0,"player_choice":"Leave","damage_taken":0,"max_hp_gain":0,"max_hp_loss":0,"event_name":"The Cleric","floor":3,"gold_loss":0},{"damage_healed":0,"gold_gain":0,"player_choice":"Ignored","damage_taken":0,"max_hp_gain":0,"max_hp_loss":0,"event_name":"Liars Game","floor":4,"gold_loss":0},{"damage_healed":0,"gold_gain":0,"player_choice":"Fought Mushrooms","damage_taken":0,"max_hp_gain":0,"max_hp_loss":0,"event_name":"Mushrooms","floor":12,"gold_loss":0},{"damage_healed":0,"gold_gain":0,"player_choice":"Donut","damage_taken":0,"max_hp_gain":5,"max_hp_loss":0,"event_name":"Big Fish","floor":13,"gold_loss":0},{"damage_healed":0,"gold_gain":0,"player_choice":"Fought Bandits","damage_taken":0,"max_hp_gain":0,"max_hp_loss":0,"event_name":"Masked Bandits","floor":19,"gold_loss":0}],"is_beta":false,"boss_relics":[{"not_picked":["Philosopher\u0027s Stone","Coffee Dripper"],"picked":"Nuclear Battery"}],"items_purged_floors":[2,14],"is_endless":false,"potions_floor_spawned":[7,8,10,20],"killed_by":"Snecko","ascension_level":7}