{"gold_per_floor":[210,227,241,7,82,82,101,101,183,218,218,218,236,0,0,105,105,124,143,155,16,32,32,65,65,65,396,396,311,311,5,5,100,100,112,132,145,145,6,51,68,68,91,91,91,0,0,30,30,30,30,30,20,48,48],"floor_reached":55,"playtime":5819,"items_purged":["Normality"],"score":781,"play_id":"50e0dd8e-5095-4c13-8090-2d3e4e2c2bed","local_time":"20190210222800","is_ascension_mode":false,"campfire_choices":[{"data":"Zap","floor":6.0,"key":"SMITH"},{"data":"Dualcast","floor":8.0,"key":"SMITH"},{"data":"Stack","floor":12.0,"key":"SMITH"},{"floor":15.0,"key":"REST"},{"data":"Darkness","floor":23.0,"key":"SMITH"},{"data":"Hello World","floor":28.0,"key":"SMITH"},{"data":"Leap","floor":30.0,"key":"SMITH"},{"floor":32.0,"key":"REST"},{"data":"Defragment","floor":42.0,"key":"SMITH"},{"floor":44.0,"key":"RECALL"},{"floor":49.0,"key":"REST"},{"data":"Defragment","floor":52.0,"key":"SMITH"}],"neow_cost":"NONE","seed_source_timestamp":0,"circlet_count":0,"master_deck":["Strike_B","Strike_B","Defend_B","Defend_B","Defend_B","Defend_B","Zap+1","Dualcast+1","Stack+1","Stack+1","Darkness+1","Coolheaded","Leap","Leap+1","Compile Driver","Conserve Battery+1","Machine Learning","Fission+1","Compile Driver+1","Redo+1","Auto Shields+1","Conserve Battery+1","Leap+1","Darkness+1","Leap+1","Hello World+1","Metamorphosis+1","Master of Strategy+1","FTL","Echo Form","Tempest+1","Redo+1","Ball Lightning","Defragment+1","Finesse+1","Hello World","Cold Snap+1","Writhe","Madness+1","Loop","Defragment+1","Ball Lightning","Turbo+1"],"special_seed":0,"relics":["Cracked Core","Membership Card","The Courier","PreservedInsect","Toxic Egg 2","Pocketwatch","Astrolabe","Medical Kit","Darkstone Periapt","Enchiridion","Old Coin","Dead Branch","MealTicket","Boot","Busted Crown","Juzu Bracelet","Ginger","Bronze Scales","Red Mask","Cables","Bottled Lightning"],"potions_floor_usage":[],"damage_taken":[{"damage":3.0,"enemies":"Jaw Worm","floor":1.0,"turns":5.0},{"damage":0.0,"enemies":"2 Louse","floor":2.0,"turns":3.0},{"damage":0.0,"enemies":"Small Slimes","floor":3.0,"turns":2.0},{"damage":22.0,"enemies":"Gremlin Gang","floor":7.0,"turns":6.0},{"damage":23.0,"enemies":"Gremlin Nob","floor":10.0,"turns":4.0},{"damage":1.0,"enemies":"2 Fungi Beasts","floor":13.0,"turns":5.0},{"damage":10.0,"enemies":"The Guardian","floor":16.0,"turns":13.0},{"damage":0.0,"enemies":"Chosen","floor":18.0,"turns":6.0},{"damage":8.0,"enemies":"Spheric Guardian","floor":19.0,"turns":7.0},{"damage":3.0,"enemies":"Shelled Parasite and Fungi","floor":20.0,"turns":7.0},{"damage":6.0,"enemies":"Cultist and Chosen","floor":22.0,"turns":7.0},{"damage":11.0,"enemies":"Book of Stabbing","floor":24.0,"turns":7.0},{"damage":0.0,"enemies":"Gremlin Leader","floor":27.0,"turns":5.0},{"damage":17.0,"enemies":"Collector","floor":33.0,"turns":10.0},{"damage":0.0,"enemies":"3 Shapes","floor":35.0,"turns":6.0},{"damage":16.0,"enemies":"3 Darklings","floor":36.0,"turns":5.0},{"damage":30.0,"enemies":"Sphere and 2 Shapes","floor":37.0,"turns":6.0},{"damage":18.0,"enemies":"2 Orb Walkers","floor":40.0,"turns":6.0},{"damage":6.0,"enemies":"4 Shapes","floor":41.0,"turns":4.0},{"damage":48.0,"enemies":"Nemesis","floor":48.0,"turns":6.0},{"damage":35.0,"enemies":"Time Eater","floor":50.0,"turns":9.0},{"damage":29.0,"enemies":"Shield and Spear","floor":54.0,"turns":5.0},{"damage":54,"enemies":"The Heart","floor":55,"turns":3}],"seed_played":"1113568757495876212","potions_obtained":[{"floor":7.0,"key":"EssenceOfSteel"},{"floor":10.0,"key":"FearPotion"},{"floor":16.0,"key":"Fruit Juice"},{"floor":19.0,"key":"Energy Potion"},{"floor":22.0,"key":"FocusPotion"},{"floor":33.0,"key":"Regen Potion"},{"floor":41.0,"key":"Strength Potion"},{"floor":54.0,"key":"SpeedPotion"}],"is_trial":false,"path_per_floor":["?","?","?","?","?","?","?","?"],"character_chosen":"DEFECT","items_purchased":["Membership Card","Coolheaded","Toxic Egg 2","Pocketwatch","Conserve Battery+1","Medical Kit","Leap+1","Metamorphosis+1","Master of Strategy+1","FTL","MealTicket","Boot","Juzu Bracelet","Defragment","Finesse+1","Regen Potion","Madness+1","Loop","Defragment","Turbo+1"],"campfire_rested":3,"item_purchase_floors":[4,4,14,14,14,21,21,31,31,31,31,31,39,39,39,39,46,46,46,53],"current_hp_per_floor":[72,72,72,72,61,61,39,39,39,16,34,34,33,33,55,50,77,77,69,66,66,60,60,49,33,33,33,33,33,33,33,56,39,77,77,61,46,46,61,58,52,52,52,52,77,83,83,35,59,24,83,83,83,54,0],"gold":48,"neow_bonus":"HUNDRED_GOLD","is_prod":false,"is_daily":false,"chose_seed":false,"campfire_upgraded":8,"win_rate":0,"timestamp":1549834080,"path_taken":["M","M","M","$","?","R","M","R","T","E","?","R","M","$","R","BOSS","M","M","M","$","M","R","E","?","T","E","R","?","R","$","R","BOSS","M","M","M","?","$","?","M","R","T","R","?","$","?","E","R","BOSS","R","$","E","BOSS"],"build_version":"2019-01-23","purchased_purges":1,"victory":false,"max_hp_per_floor":[75,75,75,75,75,75,75,75,75,75,75,75,75,75,75,80,77,77,77,77,77,77,77,77,77,77,77,77,77,77,77,77,77,77,77,77,77,77,77,77,77,77,77,77,83,83,83,83,83,83,83,83,83,83,83],"card_choices":[{"not_picked":["Barrage","Leap"],"picked":"Stack","floor":1.0},{"not_picked":["Rebound","Streamline"],"picked":"Stack","floor":2.0},{"not_picked":["Leap","Force Field"],"picked":"Darkness","floor":3.0},{"not_picked":["Fission","Steam"],"picked":"Leap","floor":7.0},{"not_picked":["Cold Snap","Hologram"],"picked":"Leap","floor":10.0},{"not_picked":["Beam Cell","Sunder"],"picked":"Compile Driver","floor":13.0},{"not_picked":["All For One","Hyperbeam"],"picked":"Machine Learning","floor":16.0},{"not_picked":["Sweeping Beam","Lockon"],"picked":"Redo+1","floor":18.0},{"not_picked":["Reprogram+1","Melter"],"picked":"Auto Shields+1","floor":19.0},{"not_picked":["Sweeping Beam","Cold Snap"],"picked":"Conserve Battery+1","floor":20.0},{"not_picked":["Lockon","White Noise+1"],"picked":"Darkness+1","floor":22.0},{"not_picked":["BootSequence+1","Gash"],"picked":"Leap+1","floor":24.0},{"not_picked":["Gash","Meteor Strike"],"picked":"Hello World","floor":27.0},{"not_picked":["All For One","Rainbow+1"],"picked":"Echo Form","floor":33.0},{"not_picked":[],"picked":"Tempest+1","floor":35.0},{"not_picked":[],"picked":"Redo+1","floor":36.0},{"not_picked":[],"picked":"Ball Lightning","floor":37.0},{"not_picked":[],"picked":"Hello World","floor":40.0},{"not_picked":[],"picked":"Cold Snap+1","floor":41.0},{"not_picked":[],"picked":"Ball Lightning","floor":48.0},{"not_picked":["Barrage+1"],"picked":"SKIP","floor":54.0}],"player_experience":163651,"relics_obtained":[{"floor":9.0,"key":"The Courier"},{"floor":10.0,"key":"PreservedInsect"},{"floor":24.0,"key":"Darkstone Periapt"},{"floor":25.0,"key":"Enchiridion"},{"floor":27.0,"key":"Old Coin"},{"floor":40.0,"key":"Ginger"},{"floor":43.0,"key":"Bronze Scales"},{"floor":48.0,"key":"Cables"},{"floor":54.0,"key":"Bottled Lightning"}],"event_choices":[{"damage_healed":0.0,"max_hp_gain":0.0,"max_hp_loss":0.0,"gold_gain":75.0,"event_name":"World of Goop","player_choice":"Gather Gold","floor":5.0,"gold_loss":0.0,"damage_taken":11.0},{"damage_healed":18.0,"max_hp_gain":0.0,"max_hp_loss":0.0,"gold_gain":0.0,"event_name":"Mushrooms","player_choice":"Healed and dodged fight","floor":11.0,"gold_loss":0.0,"damage_taken":0.0,"cards_obtained":["Parasite"]},{"damage_healed":0.0,"max_hp_gain":0.0,"max_hp_loss":0.0,"gold_gain":0.0,"event_name":"Cursed Tome","player_choice":"Obtained Book","floor":25.0,"gold_loss":0.0,"damage_taken":16.0},{"damage_healed":0.0,"max_hp_gain":0.0,"max_hp_loss":0.0,"gold_gain":0.0,"event_name":"Addict","player_choice":"Obtained Relic","floor":29.0,"gold_loss":85.0,"damage_taken":0.0,"relics_obtained":["Dead Branch"]},{"damage_healed":0.0,"max_hp_gain":0.0,"max_hp_loss":0.0,"gold_gain":0.0,"event_name":"Upgrade Shrine","player_choice":"Upgraded","floor":38.0,"gold_loss":0.0,"damage_taken":0.0,"cards_upgraded":["Stack"]},{"damage_healed":0.0,"max_hp_gain":0.0,"max_hp_loss":0.0,"gold_gain":0.0,"event_name":"Mysterious Sphere","player_choice":"Fight","floor":40.0,"gold_loss":0.0,"damage_taken":0.0},{"damage_healed":19.0,"max_hp_gain":0.0,"max_hp_loss":0.0,"gold_gain":0.0,"event_name":"Winding Halls","player_choice":"Writhe","floor":45.0,"gold_loss":0.0,"damage_taken":0.0,"cards_obtained":["Writhe"]},{"damage_healed":0.0,"max_hp_gain":0.0,"max_hp_loss":0.0,"gold_gain":0.0,"event_name":"Tomb of Lord Red Mask","player_choice":"Paid","floor":47.0,"gold_loss":0.0,"damage_taken":0.0,"relics_obtained":["Red Mask"]}],"is_beta":false,"boss_relics":[{"not_picked":["Empty Cage","Runic Pyramid"],"picked":"Astrolabe"},{"not_picked":["Orrery","Snecko Eye"],"picked":"Busted Crown"}],"items_purged_floors":[21],"is_endless":false,"potions_floor_spawned":[7,10,16,19,22,33,36,41,54],"killed_by":"The Heart","ascension_level":0}