{"gold_per_floor":[115,115,115,128,128,128,57,78,133,154,167,167,242,256,256,256],"floor_reached":16,"playtime":1175,"items_purged":[],"score":92,"play_id":"3f247a0a-9b96-4b78-bfeb-47bbcfa16bb6","local_time":"20190201181822","is_ascension_mode":false,"campfire_choices":[{"data":"Seeing Red","floor":6,"key":"SMITH"},{"data":"Exhume","floor":12,"key":"SMITH"},{"data":"Seeing Red","floor":15,"key":"SMITH"}],"neow_cost":"NONE","seed_source_timestamp":1226925661808896,"circlet_count":0,"master_deck":["Strike_R","Strike_R","Strike_R","Strike_R","Strike_R","Defend_R","Defend_R","Defend_R","Defend_R","Bash","Seeing Red+1","Twin Strike","Exhume+1","Seeing Red+1","Battle Trance","Shrug It Off"],"relics":["Burning Blood","Golden Idol","Omamori"],"potions_floor_usage":[16,16],"damage_taken":[{"damage":0,"enemies":"2 Louse","floor":1,"turns":3},{"damage":5,"enemies":"Small Slimes","floor":4,"turns":4},{"damage":8,"enemies":"Jaw Worm","floor":8,"turns":3},{"damage":6,"enemies":"Large Slime","floor":10,"turns":7},{"damage":6,"enemies":"2 Fungi Beasts","floor":11,"turns":3},{"damage":8,"enemies":"Exordium Wildlife","floor":14,"turns":4},{"damage":70,"enemies":"Hexaghost","floor":16,"turns":12}],"seed_played":"-5032826371679693641","potions_obtained":[{"floor":1,"key":"Explosive Potion"},{"floor":4,"key":"SpeedPotion"},{"floor":11,"key":"PowerPotion"}],"is_trial":false,"path_per_floor":["?","?","?","M","?"],"character_chosen":"IRONCLAD","items_purchased":["Exhume"],"campfire_rested":0,"item_purchase_floors":[7],"current_hp_per_floor":[88,81,81,81,81,81,81,79,79,79,79,79,68,66,66,0],"gold":256,"neow_bonus":"TEN_PERCENT_HP_BONUS","is_prod":false,"is_daily":false,"chose_seed":false,"campfire_upgraded":3,"win_rate":0,"timestamp":1549041502,"path_taken":["M","?","?","M","?","R","$","M","T","?","M","R","?","M","R","BOSS"],"build_version":"2019-01-23","purchased_purges":0,"victory":false,"max_hp_per_floor":[88,81,81,81,81,81,81,81,81,81,81,81,81,81,81,81],"card_choices":[{"not_picked":["Rampage","Hemokinesis"],"picked":"Seeing Red","floor":1},{"not_picked":["Wild Strike","Warcry"],"picked":"Twin Strike","floor":4},{"not_picked":["Clash","Iron Wave"],"picked":"Seeing Red","floor":8},{"not_picked":["Wild Strike","Power Through"],"picked":"Battle Trance","floor":10},{"not_picked":["Hemokinesis","Reckless Charge"],"picked":"Shrug It Off","floor":11},{"not_picked":["Heavy Blade","Reckless Charge","Intimidate"],"picked":"SKIP","floor":14}],"player_experience":44802,"relics_obtained":[{"floor":9,"key":"Omamori"}],"event_choices":[{"damage_healed":0,"gold_gain":0,"player_choice":"Lose Max HP","damage_taken":0,"relics_obtained":["Golden Idol"],"max_hp_gain":0,"max_hp_loss":7,"event_name":"Golden Idol","floor":2,"gold_loss":0},{"damage_healed":0,"gold_gain":0,"player_choice":"Ignored","damage_taken":0,"max_hp_gain":0,"max_hp_loss":0,"event_name":"Golden Wing","floor":3,"gold_loss":0},{"damage_healed":0,"gold_gain":0,"player_choice":"Ignored","damage_taken":0,"max_hp_gain":0,"max_hp_loss":0,"event_name":"Shining Light","floor":5,"gold_loss":0},{"damage_healed":0,"gold_gain":75,"player_choice":"Gather Gold","damage_taken":11,"max_hp_gain":0,"max_hp_loss":0,"event_name":"World of Goop","floor":13,"gold_loss":0}],"is_beta":false,"boss_relics":[],"items_purged_floors":[],"is_endless":false,"potions_floor_spawned":[1,4,11],"killed_by":"Hexaghost","ascension_level":0}