{"gold_per_floor":[118,136,136,136,148,148,181,181,181,151,151,181,36,52,52,52],"floor_reached":16,"playtime":785,"items_purged":[],"score":146,"play_id":"7bf6016a-b4b6-43a3-b712-0c2e308a6ea5","local_time":"20181113152922","is_ascension_mode":true,"campfire_choices":[{"floor":6,"key":"REST"},{"floor":8,"key":"REST"},{"floor":11,"key":"REST"},{"floor":15,"key":"REST"}],"neow_cost":"PERCENT_DAMAGE","seed_source_timestamp":8232398822354,"circlet_count":0,"master_deck":["Defend_G","Defend_G+1","Defend_G","Defend_G","Strike_G","Strike_G","Strike_G+1","Strike_G","Survivor","Neutralize","PiercingWail","Caltrops","Escape Plan","PiercingWail","Cloak And Dagger","Terror","After Image","Escape Plan"],"relics":["Ring of the Snake","Shovel","Ice Cream","Letter Opener"],"potions_floor_usage":[7,7,16],"damage_taken":[{"damage":1,"enemies":"2 Louse","floor":1,"turns":4},{"damage":14,"enemies":"Jaw Worm","floor":2,"turns":5},{"damage":2,"enemies":"Cultist","floor":5,"turns":6},{"damage":17,"enemies":"3 Sentries","floor":7,"turns":7},{"damage":0,"enemies":"Looter","floor":10,"turns":4},{"damage":41,"enemies":"Gremlin Nob","floor":12,"turns":5},{"damage":4,"enemies":"Blue Slaver","floor":14,"turns":4},{"damage":42,"enemies":"Slime Boss","floor":16,"turns":11}],"seed_played":"-3786400744225855193","potions_obtained":[{"floor":1,"key":"GamblersBrew"},{"floor":5,"key":"PowerPotion"},{"floor":14,"key":"Weak Potion"}],"is_trial":false,"path_per_floor":["M","M","?","?","M","R","E","R","T","M","R","E","$","M","R","B"],"character_chosen":"THE_SILENT","items_purchased":["After Image"],"campfire_rested":4,"item_purchase_floors":[13],"current_hp_per_floor":[44,30,16,16,14,35,18,39,39,39,60,19,19,15,36,0],"gold":52,"neow_bonus":"REMOVE_TWO","is_prod":false,"is_daily":false,"chose_seed":false,"campfire_upgraded":0,"win_rate":0,"timestamp":1542151762,"path_taken":["M","M","?","?","M","R","E","R","T","M","R","E","$","M","R","BOSS"],"build_version":"2018-11-08","purchased_purges":0,"victory":false,"max_hp_per_floor":[70,70,70,70,70,70,70,70,70,70,70,70,70,70,70,70],"card_choices":[{"not_picked":["Distraction","Prepared"],"picked":"PiercingWail","floor":1},{"not_picked":["Distraction","Underhanded Strike"],"picked":"Caltrops","floor":2},{"not_picked":["Deflect","Finisher"],"picked":"Escape Plan","floor":5},{"not_picked":["Reflex","Poisoned Stab"],"picked":"PiercingWail","floor":7},{"not_picked":["Acrobatics","Sucker Punch"],"picked":"Cloak And Dagger","floor":10},{"not_picked":["Deflect","Poisoned Stab"],"picked":"Terror","floor":12},{"not_picked":["Sucker Punch","Doppelganger"],"picked":"Escape Plan","floor":14}],"player_experience":229480,"relics_obtained":[{"floor":7,"key":"Shovel"},{"floor":9,"key":"Ice Cream"},{"floor":12,"key":"Letter Opener"}],"event_choices":[{"damage_healed":0,"gold_gain":0,"player_choice":"Entered Light","damage_taken":14,"max_hp_gain":0,"max_hp_loss":0,"event_name":"Shining Light","floor":3,"gold_loss":0,"cards_upgraded":["Strike_G","Defend_G"]},{"damage_healed":0,"gold_gain":0,"player_choice":"Ignored","damage_taken":0,"max_hp_gain":0,"max_hp_loss":0,"event_name":"Liars Game","floor":4,"gold_loss":0}],"is_beta":false,"boss_relics":[],"items_purged_floors":[],"is_endless":false,"potions_floor_spawned":[1,5,14],"killed_by":"Slime Boss","ascension_level":7}