{"gold_per_floor":[209,209,6,6,6,35,52,52,78,105,125,141,141,153,153,257,257,267,182,198,41,41,41,76,89,159,159],"floor_reached":27,"playtime":3606,"items_purged":[],"score":279,"play_id":"fb7ff183-61dc-41fe-80f6-1db795feb33e","local_time":"20190210024256","is_ascension_mode":true,"campfire_choices":[{"data":"Anger","floor":8.0,"key":"SMITH"},{"data":"Cleave","floor":13.0,"key":"SMITH"},{"data":"Perfected Strike","floor":15.0,"key":"SMITH"},{"data":"Barricade","floor":23.0,"key":"SMITH"}],"neow_cost":"NONE","seed_source_timestamp":0,"circlet_count":0,"master_deck":["Strike_R","Strike_R","Strike_R","Strike_R","Strike_R","Defend_R","Defend_R","Defend_R","Defend_R","Bash","Cleave+1","Anger+1","Feel No Pain","Second Wind+1","Wild Strike","Inflame","Warcry+1","Havoc+1","Perfected Strike+1","Barricade+1","Entrench+1","True Grit+1","Reaper","Decay","Corruption","Armaments+1"],"special_seed":0,"relics":["Burning Blood","Toxic Egg 2","ClockworkSouvenir","Potion Belt","Orichalcum","Dodecahedron","Eternal Feather","Dream Catcher","Pantograph","Frozen Egg 2"],"potions_floor_usage":[],"damage_taken":[{"damage":8.0,"enemies":"Jaw Worm","floor":1.0,"turns":4.0},{"damage":30.0,"enemies":"3 Sentries","floor":6.0,"turns":7.0},{"damage":0.0,"enemies":"2 Louse","floor":7.0,"turns":2.0},{"damage":0.0,"enemies":"Gremlin Nob","floor":10.0,"turns":4.0},{"damage":0.0,"enemies":"Small Slimes","floor":11.0,"turns":3.0},{"damage":3.0,"enemies":"Exordium Thugs","floor":12.0,"turns":4.0},{"damage":2.0,"enemies":"Exordium Wildlife","floor":14.0,"turns":2.0},{"damage":48.0,"enemies":"The Guardian","floor":16.0,"turns":10.0},{"damage":10.0,"enemies":"Shell Parasite","floor":18.0,"turns":6.0},{"damage":6.0,"enemies":"Chosen","floor":20.0,"turns":7.0},{"damage":21.0,"enemies":"Slavers","floor":24.0,"turns":6.0},{"damage":32.0,"enemies":"Snake Plant","floor":25.0,"turns":5.0},{"damage":72,"enemies":"Gremlin Leader","floor":27,"turns":5}],"seed_played":"2745013260762136369","potions_obtained":[{"floor":1.0,"key":"Ancient Potion"},{"floor":12.0,"key":"PowerPotion"},{"floor":16.0,"key":"SkillPotion"},{"floor":20.0,"key":"PowerPotion"},{"floor":25.0,"key":"Fire Potion"}],"is_trial":false,"path_per_floor":["M","?","$","?","?","E","M","R","T","E","M","M","R","M","R","B",null,"M","?","M","$","?","R","E","M","T","E"],"character_chosen":"IRONCLAD","items_purchased":["ClockworkSouvenir","Reaper"],"campfire_rested":0,"item_purchase_floors":[3,21],"current_hp_per_floor":[78,66,66,66,66,42,48,48,48,54,60,63,63,67,67,25,80,76,76,76,76,76,80,77,55,55,0],"gold":159,"neow_bonus":"HUNDRED_GOLD","is_prod":false,"is_daily":false,"chose_seed":false,"campfire_upgraded":4,"win_rate":0,"timestamp":1549762976,"path_taken":["M","?","$","?","?","E","M","R","T","E","M","?","R","M","R","BOSS","M","?","M","$","?","R","E","M","T","E"],"build_version":"2019-01-23","purchased_purges":0,"victory":false,"max_hp_per_floor":[80,80,80,80,80,80,80,80,80,80,80,80,80,80,80,80,80,80,80,80,80,80,80,80,80,80,80],"card_choices":[{"not_picked":["Carnage","Sentinel"],"picked":"Cleave","floor":1.0},{"not_picked":["Bloodletting+1","Thunderclap"],"picked":"Second Wind+1","floor":6.0},{"not_picked":["Blood for Blood","Headbutt"],"picked":"Wild Strike","floor":7.0},{"not_picked":["Iron Wave","Heavy Blade"],"picked":"Inflame","floor":10.0},{"not_picked":["Iron Wave","Fire Breathing"],"picked":"Warcry+1","floor":11.0},{"not_picked":["Sword Boomerang","Power Through+1"],"picked":"Havoc+1","floor":12.0},{"not_picked":["Dropkick","Battle Trance+1"],"picked":"Perfected Strike","floor":14.0},{"not_picked":["Exhume+1","Offering+1"],"picked":"Barricade","floor":16.0},{"not_picked":["Clash","Warcry+1"],"picked":"Entrench+1","floor":18.0},{"not_picked":["Shrug It Off+1","Perfected Strike"],"picked":"True Grit+1","floor":20.0},{"not_picked":["Body Slam","Perfected Strike"],"picked":"Corruption","floor":24.0},{"not_picked":["Disarm+1","Second Wind+1"],"picked":"Armaments+1","floor":25.0}],"player_experience":148475,"relics_obtained":[{"floor":6.0,"key":"Potion Belt"},{"floor":9.0,"key":"Orichalcum"},{"floor":10.0,"key":"Dodecahedron"},{"floor":24.0,"key":"Pantograph"},{"floor":26.0,"key":"Frozen Egg 2"}],"event_choices":[{"damage_healed":0.0,"max_hp_gain":0.0,"max_hp_loss":0.0,"gold_gain":0.0,"event_name":"Scrap Ooze","player_choice":"Success","floor":2.0,"gold_loss":0.0,"damage_taken":12.0,"relics_obtained":["Toxic Egg 2"]},{"damage_healed":0.0,"max_hp_gain":0.0,"max_hp_loss":0.0,"gold_gain":0.0,"event_name":"Liars Game","player_choice":"Ignored","floor":4.0,"gold_loss":0.0,"damage_taken":0.0},{"damage_healed":0.0,"max_hp_gain":0.0,"max_hp_loss":0.0,"gold_gain":0.0,"event_name":"Match and Keep!","player_choice":"2 cards matched","floor":5.0,"gold_loss":0.0,"damage_taken":0.0,"cards_obtained":["Anger","Feel No Pain"]},{"damage_healed":0.0,"max_hp_gain":0.0,"max_hp_loss":0.0,"gold_gain":0.0,"event_name":"Addict","player_choice":"Obtained Relic","floor":19.0,"gold_loss":85.0,"damage_taken":0.0,"relics_obtained":["Dream Catcher"]},{"damage_healed":0.0,"max_hp_gain":0.0,"max_hp_loss":0.0,"gold_gain":0.0,"event_name":"Wheel of Change","player_choice":"Cursed","floor":22.0,"gold_loss":0.0,"damage_taken":0.0,"cards_obtained":["Decay"]}],"is_beta":false,"boss_relics":[{"not_picked":["Sozu","Orrery"],"picked":"Eternal Feather"}],"items_purged_floors":[],"is_endless":false,"potions_floor_spawned":[1,12,16,20,25],"killed_by":"Gremlin Leader","ascension_level":1}