{"gold_per_floor":[118,142,67,67,67,67,86,106,152,199,227,57,57,76,76,202,202,202],"floor_reached":18,"playtime":1519,"items_purged":["Strike_R","Strike_R"],"score":192,"play_id":"c8ef2d21-5fc8-4964-aac1-235190cde4b0","local_time":"20190214225453","is_ascension_mode":true,"campfire_choices":[{"data":"Shrug It Off","floor":6,"key":"SMITH"},{"data":"Entrench","floor":13,"key":"SMITH"},{"floor":15,"key":"REST"}],"neow_cost":"NONE","seed_source_timestamp":137666450108674,"circlet_count":0,"master_deck":["Strike_R","Strike_R","Defend_R","Defend_R","Defend_R","Defend_R","Shrug It Off+1","Ghostly Armor","Entrench+1","Metallicize","Impervious"],"relics":["Black Blood","Golden Idol","MawBank","Magic Flower"],"potions_floor_usage":[16],"damage_taken":[{"damage":1,"enemies":"Cultist","floor":1,"turns":4},{"damage":2,"enemies":"Jaw Worm","floor":7,"turns":6},{"damage":2,"enemies":"2 Louse","floor":8,"turns":3},{"damage":55,"enemies":"3 Sentries","floor":10,"turns":21},{"damage":2,"enemies":"Exordium Wildlife","floor":11,"turns":12},{"damage":10,"enemies":"3 Louse","floor":14,"turns":13},{"damage":18,"enemies":"The Guardian","floor":16,"turns":58},{"damage":91,"enemies":"Chosen","floor":18,"turns":14}],"seed_played":"8246940609880055742","potions_obtained":[{"floor":8,"key":"FearPotion"},{"floor":10,"key":"Dexterity Potion"}],"is_trial":false,"path_per_floor":["T","?","?","M"],"character_chosen":"IRONCLAD","items_purchased":["Metallicize"],"campfire_rested":1,"item_purchase_floors":[12],"current_hp_per_floor":[80,80,80,73,73,73,74,74,74,25,32,32,32,31,53,44,74,0],"gold":202,"neow_bonus":"REMOVE_CARD","is_prod":false,"is_daily":false,"chose_seed":false,"campfire_upgraded":2,"win_rate":0,"timestamp":1550181293,"path_taken":["M","?","$","?","?","R","M","?","T","E","M","$","R","M","R","BOSS","M"],"build_version":"2019-01-23","purchased_purges":2,"victory":false,"max_hp_per_floor":[80,80,80,80,74,74,74,74,74,74,74,74,74,74,74,74,74,74],"card_choices":[{"not_picked":["Corruption","Wild Strike"],"picked":"Shrug It Off","floor":1},{"not_picked":["Spot Weakness","Wild Strike","Dual Wield"],"picked":"SKIP","floor":7},{"not_picked":["Dropkick","Thunderclap","Wild Strike"],"picked":"SKIP","floor":8},{"not_picked":["Clash","Power Through"],"picked":"Ghostly Armor","floor":10},{"not_picked":["Searing Blow","Seeing Red"],"picked":"Entrench","floor":11},{"not_picked":["Clothesline","Burning Pact"],"picked":"Impervious","floor":14}],"player_experience":191624,"relics_obtained":[{"floor":9,"key":"MawBank"},{"floor":10,"key":"Magic Flower"}],"event_choices":[{"cards_removed":["Bash"],"damage_healed":0,"gold_gain":0,"player_choice":"Card Removal","damage_taken":7,"max_hp_gain":0,"max_hp_loss":0,"event_name":"Golden Wing","floor":4,"gold_loss":0},{"damage_healed":0,"gold_gain":0,"player_choice":"Lose Max HP","damage_taken":0,"relics_obtained":["Golden Idol"],"max_hp_gain":0,"max_hp_loss":6,"event_name":"Golden Idol","floor":5,"gold_loss":0}],"is_beta":false,"boss_relics":[{"not_picked":["Fusion Hammer","Mark of Pain"],"picked":"Black Blood"}],"items_purged_floors":[3,12],"is_endless":false,"potions_floor_spawned":[8,10],"killed_by":"Chosen","ascension_level":4}