{"gold_per_floor":[114,114,134,152,5,35,35,45,45,45],"floor_reached":10,"playtime":1357,"items_purged":[],"score":75,"play_id":"6d802eaf-c103-4fdb-83f2-9a86e410d354","local_time":"20190222192250","is_ascension_mode":true,"campfire_choices":[{"floor":7,"key":"REST"}],"neow_cost":"NONE","seed_source_timestamp":260169770870889,"circlet_count":0,"master_deck":["Defend_G","Defend_G","Defend_G","Defend_G","Defend_G","Strike_G","Strike_G","Strike_G","Strike_G","Survivor","Neutralize","Tools of the Trade","Backflip","Blade Dance","Flying Knee","A Thousand Cuts","Dagger Throw+1","Dodge and Roll"],"relics":["Ring of the Snake","Molten Egg 2","Ninja Scroll"],"potions_floor_usage":[6,10],"damage_taken":[{"damage":4,"enemies":"2 Louse","floor":1,"turns":4},{"damage":3,"enemies":"Small Slimes","floor":3,"turns":6},{"damage":0,"enemies":"Cultist","floor":4,"turns":5},{"damage":51,"enemies":"Gremlin Nob","floor":6,"turns":6},{"damage":1,"enemies":"Blue Slaver","floor":8,"turns":4},{"damage":35,"enemies":"Lagavulin","floor":10,"turns":11}],"seed_played":"855801106475505926","potions_obtained":[{"floor":3,"key":"Explosive Potion"},{"floor":6,"key":"PowerPotion"}],"is_trial":false,"path_per_floor":["M","?","M","M","$","E","R","M","T","E"],"character_chosen":"THE_SILENT","items_purchased":["A Thousand Cuts"],"campfire_rested":1,"item_purchase_floors":[5],"current_hp_per_floor":[66,66,63,63,63,12,33,32,32,0],"gold":45,"neow_bonus":"ONE_RANDOM_RARE_CARD","is_prod":false,"is_daily":false,"chose_seed":false,"campfire_upgraded":0,"win_rate":0,"timestamp":1550884970,"path_taken":["M","?","M","M","$","E","R","M","T","E"],"build_version":"2019-01-23","purchased_purges":0,"victory":false,"max_hp_per_floor":[70,70,70,70,70,70,70,70,70,70],"card_choices":[{"not_picked":["Deflect","Well Laid Plans"],"picked":"Backflip","floor":1},{"not_picked":["Deadly Poison","Slice"],"picked":"Blade Dance","floor":3},{"not_picked":["Underhanded Strike","Eviscerate"],"picked":"Flying Knee","floor":4},{"not_picked":["Outmaneuver","Calculated Gamble"],"picked":"Dagger Throw","floor":6},{"not_picked":["Underhanded Strike+1","Backflip"],"picked":"Dodge and Roll","floor":8}],"player_experience":138944,"relics_obtained":[{"floor":6,"key":"Molten Egg 2"},{"floor":9,"key":"Ninja Scroll"}],"event_choices":[{"cards_removed":["Strike_G"],"damage_healed":0,"gold_gain":0,"player_choice":"Forget","damage_taken":0,"max_hp_gain":0,"max_hp_loss":0,"event_name":"Living Wall","floor":2,"gold_loss":0}],"is_beta":false,"boss_relics":[],"items_purged_floors":[],"is_endless":false,"potions_floor_spawned":[3,6],"killed_by":"Lagavulin","ascension_level":2}