{"gold_per_floor":[119,129,79,27,42,42,113,113,113,113,146,20,20,36,36,136,136,146,146,163,163,11,11,31,31,31,48,7,38,38,38,38,38],"floor_reached":33,"playtime":4038,"items_purged":[],"score":300,"play_id":"c1ada80c-b6cd-4cc4-ac4f-073483260674","local_time":"20190117115843","is_ascension_mode":true,"campfire_choices":[{"data":"Phantasmal Killer","floor":6,"key":"SMITH"},{"data":"Neutralize","floor":8,"key":"SMITH"},{"floor":15,"key":"REST"},{"data":"Adrenaline","floor":23,"key":"SMITH"},{"floor":25,"key":"REST"},{"data":"Finisher","floor":32,"key":"SMITH"}],"neow_cost":"NONE","seed_source_timestamp":471248407131014,"circlet_count":0,"master_deck":["Defend_G","Defend_G","Defend_G","Defend_G","Strike_G","Strike_G","Strike_G","Survivor","Neutralize+1","Underhanded Strike","Flying Knee","Prepared","Phantasmal Killer+1","Eviscerate","Finisher+1","Blade Dance","Backstab","Caltrops","Adrenaline+1","Blade Dance","Necronomicurse","Predator","Terror","Masterful Stab","Bullet Time","Endless Agony","Acrobatics","Shame"],"relics":["Ring of the Snake","NeowsBlessing","Mummified Hand","Darkstone Periapt","Ornamental Fan","Philosopher\u0027s Stone","Necronomicon","Juzu Bracelet","The Specimen","Orichalcum","Molten Egg 2"],"potions_floor_usage":[11,16,29,33],"damage_taken":[{"damage":0,"enemies":"Jaw Worm","floor":1,"turns":1},{"damage":0,"enemies":"Small Slimes","floor":2,"turns":1},{"damage":0,"enemies":"2 Louse","floor":5,"turns":1},{"damage":35,"enemies":"3 Sentries","floor":11,"turns":10},{"damage":0,"enemies":"Blue Slaver","floor":14,"turns":1},{"damage":51,"enemies":"Slime Boss","floor":16,"turns":14},{"damage":0,"enemies":"Shell Parasite","floor":18,"turns":3},{"damage":0,"enemies":"Spheric Guardian","floor":20,"turns":1},{"damage":20,"enemies":"Snake Plant","floor":24,"turns":2},{"damage":0,"enemies":"Chosen and Byrds","floor":27,"turns":3},{"damage":0,"enemies":"Gremlin Leader","floor":29,"turns":3},{"damage":76,"enemies":"Automaton","floor":33,"turns":6}],"seed_played":"3673848886716957733","potions_obtained":[{"floor":2,"key":"Fire Potion"},{"floor":14,"key":"FearPotion"},{"floor":16,"key":"Poison Potion"},{"floor":20,"key":"LiquidBronze"},{"floor":27,"key":"SteroidPotion"},{"floor":29,"key":"Explosive Potion"}],"is_trial":false,"path_per_floor":["M","M","?","$","M","R","?","R","T","?","E","$","T","M","R","B",null,"M","?","M","?","$","R","M","R","T","M","$","E","?","?","R","B"],"character_chosen":"THE_SILENT","items_purchased":["Prepared","Blade Dance","Backstab","Juzu Bracelet","Endless Agony"],"campfire_rested":2,"item_purchase_floors":[4,12,12,22,28],"current_hp_per_floor":[70,70,70,70,70,70,70,70,70,70,35,35,35,35,56,5,70,70,60,60,60,60,60,40,62,62,62,62,62,62,68,68,0],"gold":38,"neow_bonus":"THREE_ENEMY_KILL","is_prod":false,"is_daily":false,"chose_seed":false,"campfire_upgraded":4,"win_rate":0,"timestamp":1547722723,"path_taken":["M","M","?","$","M","R","?","R","T","?","E","$","?","M","R","BOSS","M","?","M","?","$","R","M","R","T","M","$","E","?","?","R","BOSS"],"build_version":"2019-01-10","purchased_purges":0,"victory":false,"max_hp_per_floor":[70,70,70,70,70,70,70,70,70,70,70,70,70,70,70,70,70,70,76,76,76,76,76,76,76,76,76,76,76,76,82,82,82],"card_choices":[{"not_picked":["Bouncing Flask","Slice"],"picked":"Underhanded Strike","floor":1},{"not_picked":["Dagger Spray","Blade Dance"],"picked":"Flying Knee","floor":2},{"not_picked":["Eviscerate","Acrobatics"],"picked":"Phantasmal Killer","floor":5},{"not_picked":["Acrobatics","Sucker Punch"],"picked":"Finisher","floor":11},{"not_picked":["Dash","Poisoned Stab"],"picked":"Caltrops","floor":14},{"not_picked":["Envenom","Unload"],"picked":"Adrenaline","floor":16},{"not_picked":["Deflect","Deadly Poison+1"],"picked":"Blade Dance","floor":18},{"not_picked":["Outmaneuver","Reflex"],"picked":"Predator","floor":20},{"not_picked":["Poisoned Stab","Bane"],"picked":"Masterful Stab","floor":24},{"not_picked":["Flying Knee","Finisher"],"picked":"Bullet Time","floor":27},{"not_picked":["Terror","Quick Slash+1"],"picked":"Acrobatics","floor":29}],"player_experience":59739,"relics_obtained":[{"floor":9,"key":"Mummified Hand"},{"floor":11,"key":"Darkstone Periapt"},{"floor":13,"key":"Ornamental Fan"},{"floor":19,"key":"Necronomicon"},{"floor":26,"key":"The Specimen"},{"floor":29,"key":"Orichalcum"}],"event_choices":[{"cards_removed":["Strike_G"],"damage_healed":0,"gold_gain":0,"player_choice":"Card Removal","damage_taken":0,"max_hp_gain":0,"max_hp_loss":0,"event_name":"The Cleric","floor":3,"gold_loss":50},{"damage_healed":0,"gold_gain":71,"player_choice":"Gained Gold","damage_taken":0,"max_hp_gain":0,"max_hp_loss":0,"event_name":"Golden Wing","floor":7,"gold_loss":0},{"damage_healed":0,"gold_gain":0,"cards_transformed":["Defend_G"],"player_choice":"Change","damage_taken":0,"max_hp_gain":0,"max_hp_loss":0,"event_name":"Living Wall","floor":10,"gold_loss":0,"cards_obtained":["Eviscerate"]},{"damage_healed":0,"gold_gain":0,"player_choice":"Obtained Book","damage_taken":16,"max_hp_gain":0,"max_hp_loss":0,"event_name":"Cursed Tome","floor":19,"gold_loss":0},{"damage_healed":0,"gold_gain":0,"player_choice":"Read","damage_taken":0,"max_hp_gain":0,"max_hp_loss":0,"event_name":"The Library","floor":21,"gold_loss":0,"cards_obtained":["Terror"]},{"cards_removed":["Strike_G"],"damage_healed":0,"gold_gain":0,"player_choice":"Purged","damage_taken":0,"max_hp_gain":0,"max_hp_loss":0,"event_name":"Purifier","floor":30,"gold_loss":0},{"damage_healed":0,"gold_gain":0,"player_choice":"Stole Relic","damage_taken":0,"relics_obtained":["Molten Egg 2"],"max_hp_gain":0,"max_hp_loss":0,"event_name":"Addict","floor":31,"gold_loss":0,"cards_obtained":["Shame"]}],"is_beta":false,"boss_relics":[{"not_picked":["Busted Crown","Orrery"],"picked":"Philosopher\u0027s Stone"}],"items_purged_floors":[],"is_endless":false,"potions_floor_spawned":[2,14,16,20,27,29],"killed_by":"Automaton","ascension_level":1}