{"gold_per_floor":[118,136,146,196,52,34,49,49,49,124,124,139,139],"floor_reached":13,"playtime":421,"items_purged":[],"score":135,"play_id":"37803d4b-2cbb-468a-8348-9ea6c3ca9fd0","local_time":"20190121203719","is_ascension_mode":true,"campfire_choices":[{"data":"Bouncing Flask","floor":8,"key":"SMITH"},{"floor":11,"key":"REST"}],"neow_cost":"NONE","seed_source_timestamp":126924283786100,"circlet_count":0,"master_deck":["AscendersBane","Defend_G","Defend_G","Defend_G","Defend_G","Defend_G","Strike_G","Strike_G","Strike_G","Strike_G","Strike_G","Survivor","Neutralize","Escape Plan","Bouncing Flask+1","Well Laid Plans","PiercingWail","Dagger Spray","Bouncing Flask"],"relics":["Ring of the Snake","Snake Skull","Bottled Lightning"],"potions_floor_usage":[6,6,13],"damage_taken":[{"damage":0,"enemies":"2 Louse","floor":1,"turns":4},{"damage":9,"enemies":"Cultist","floor":2,"turns":5},{"damage":3,"enemies":"Jaw Worm","floor":3,"turns":5},{"damage":0,"enemies":"Exordium Thugs","floor":6,"turns":4},{"damage":25,"enemies":"Large Slime","floor":7,"turns":7},{"damage":35,"enemies":"Gremlin Gang","floor":12,"turns":6},{"damage":8,"enemies":"Red Slaver","floor":13,"turns":1}],"seed_played":"-4896038861970737342","potions_obtained":[{"floor":1,"key":"SkillPotion"},{"floor":3,"key":"Block Potion"},{"floor":12,"key":"AttackPotion"}],"is_trial":false,"path_per_floor":["M","M","M","?","$","M","M","R","T","?","R","M","M"],"character_chosen":"THE_SILENT","items_purchased":["Snake Skull"],"campfire_rested":1,"item_purchase_floors":[5],"current_hp_per_floor":[65,56,53,53,53,53,28,28,28,17,38,3,0],"gold":139,"neow_bonus":"TEN_PERCENT_HP_BONUS","is_prod":false,"is_daily":false,"chose_seed":false,"campfire_upgraded":1,"win_rate":0,"timestamp":1548074239,"path_taken":["M","M","M","?","?","M","M","R","T","?","R","M","?"],"build_version":"2019-01-17v2","purchased_purges":0,"victory":false,"max_hp_per_floor":[72,72,72,72,72,72,72,72,72,72,72,72,72],"card_choices":[{"not_picked":["Distraction","Choke"],"picked":"Escape Plan","floor":1},{"not_picked":["Underhanded Strike","Flying Knee"],"picked":"Bouncing Flask","floor":2},{"not_picked":["Concentrate","Cloak And Dagger"],"picked":"Well Laid Plans","floor":3},{"not_picked":["Underhanded Strike","Distraction"],"picked":"PiercingWail","floor":6},{"not_picked":["Dagger Throw","Bane"],"picked":"Dagger Spray","floor":7},{"not_picked":["Finisher","Eviscerate"],"picked":"Bouncing Flask","floor":12}],"player_experience":667285,"relics_obtained":[{"floor":9,"key":"Bottled Lightning"}],"event_choices":[{"damage_healed":0,"gold_gain":50,"player_choice":"Pray","damage_taken":0,"max_hp_gain":0,"max_hp_loss":0,"event_name":"Golden Shrine","floor":4,"gold_loss":0},{"damage_healed":0,"gold_gain":75,"player_choice":"Gather Gold","damage_taken":11,"max_hp_gain":0,"max_hp_loss":0,"event_name":"World of Goop","floor":10,"gold_loss":0}],"is_beta":false,"boss_relics":[],"items_purged_floors":[],"is_endless":false,"potions_floor_spawned":[1,3,12],"killed_by":"Red Slaver","ascension_level":15}