{"gold_per_floor":[116,41,41,60,60,60,90,90,172,172,192,202,213,271,271,368,368,379,379,379,392,392,392,392,342,394,394,92,127,144,156,156,260,260,272,272,172,192,7,7,17,17,43,43,43,62,62,88,88,88],"floor_reached":51,"playtime":2698,"items_purged":["Strike_R","Twin Strike+1","Bash+1","Body Slam+1"],"score":766,"play_id":"a1dd5613-c443-43af-abfd-a81f6d3beb8f","local_time":"20190226140237","is_ascension_mode":false,"campfire_choices":[{"data":"Body Slam","floor":6,"key":"SMITH"},{"data":"Rampage","floor":8,"key":"SMITH"},{"data":"Twin Strike","floor":10,"key":"SMITH"},{"data":"Bash","floor":15,"key":"SMITH"},{"data":"Disarm","floor":23,"key":"SMITH"},{"data":"Offering","floor":27,"key":"SMITH"},{"data":"Whirlwind","floor":32,"key":"SMITH"},{"data":"Double Tap","floor":40,"key":"SMITH"},{"data":"Double Tap","floor":44,"key":"SMITH"},{"data":"Shrug It Off","floor":49,"key":"SMITH"}],"neow_cost":"NONE","seed_source_timestamp":0,"circlet_count":0,"master_deck":["Defend_R+1","Defend_R+1","Defend_R+1","Defend_R+1","Offering+1","Immolate+1","Impervious+1","True Grit+1","Disarm+1","Necronomicurse","Reaper","Whirlwind+1","Uppercut+1","Shrug It Off+1","Double Tap+1","Shrug It Off+1","Double Tap+1"],"special_seed":0,"relics":["Burning Blood","Strawberry","Calipers","The Courier","Bag of Marbles","Astrolabe","Necronomicon","Bag of Preparation","Nunchaku","Snecko Eye","Regal Pillow","Letter Opener","Kunai"],"potions_floor_usage":[7,16,16,50,50,50],"damage_taken":[{"damage":11,"enemies":"Jaw Worm","floor":1,"turns":6},{"damage":2,"enemies":"Small Slimes","floor":4,"turns":4},{"damage":32,"enemies":"Lagavulin","floor":7,"turns":6},{"damage":1,"enemies":"Cultist","floor":11,"turns":3},{"damage":16,"enemies":"Large Slime","floor":12,"turns":5},{"damage":1,"enemies":"2 Fungi Beasts","floor":13,"turns":4},{"damage":32,"enemies":"Lagavulin Event","floor":14,"turns":5},{"damage":33,"enemies":"The Guardian","floor":16,"turns":12},{"damage":6,"enemies":"3 Byrds","floor":18,"turns":5},{"damage":8,"enemies":"Shell Parasite","floor":21,"turns":3},{"damage":6,"enemies":"Book of Stabbing","floor":29,"turns":3},{"damage":0,"enemies":"Centurion and Healer","floor":30,"turns":1},{"damage":6,"enemies":"Chosen and Byrds","floor":31,"turns":2},{"damage":56,"enemies":"Automaton","floor":33,"turns":12},{"damage":0,"enemies":"3 Shapes","floor":35,"turns":3},{"damage":0,"enemies":"3 Darklings","floor":38,"turns":1},{"damage":0,"enemies":"Sphere and 2 Shapes","floor":41,"turns":3},{"damage":7,"enemies":"Maw","floor":46,"turns":8},{"damage":6,"enemies":"Nemesis","floor":48,"turns":7},{"damage":44,"enemies":"Awakened One","floor":50,"turns":15}],"seed_played":"-9192633377412638725","potions_obtained":[{"floor":4,"key":"Block Potion"},{"floor":7,"key":"PowerPotion"},{"floor":12,"key":"Fire Potion"},{"floor":18,"key":"PowerPotion"},{"floor":29,"key":"PowerPotion"},{"floor":41,"key":"Weak Potion"}],"is_trial":false,"path_per_floor":["M","$","?","M","?","R","E","R","T","R","M","M","M","?","R","B",null,"M","?","?","M","?","R","?","?","T","R","$","E","M","M","R","B",null,"M","?","$","M","$","R","M","?","T","R","T","M","?","E","R","B",null],"character_chosen":"IRONCLAD","items_purchased":["Shockwave","Reaper","Whirlwind","Double Tap"],"campfire_rested":0,"item_purchase_floors":[28,28,28,39],"current_hp_per_floor":[82,82,75,79,87,87,61,61,61,61,66,56,61,35,35,8,87,87,71,71,69,69,69,69,69,69,69,69,69,75,87,87,37,87,87,87,87,87,87,87,87,87,87,87,87,87,87,87,87,57],"gold":88,"neow_bonus":"RANDOM_COMMON_RELIC","is_prod":false,"is_daily":false,"chose_seed":false,"campfire_upgraded":10,"win_rate":0,"timestamp":1551207757,"path_taken":["M","$","?","M","?","R","E","R","T","R","M","?","M","?","R","BOSS","M","?","?","M","?","R","?","?","T","R","$","E","M","?","R","BOSS","M","?","?","?","$","R","M","?","T","R","?","M","?","E","R","BOSS"],"build_version":"2019-01-23","purchased_purges":4,"victory":true,"max_hp_per_floor":[87,87,87,87,87,87,87,87,87,87,87,87,87,87,87,87,87,87,87,87,87,87,87,87,87,87,87,87,87,87,87,87,87,87,87,87,87,87,87,87,87,87,87,87,87,87,87,87,87,87],"card_choices":[{"not_picked":["Evolve","Blood for Blood"],"picked":"Twin Strike","floor":1},{"not_picked":["Combust","Dual Wield"],"picked":"Body Slam","floor":4},{"not_picked":["Sever Soul","Wild Strike"],"picked":"Rampage","floor":7},{"not_picked":["Heavy Blade","Iron Wave","Perfected Strike"],"picked":"SKIP","floor":11},{"not_picked":["Entrench","Twin Strike","Flex"],"picked":"SKIP","floor":12},{"not_picked":["Clothesline","Pommel Strike","Burning Pact"],"picked":"SKIP","floor":13},{"not_picked":["Fiend Fire","Bludgeon"],"picked":"Offering","floor":16},{"not_picked":["Burning Pact","Thunderclap"],"picked":"Disarm","floor":18},{"not_picked":["Flex+1","Wild Strike","Dual Wield"],"picked":"SKIP","floor":21},{"not_picked":["Anger","Iron Wave"],"picked":"Uppercut+1","floor":29},{"not_picked":["Reckless Charge","Exhume","Combust"],"picked":"SKIP","floor":30},{"not_picked":["Bloodletting","Dropkick"],"picked":"Shrug It Off","floor":31},{"not_picked":["Immolate","Barricade"],"picked":"Double Tap","floor":33},{"not_picked":["Searing Blow","Pummel+1","Clash+1"],"picked":"SKIP","floor":35},{"not_picked":["Second Wind","Clothesline"],"picked":"Shrug It Off+1","floor":38},{"not_picked":["Bloodletting+1","Clothesline+1","Perfected Strike"],"picked":"SKIP","floor":41},{"not_picked":["Inflame+1","Reckless Charge+1","Clash+1"],"picked":"SKIP","floor":46},{"not_picked":["Pommel Strike","Cleave","Sword Boomerang+1"],"picked":"SKIP","floor":48}],"player_experience":473972,"relics_obtained":[{"floor":7,"key":"Calipers"},{"floor":9,"key":"The Courier"},{"floor":19,"key":"Necronomicon"},{"floor":26,"key":"Bag of Preparation"},{"floor":29,"key":"Nunchaku"},{"floor":43,"key":"Regal Pillow"},{"floor":45,"key":"Letter Opener"},{"floor":48,"key":"Kunai"}],"event_choices":[{"cards_removed":["Strike_R"],"damage_healed":0,"gold_gain":0,"player_choice":"Card Removal","damage_taken":7,"max_hp_gain":0,"max_hp_loss":0,"event_name":"Golden Wing","floor":3,"gold_loss":0},{"damage_healed":8,"gold_gain":0,"player_choice":"Full Heal","damage_taken":0,"max_hp_gain":0,"max_hp_loss":0,"event_name":"Wheel of Change","floor":5,"gold_loss":0},{"damage_healed":0,"gold_gain":0,"player_choice":"Searched \u00272\u0027 times","damage_taken":0,"relics_obtained":["Bag of Marbles"],"max_hp_gain":0,"max_hp_loss":0,"event_name":"Dead Adventurer","floor":14,"gold_loss":0},{"damage_healed":0,"gold_gain":0,"player_choice":"Obtained Book","damage_taken":16,"max_hp_gain":0,"max_hp_loss":0,"event_name":"Cursed Tome","floor":19,"gold_loss":0},{"damage_healed":0,"gold_gain":0,"player_choice":"Ignored","damage_taken":0,"max_hp_gain":0,"max_hp_loss":0,"event_name":"The Mausoleum","floor":20,"gold_loss":0},{"damage_healed":0,"gold_gain":0,"player_choice":"Simplicity","damage_taken":0,"max_hp_gain":0,"max_hp_loss":0,"event_name":"Back to Basics","floor":22,"gold_loss":0,"cards_upgraded":["Defend_R","Defend_R","Defend_R","Defend_R"]},{"damage_healed":0,"gold_gain":0,"player_choice":"Ignored","damage_taken":0,"max_hp_gain":0,"max_hp_loss":0,"event_name":"Ghosts","floor":24,"gold_loss":0},{"damage_healed":0,"gold_gain":0,"player_choice":"Bet on Owner","damage_taken":0,"max_hp_gain":0,"max_hp_loss":0,"event_name":"The Joust","floor":25,"gold_loss":50},{"cards_removed":["Rampage"],"damage_healed":0,"gold_gain":0,"player_choice":"Purged","damage_taken":0,"max_hp_gain":0,"max_hp_loss":0,"event_name":"Purifier","floor":36,"gold_loss":0},{"damage_healed":0,"gold_gain":0,"player_choice":"Memory 1","damage_taken":0,"max_hp_gain":0,"max_hp_loss":0,"event_name":"SensoryStone","floor":42,"gold_loss":0},{"cards_removed":["Shockwave"],"damage_healed":0,"gold_gain":0,"player_choice":"Removed Skill","damage_taken":0,"max_hp_gain":0,"max_hp_loss":0,"event_name":"Falling","floor":47,"gold_loss":0}],"is_beta":false,"boss_relics":[{"not_picked":["Eternal Feather","Runic Pyramid"],"picked":"Astrolabe"},{"not_picked":["Tiny House","White Beast Statue"],"picked":"Snecko Eye"}],"items_purged_floors":[2,28,37,39],"is_endless":false,"potions_floor_spawned":[4,7,12,18,29,41,46],"ascension_level":0}