{"gold_per_floor":[109,109,109,109,134,134,159,159,159,159,159,179,104,125,125,246,246,270,72,96,116,116],"floor_reached":22,"playtime":1958,"items_purged":["Regret","Strike_R"],"score":185,"play_id":"605ee320-0b68-43f8-8aab-8901511eca15","local_time":"20181020000738","is_ascension_mode":true,"campfire_choices":[{"data":"Bash","floor":6,"key":"SMITH"},{"data":"Metallicize","floor":8,"key":"SMITH"},{"data":"Pommel Strike","floor":10,"key":"SMITH"},{"data":"Pommel Strike","floor":15,"key":"SMITH"}],"neow_cost":"NONE","seed_source_timestamp":849854477099587,"circlet_count":0,"master_deck":["Strike_R","Strike_R","Strike_R","Defend_R","Defend_R","Defend_R","Bash+1","Pommel Strike+1","Metallicize+1","Cleave","Pommel Strike+1","Double Tap","Flex","Anger","Rampage","Iron Wave","Dropkick"],"relics":["Burning Blood","Golden Idol","Darkstone Periapt","Ancient Tea Set","Runic Cube"],"potions_floor_usage":[16,16,21],"damage_taken":[{"damage":1,"enemies":"2 Louse","floor":1,"turns":3},{"damage":8,"enemies":"Jaw Worm","floor":5,"turns":3},{"damage":7,"enemies":"Small Slimes","floor":7,"turns":3},{"damage":8,"enemies":"Blue Slaver","floor":12,"turns":3},{"damage":0,"enemies":"3 Louse","floor":14,"turns":2},{"damage":40,"enemies":"Hexaghost","floor":16,"turns":9},{"damage":34,"enemies":"2 Thieves","floor":18,"turns":5},{"damage":27,"enemies":"3 Byrds","floor":20,"turns":5},{"damage":27,"enemies":"Centurion and Healer","floor":21,"turns":5},{"damage":30,"enemies":"Sentry and Sphere","floor":22,"turns":5}],"seed_played":"-523072616424218154","potions_obtained":[{"floor":7,"key":"Poison Potion"},{"floor":12,"key":"Block Potion"},{"floor":16,"key":"FearPotion"},{"floor":18,"key":"SkillPotion"}],"is_trial":false,"path_per_floor":["M","?","?","?","M","R","M","R","T","R","?","M","$","M","R","B",null,"M","$","M","M"],"character_chosen":"IRONCLAD","items_purchased":["Anger","Rampage"],"campfire_rested":0,"item_purchase_floors":[19,19],"current_hp_per_floor":[88,81,81,59,57,57,56,56,56,56,62,60,60,66,66,32,94,66,66,45,24,0],"gold":116,"neow_bonus":"TEN_PERCENT_HP_BONUS","is_prod":false,"is_daily":false,"chose_seed":false,"campfire_upgraded":4,"win_rate":0,"timestamp":1540019258,"path_taken":["M","?","?","?","M","R","M","R","T","R","?","M","$","?","R","BOSS","M","$","M","M","M"],"build_version":"2018-10-18","purchased_purges":2,"victory":false,"max_hp_per_floor":[88,88,88,88,88,88,88,88,88,88,94,94,94,94,94,94,94,94,94,94,94,94],"card_choices":[{"not_picked":["Body Slam","Clash"],"picked":"Pommel Strike","floor":1},{"not_picked":["Evolve","Intimidate"],"picked":"Metallicize","floor":5},{"not_picked":["Reckless Charge","Uppercut","Clash"],"picked":"SKIP","floor":7},{"not_picked":["Reckless Charge","Uppercut","Clash"],"picked":"SKIP","floor":7},{"not_picked":["Reckless Charge","Uppercut","Clash"],"picked":"SKIP","floor":7},{"not_picked":["Heavy Blade","Wild Strike"],"picked":"Cleave","floor":12},{"not_picked":["Wild Strike","Twin Strike"],"picked":"Pommel Strike","floor":14},{"not_picked":["Dark Embrace","Fiend Fire"],"picked":"Double Tap","floor":16},{"not_picked":["Rage","Metallicize"],"picked":"Flex","floor":18},{"not_picked":["Disarm","Sever Soul"],"picked":"Iron Wave","floor":20},{"not_picked":["Dual Wield","Body Slam"],"picked":"Dropkick","floor":21}],"player_experience":61872,"relics_obtained":[{"floor":9,"key":"Darkstone Periapt"}],"event_choices":[{"cards_removed":["Defend_R"],"damage_healed":0,"gold_gain":0,"player_choice":"Card Removal","damage_taken":7,"max_hp_gain":0,"max_hp_loss":0,"event_name":"Golden Wing","floor":2,"gold_loss":0},{"cards_removed":["Strike_R"],"damage_healed":0,"gold_gain":0,"player_choice":"Forget","damage_taken":0,"max_hp_gain":0,"max_hp_loss":0,"event_name":"Living Wall","floor":3,"gold_loss":0},{"damage_healed":0,"gold_gain":0,"player_choice":"Take Damage","damage_taken":22,"relics_obtained":["Golden Idol"],"max_hp_gain":0,"max_hp_loss":0,"event_name":"Golden Idol","floor":4,"gold_loss":0},{"damage_healed":0,"gold_gain":0,"player_choice":"Box","damage_taken":0,"relics_obtained":["Ancient Tea Set"],"max_hp_gain":0,"max_hp_loss":0,"event_name":"Big Fish","floor":11,"gold_loss":0,"cards_obtained":["Regret"]}],"is_beta":false,"boss_relics":[{"not_picked":["Eternal Feather","Astrolabe"],"picked":"Runic Cube"}],"items_purged_floors":[13,19],"is_endless":false,"potions_floor_spawned":[7,12,16,18],"killed_by":"Sentry and Sphere","ascension_level":1}