{"gold_per_floor":[111,111,286,304,316,316,343,343,390,401,415,415,52,52,52,155,155,171,181,181,181,181,181,181,181,181,181,191,43,43,19,19,19],"floor_reached":33,"playtime":856,"items_purged":["Strike_B"],"score":314,"play_id":"6a806e4c-af08-4834-8734-ea4ff70ef3a7","local_time":"20180626224240","is_ascension_mode":true,"campfire_choices":[{"data":"Coolheaded","floor":6,"key":"SMITH"},{"data":"Gash","floor":8,"key":"SMITH"},{"data":"Go for the Eyes","floor":12,"key":"SMITH"},{"data":"Scrape","floor":15,"key":"SMITH"},{"data":"Echo Form","floor":23,"key":"SMITH"},{"data":"Double Energy","floor":25,"key":"SMITH"},{"data":"Blizzard","floor":27,"key":"SMITH"},{"data":"Conserve Battery","floor":32,"key":"SMITH"}],"neow_cost":"NONE","seed_source_timestamp":5151467220631,"circlet_count":0,"master_deck":["Strike_B","Strike_B","Defend_B","Defend_B","Defend_B","Defend_B","Zap+1","Dualcast","Cold Snap","Coolheaded+1","Gash","Gash+1","Conserve Battery+1","Go for the Eyes+1","Blizzard+1","Scrape+1","Echo Form+1","Double Energy+1","Gash","Gash"],"relics":["Cracked Core","Omamori","Potion Belt","Orichalcum","Singing Bowl","Inserter","Ice Cream","Toxic Egg 2","Juzu Bracelet"],"potions_floor_usage":[7,33],"damage_taken":[{"damage":2,"enemies":"Jaw Worm","floor":1,"turns":3},{"damage":0,"enemies":"Cultist","floor":4,"turns":3},{"damage":2,"enemies":"2 Louse","floor":5,"turns":2},{"damage":6,"enemies":"3 Sentries","floor":7,"turns":7},{"damage":3,"enemies":"Looter","floor":10,"turns":3},{"damage":7,"enemies":"Blue Slaver","floor":11,"turns":3},{"damage":29,"enemies":"Slime Boss","floor":16,"turns":10},{"damage":3,"enemies":"3 Byrds","floor":18,"turns":5},{"damage":17,"enemies":"Spheric Guardian","floor":19,"turns":5},{"damage":14,"enemies":"Centurion and Healer","floor":28,"turns":6},{"damage":51,"enemies":"Automaton","floor":33,"turns":6}],"seed_played":"-2697182234624313317","potions_obtained":[{"floor":4,"key":"Fire Potion"},{"floor":7,"key":"Fire Potion"},{"floor":20,"key":"Poison Potion"},{"floor":20,"key":"FearPotion"},{"floor":20,"key":"SteroidPotion"},{"floor":28,"key":"Explosive Potion"}],"is_trial":false,"path_per_floor":["M","?","?","M","M","R","E","R","T","M","M","R","$","?","R","B",null,"M","M","?","?","T","R","?","R","T","R","M","$","?","$","R"],"character_chosen":"DEFECT","items_purchased":["Singing Bowl","Blizzard","Scrape","Juzu Bracelet","Gash"],"campfire_rested":0,"item_purchase_floors":[13,13,13,29,31],"current_hp_per_floor":[73,73,73,73,71,71,65,65,65,62,55,55,55,55,55,26,75,74,59,59,59,59,59,59,59,59,59,45,45,45,45,45,0],"gold":19,"neow_bonus":"RANDOM_COMMON_RELIC","is_prod":false,"is_daily":false,"chose_seed":false,"campfire_upgraded":8,"win_rate":0,"timestamp":1530024160,"path_taken":["M","?","?","M","?","R","E","R","T","M","M","R","$","?","R","BOSS","M","?","?","?","?","R","?","R","T","R","M","$","?","$","R","BOSS"],"build_version":"2018-06-21v2","purchased_purges":1,"victory":false,"max_hp_per_floor":[75,75,75,75,75,75,75,75,75,75,75,75,75,75,75,75,75,77,79,79,79,79,79,79,79,79,79,79,79,79,79,79,79],"card_choices":[{"not_picked":["Rebound","Barrage"],"picked":"Cold Snap","floor":1},{"not_picked":["Sweeping Beam","Turbo"],"picked":"Coolheaded","floor":4},{"not_picked":["Rebound","Chaos"],"picked":"Gash","floor":5},{"not_picked":["Sweeping Beam","White Noise"],"picked":"Gash","floor":7},{"not_picked":["Multi-Cast","Rebound"],"picked":"Conserve Battery","floor":10},{"not_picked":["Fusion","Conserve Battery"],"picked":"Go for the Eyes","floor":11},{"not_picked":["Reboot","Thunder Strike"],"picked":"Echo Form","floor":16},{"not_picked":["Rebound","Steam","Cold Snap"],"picked":"Singing Bowl","floor":18},{"not_picked":["Cold Snap+1","Chill+1","Steam"],"picked":"Singing Bowl","floor":19},{"not_picked":["Ball Lightning","Force Field+1"],"picked":"Gash","floor":28}],"player_experience":461005,"relics_obtained":[{"floor":7,"key":"Potion Belt"},{"floor":9,"key":"Orichalcum"},{"floor":22,"key":"Ice Cream"},{"floor":26,"key":"Toxic Egg 2"}],"event_choices":[{"event_name":"Accursed Blacksmith","player_choice":"Forge","floor":2,"damage_taken":0},{"event_name":"Liars Game","player_choice":"agreed","floor":3,"damage_taken":0},{"event_name":"Living Wall","player_choice":"Forget","floor":14,"damage_taken":0},{"event_name":"The Lab","player_choice":"Got Potions","floor":20,"damage_taken":0},{"event_name":"The Library","player_choice":"Read","floor":21,"damage_taken":0},{"event_name":"Vampires","player_choice":"Ignored","floor":24,"damage_taken":0},{"event_name":"Addict","player_choice":"Ignored","floor":30,"damage_taken":0}],"boss_relics":[{"not_picked":["White Beast Statue","Busted Crown"],"picked":"Inserter"}],"items_purged_floors":[13],"is_endless":false,"potions_floor_spawned":[4,7,28],"killed_by":"Automaton","ascension_level":4}