{"gold_per_floor":[14,33,33,108,125,125,138,165,165,176,176,191,202,202,202,302,302,316,306,153,153,164,189,189,215,296,7,18,34,34,50,50,153,153,164,181,47,47,47,47,58,58,58,91,106,118,118,153,153,153],"floor_reached":51,"playtime":4399,"items_purged":["Defend_G","Strike_G"],"score":911,"play_id":"6c0b3eba-3481-4e8c-9d39-9b61a43694e5","local_time":"20181111122601","is_ascension_mode":true,"campfire_choices":[{"floor":6,"key":"REST"},{"floor":11,"key":"REST"},{"floor":15,"key":"REST"},{"floor":24,"key":"REST"},{"data":"1","floor":30,"key":"LIFT"},{"floor":32,"key":"REST"},{"data":"2","floor":40,"key":"LIFT"},{"data":"3","floor":47,"key":"LIFT"}],"neow_cost":"NO_GOLD","seed_source_timestamp":148803811416677,"circlet_count":0,"master_deck":["Defend_G","Defend_G","Defend_G","Strike_G","Strike_G","Strike_G","Survivor","Neutralize","Deflect","Backflip","Footwork","Crippling Poison","Dagger Spray","Leg Sweep","After Image","PiercingWail+1","Crippling Poison+1","Blur","Escape Plan+1","Dagger Spray+1","Infinite Blades","Dash","Dash+1","Cloak And Dagger+1","Noxious Fumes","Backflip+1","Doubt","PiercingWail+1","PiercingWail+1"],"relics":["Ring of the Snake","Nunchaku","Orichalcum","Singing Bowl","StoneCalendar","Fusion Hammer","Blue Candle","Du-Vu Doll","Paper Crane","Girya","Coffee Dripper","Gambling Chip","Juzu Bracelet","Bag of Marbles"],"potions_floor_usage":[7,10,16,22,23,25,33,33,50,50],"damage_taken":[{"damage":0,"enemies":"2 Louse","floor":1,"turns":2},{"damage":3,"enemies":"Jaw Worm","floor":2,"turns":6},{"damage":0,"enemies":"Small Slimes","floor":5,"turns":4},{"damage":9,"enemies":"Exordium Thugs","floor":7,"turns":8},{"damage":47,"enemies":"Lagavulin","floor":8,"turns":15},{"damage":1,"enemies":"Exordium Wildlife","floor":10,"turns":4},{"damage":2,"enemies":"2 Fungi Beasts","floor":12,"turns":3},{"damage":3,"enemies":"Blue Slaver","floor":13,"turns":5},{"damage":16,"enemies":"Slime Boss","floor":16,"turns":12},{"damage":12,"enemies":"Spheric Guardian","floor":18,"turns":7},{"damage":7,"enemies":"2 Thieves","floor":19,"turns":4},{"damage":13,"enemies":"Colosseum Slavers","floor":21,"turns":4},{"damage":0,"enemies":"Centurion and Healer","floor":22,"turns":8},{"damage":20,"enemies":"Slavers","floor":23,"turns":6},{"damage":4,"enemies":"Book of Stabbing","floor":25,"turns":9},{"damage":5,"enemies":"Sentry and Sphere","floor":28,"turns":7},{"damage":3,"enemies":"Snake Plant","floor":29,"turns":7},{"damage":5,"enemies":"Shelled Parasite and Fungi","floor":31,"turns":6},{"damage":12,"enemies":"Collector","floor":33,"turns":11},{"damage":20,"enemies":"3 Shapes","floor":35,"turns":6},{"damage":0,"enemies":"3 Darklings","floor":36,"turns":3},{"damage":3,"enemies":"Sphere and 2 Shapes","floor":41,"turns":5},{"damage":5,"enemies":"Nemesis","floor":44,"turns":7},{"damage":1,"enemies":"Maw","floor":45,"turns":8},{"damage":8,"enemies":"Spire Growth","floor":46,"turns":6},{"damage":6,"enemies":"Giant Head","floor":48,"turns":9},{"damage":38,"enemies":"Donu and Deca","floor":50,"turns":10}],"seed_played":"-1954097281677948576","potions_obtained":[{"floor":2,"key":"SkillPotion"},{"floor":7,"key":"Regen Potion"},{"floor":8,"key":"FearPotion"},{"floor":12,"key":"FearPotion"},{"floor":13,"key":"Block Potion"},{"floor":16,"key":"GhostInAJar"},{"floor":23,"key":"GhostInAJar"},{"floor":28,"key":"SteroidPotion"},{"floor":29,"key":"FearPotion"},{"floor":31,"key":"Strength Potion"},{"floor":36,"key":"LiquidBronze"},{"floor":44,"key":"Ancient Potion"}],"is_trial":false,"path_per_floor":["M","M","?","?","M","R","M","E","T","M","R","M","M","?","R","B",null,"M","M","$","?","M","E","R","E","T","$","M","M","R","M","R","B",null,"M","M","$","?","$","R","M","?","T","E","M","M","R","E","R","B",null],"character_chosen":"THE_SILENT","items_purchased":["Blur","Girya","Noxious Fumes"],"campfire_rested":5,"item_purchase_floors":[20,27,37],"current_hp_per_floor":[63,60,53,42,42,63,54,7,7,20,41,39,38,38,60,44,67,55,48,48,35,35,15,37,33,33,33,30,27,27,24,47,37,69,49,49,49,49,49,49,46,80,80,77,76,68,68,64,64,26],"gold":153,"neow_bonus":"ONE_RARE_RELIC","is_prod":false,"is_daily":false,"chose_seed":false,"campfire_upgraded":0,"win_rate":0,"timestamp":1541967961,"path_taken":["M","M","?","?","M","R","?","E","T","M","R","M","M","?","R","BOSS","M","M","$","?","M","E","R","E","T","$","M","M","R","M","R","BOSS","M","M","$","?","$","R","M","?","T","E","M","M","R","E","R","BOSS"],"build_version":"2018-11-08","purchased_purges":2,"victory":true,"max_hp_per_floor":[70,70,70,70,70,70,70,70,70,72,72,72,74,74,74,74,74,74,74,74,74,74,74,74,74,74,74,76,76,76,78,78,80,80,80,80,80,80,80,80,80,80,80,82,82,82,82,84,84,84],"card_choices":[{"not_picked":["Dagger Throw","Sucker Punch"],"picked":"Deflect","floor":1},{"not_picked":["Acrobatics","Grand Finale"],"picked":"Backflip","floor":2},{"not_picked":["Bane","Heel Hook"],"picked":"Footwork","floor":5},{"not_picked":["Sucker Punch","Acrobatics"],"picked":"Crippling Poison","floor":7},{"not_picked":["Tactician","Quick Slash"],"picked":"Dagger Spray","floor":8},{"not_picked":["Dodge and Roll","Sucker Punch","Acrobatics"],"picked":"Singing Bowl","floor":10},{"not_picked":["PiercingWail","Flying Knee"],"picked":"Leg Sweep","floor":12},{"not_picked":["Bane","Sucker Punch","Poisoned Stab"],"picked":"Singing Bowl","floor":13},{"not_picked":["A Thousand Cuts","Unload"],"picked":"After Image","floor":16},{"not_picked":["Dodge and Roll+1","Outmaneuver"],"picked":"PiercingWail+1","floor":18},{"not_picked":["Dagger Throw+1","Prepared"],"picked":"Crippling Poison+1","floor":19},{"not_picked":["Outmaneuver","All Out Attack"],"picked":"Escape Plan+1","floor":22},{"not_picked":["Leg Sweep+1","Outmaneuver"],"picked":"Dagger Spray+1","floor":23},{"not_picked":["Choke","Prepared"],"picked":"Infinite Blades","floor":25},{"not_picked":["Underhanded Strike+1","Unload","Prepared"],"picked":"Singing Bowl","floor":28},{"not_picked":["Deflect","Slice"],"picked":"Dash","floor":29},{"not_picked":["Backflip","Deflect","Expertise+1"],"picked":"Singing Bowl","floor":31},{"not_picked":["Phantasmal Killer","Night Terror","Bullet Time"],"picked":"Singing Bowl","floor":33},{"not_picked":["All Out Attack+1","Choke+1"],"picked":"Dash+1","floor":35},{"not_picked":["Outmaneuver","Catalyst+1"],"picked":"Cloak And Dagger+1","floor":36},{"not_picked":["Prepared","Choke"],"picked":"Backflip+1","floor":41},{"not_picked":["Blade Dance+1","Reflex+1","Distraction"],"picked":"Singing Bowl","floor":44},{"not_picked":["Deflect","Dagger Spray"],"picked":"PiercingWail+1","floor":45},{"not_picked":["Dagger Throw","Slice+1"],"picked":"PiercingWail+1","floor":46},{"not_picked":["Dagger Throw","Sucker Punch+1","Slice"],"picked":"Singing Bowl","floor":48}],"player_experience":198984,"relics_obtained":[{"floor":8,"key":"Orichalcum"},{"floor":9,"key":"Singing Bowl"},{"floor":23,"key":"Blue Candle"},{"floor":25,"key":"Du-Vu Doll"},{"floor":26,"key":"Paper Crane"},{"floor":43,"key":"Gambling Chip"},{"floor":44,"key":"Juzu Bracelet"},{"floor":48,"key":"Bag of Marbles"}],"event_choices":[{"cards_removed":["Defend_G"],"damage_healed":0,"gold_gain":0,"player_choice":"Card Removal","damage_taken":7,"max_hp_gain":0,"max_hp_loss":0,"event_name":"Golden Wing","floor":3,"gold_loss":0},{"damage_healed":0,"gold_gain":75,"player_choice":"Gather Gold","damage_taken":11,"max_hp_gain":0,"max_hp_loss":0,"event_name":"World of Goop","floor":4,"gold_loss":0},{"damage_healed":0,"gold_gain":0,"player_choice":"Searched \u00271\u0027 times","damage_taken":0,"relics_obtained":["StoneCalendar"],"max_hp_gain":0,"max_hp_loss":0,"event_name":"Dead Adventurer","floor":14,"gold_loss":0},{"damage_healed":0,"gold_gain":0,"player_choice":"Fight","damage_taken":0,"max_hp_gain":0,"max_hp_loss":0,"event_name":"Colosseum","floor":21,"gold_loss":0},{"damage_healed":0,"gold_gain":0,"player_choice":"Fled From Nobs","damage_taken":0,"max_hp_gain":0,"max_hp_loss":0,"event_name":"Colosseum","floor":21,"gold_loss":0},{"cards_removed":["Strike_G"],"damage_healed":0,"gold_gain":0,"player_choice":"Removed Attack","damage_taken":0,"max_hp_gain":0,"max_hp_loss":0,"event_name":"Falling","floor":38,"gold_loss":0},{"damage_healed":34,"gold_gain":0,"player_choice":"Heal","damage_taken":0,"max_hp_gain":0,"max_hp_loss":0,"event_name":"MindBloom","floor":42,"gold_loss":0,"cards_obtained":["Doubt"]}],"is_beta":false,"boss_relics":[{"not_picked":["Lizard Tail","Empty Cage"],"picked":"Fusion Hammer"},{"not_picked":["Calling Bell","Runic Dome"],"picked":"Coffee Dripper"}],"items_purged_floors":[20,37],"is_endless":false,"potions_floor_spawned":[2,7,8,12,13,16,23,28,29,31,36,44,46],"ascension_level":6}