{"gold_per_floor":[115,130,142,67,142,142,170,170,216,216,186,186],"floor_reached":12,"playtime":454,"items_purged":["Bash"],"score":87,"play_id":"5f9aee81-d5d9-41d5-b248-09e18f01b1f0","local_time":"20181125133431","is_ascension_mode":true,"campfire_choices":[{"floor":6,"key":"RECALL"},{"floor":8,"key":"REST"},{"floor":10,"key":"REST"}],"neow_cost":"NONE","seed_source_timestamp":74830540056430,"circlet_count":0,"master_deck":["Strike_R","Strike_R","Strike_R","Strike_R","Strike_R","Defend_R","Defend_R","Defend_R","Defend_R","Shockwave","Disarm","Shrug It Off","Whirlwind"],"relics":["Burning Blood","Bag of Marbles","Boot"],"potions_floor_usage":[7],"damage_taken":[{"damage":0,"enemies":"Cultist","floor":1,"turns":3},{"damage":2,"enemies":"Jaw Worm","floor":2,"turns":7},{"damage":13,"enemies":"Small Slimes","floor":3,"turns":4},{"damage":48,"enemies":"Gremlin Nob","floor":7,"turns":5},{"damage":1,"enemies":"Looter","floor":11,"turns":4},{"damage":73,"enemies":"Lagavulin","floor":12,"turns":8}],"seed_played":"4142607575696256603","potions_obtained":[{"floor":1,"key":"SteroidPotion"},{"floor":7,"key":"Swift Potion"}],"is_trial":false,"path_per_floor":["M","M","M","$","?","R","E","R","T","R","M","E"],"character_chosen":"IRONCLAD","items_purchased":[],"campfire_rested":2,"item_purchase_floors":[],"current_hp_per_floor":[80,80,73,73,62,62,20,44,44,68,73,0],"gold":186,"neow_bonus":"RANDOM_COMMON_RELIC","is_prod":false,"is_daily":false,"chose_seed":false,"campfire_upgraded":0,"win_rate":0,"timestamp":1543174471,"path_taken":["M","?","M","$","?","R","E","R","T","R","M","E"],"build_version":"2018-11-15","purchased_purges":1,"victory":false,"max_hp_per_floor":[80,80,80,80,80,80,80,80,80,80,80,80],"card_choices":[{"not_picked":["Evolve","Iron Wave","Armaments"],"picked":"SKIP","floor":1},{"not_picked":["Iron Wave","Cleave"],"picked":"Shockwave","floor":2},{"not_picked":["True Grit","Second Wind"],"picked":"Disarm","floor":3},{"not_picked":["Thunderclap","Second Wind"],"picked":"Shrug It Off","floor":7},{"not_picked":["Warcry","Headbutt"],"picked":"Whirlwind","floor":11}],"player_experience":479076,"relics_obtained":[{"floor":7,"key":"Boot"}],"event_choices":[{"damage_healed":0,"gold_gain":75,"player_choice":"Gather Gold","damage_taken":11,"max_hp_gain":0,"max_hp_loss":0,"event_name":"World of Goop","floor":5,"gold_loss":0}],"is_beta":false,"boss_relics":[],"items_purged_floors":[4],"is_endless":false,"potions_floor_spawned":[1,7],"killed_by":"Lagavulin","ascension_level":3}