{"gold_per_floor":[113,126,144,163,179,204,49,49,76,90,102,114,133,164,164,261,261,274,291,39,58,58,84,84,116,116,132,132,143,143,154,154,251,251,261,276,293,10,23,23,54,69,96,111,139,150,161,177,177,177],"floor_reached":51,"playtime":4751,"items_purged":[],"score":873,"play_id":"53d9c355-a421-473d-be22-6b946ceec019","local_time":"20180925125117","is_ascension_mode":false,"campfire_choices":[{"data":"Dark Embrace","floor":8,"key":"SMITH"},{"data":"Perfected Strike","floor":15,"key":"SMITH"},{"floor":30,"key":"REST"},{"data":"Perfected Strike","floor":32,"key":"SMITH"},{"floor":40,"key":"REST"},{"floor":49,"key":"REST"}],"neow_cost":"CURSE","seed_source_timestamp":619585485557844,"circlet_count":0,"master_deck":["Strike_R+1","Strike_R","Strike_R","Strike_R","Strike_R","Defend_R+1","Defend_R","Defend_R","Defend_R","Bash","Clumsy","Headbutt","Shockwave+1","Battle Trance","Corruption","Headbutt","Headbutt+1","Body Slam","Perfected Strike+1","Seeing Red","Twin Strike","Dark Embrace+1","Clash","Perfected Strike","Metallicize","Shrug It Off","Wild Strike","Pommel Strike","Double Tap","Demon Form","Reaper","Pommel Strike","Fiend Fire","Flame Barrier","True Grit","Second Wind+1","Perfected Strike+1","Twin Strike","Disarm","Decay","Pommel Strike+1","Shrug It Off","Seeing Red","Flame Barrier+1","Battle Trance+1","Uppercut+1","Impervious","Armaments+1","Shrug It Off+1","Armaments+1","Wild Strike+1","Wild Strike+1","Flex+1","Perfected Strike","Evolve","Pommel Strike+1","Battle Trance","Warcry+1","Twin Strike+1","Flex","Normality","Wild Strike","Corruption","Bloodletting+1","Pommel Strike+1","Perfected Strike+1","Warcry","Pommel Strike"],"relics":["Burning Blood","Prayer Wheel","Whetstone","Boot","War Paint","Cursed Key","Toy Ornithopter","Lantern","Shuriken","Calipers","Mummified Hand","Fusion Hammer","HandDrill","Gambling Chip","Anchor","Oddly Smooth Stone"],"potions_floor_usage":[12,14,16,16,21,23,23,25,25,25,31,39,39,42,44,45,50,50],"damage_taken":[{"damage":3,"enemies":"Cultist","floor":1,"turns":5},{"damage":5,"enemies":"2 Louse","floor":2,"turns":3},{"damage":5,"enemies":"Jaw Worm","floor":3,"turns":4},{"damage":9,"enemies":"3 Louse","floor":4,"turns":3},{"damage":5,"enemies":"2 Fungi Beasts","floor":5,"turns":3},{"damage":27,"enemies":"Gremlin Nob","floor":6,"turns":4},{"damage":6,"enemies":"Exordium Wildlife","floor":10,"turns":2},{"damage":6,"enemies":"Lots of Slimes","floor":11,"turns":4},{"damage":8,"enemies":"Red Slaver","floor":12,"turns":3},{"damage":4,"enemies":"Exordium Wildlife","floor":13,"turns":3},{"damage":4,"enemies":"Lagavulin","floor":14,"turns":5},{"damage":34,"enemies":"Hexaghost","floor":16,"turns":8},{"damage":40,"enemies":"Spheric Guardian","floor":18,"turns":6},{"damage":7,"enemies":"Chosen","floor":19,"turns":2},{"damage":18,"enemies":"Shelled Parasite and Fungi","floor":21,"turns":4},{"damage":36,"enemies":"Slavers","floor":23,"turns":6},{"damage":21,"enemies":"Book of Stabbing","floor":25,"turns":4},{"damage":19,"enemies":"Snecko","floor":27,"turns":4},{"damage":2,"enemies":"Snake Plant","floor":29,"turns":2},{"damage":3,"enemies":"Chosen and Byrds","floor":31,"turns":4},{"damage":38,"enemies":"Champ","floor":33,"turns":9},{"damage":21,"enemies":"3 Darklings","floor":35,"turns":6},{"damage":6,"enemies":"3 Shapes","floor":36,"turns":2},{"damage":33,"enemies":"Spire Growth","floor":37,"turns":5},{"damage":11,"enemies":"Maw","floor":39,"turns":5},{"damage":16,"enemies":"Giant Head","floor":41,"turns":5},{"damage":0,"enemies":"Transient","floor":42,"turns":5},{"damage":10,"enemies":"Reptomancer","floor":44,"turns":2},{"damage":45,"enemies":"Nemesis","floor":45,"turns":5},{"damage":0,"enemies":"Sphere and 2 Shapes","floor":46,"turns":2},{"damage":7,"enemies":"3 Darklings","floor":47,"turns":6},{"damage":2,"enemies":"Maw","floor":48,"turns":6},{"damage":54,"enemies":"Time Eater","floor":50,"turns":8}],"seed_played":"4523663355708000052","potions_obtained":[{"floor":1,"key":"Ancient Potion"},{"floor":4,"key":"Dexterity Potion"},{"floor":10,"key":"Explosive Potion"},{"floor":12,"key":"Energy Potion"},{"floor":16,"key":"Strength Potion"},{"floor":21,"key":"Strength Potion"},{"floor":23,"key":"LiquidBronze"},{"floor":29,"key":"BloodPotion"},{"floor":33,"key":"FearPotion"},{"floor":35,"key":"Swift Potion"},{"floor":37,"key":"Fire Potion"},{"floor":41,"key":"SpeedPotion"},{"floor":44,"key":"Swift Potion"},{"floor":46,"key":"LiquidBronze"},{"floor":47,"key":"EssenceOfSteel"}],"is_trial":false,"path_per_floor":["M","M","M","M","M","E","$","R","T","M","M","M","M","E","R","B",null,"M","M","$","M","?","E","?","E","T","M","?","M","R","M","R","B",null,"M","M","M","$","M","R","E","M","T","M","E","M","M","M","R","B"],"character_chosen":"IRONCLAD","items_purchased":["Dark Embrace","Toy Ornithopter","AttackPotion","HandDrill","Perfected Strike","Evolve"],"campfire_rested":3,"item_purchase_floors":[7,20,20,38,38,38],"current_hp_per_floor":[80,80,80,77,78,57,57,57,57,57,57,55,57,59,59,31,80,46,45,45,53,45,46,22,22,22,13,13,17,41,57,57,25,80,65,65,45,45,68,80,80,80,80,80,46,52,60,69,80,32],"gold":177,"neow_bonus":"ONE_RARE_RELIC","is_prod":false,"is_daily":false,"chose_seed":false,"campfire_upgraded":3,"win_rate":0.0,"timestamp":1537854677,"path_taken":["M","M","M","M","M","E","$","R","T","M","?","M","M","E","R","BOSS","M","M","$","M","?","E","?","E","T","?","?","M","R","M","R","BOSS","M","M","M","$","M","R","E","M","T","M","E","M","M","M","R","BOSS"],"build_version":"2018-09-20","purchased_purges":0,"victory":true,"max_hp_per_floor":[80,80,80,80,80,80,80,80,80,80,80,80,80,80,80,80,80,80,80,80,80,80,80,80,80,80,80,80,80,80,80,80,80,80,80,80,80,80,80,80,80,80,80,80,80,80,80,80,80,80],"card_choices":[{"not_picked":["Sever Soul","Iron Wave"],"picked":"Headbutt","floor":1},{"not_picked":["Ghostly Armor","Warcry"],"picked":"Shockwave","floor":1},{"not_picked":["Brutality","Body Slam"],"picked":"Battle Trance","floor":2},{"not_picked":["Perfected Strike","Wild Strike"],"picked":"Corruption","floor":2},{"not_picked":["Sword Boomerang","True Grit"],"picked":"Headbutt","floor":3},{"not_picked":["Searing Blow","Thunderclap"],"picked":"Headbutt","floor":3},{"not_picked":["Corruption","Fire Breathing"],"picked":"Body Slam","floor":4},{"not_picked":["Warcry","Headbutt"],"picked":"Perfected Strike","floor":4},{"not_picked":["Spot Weakness","Evolve"],"picked":"Seeing Red","floor":5},{"not_picked":["Blood for Blood","Clothesline","Carnage"],"picked":"SKIP","floor":5},{"not_picked":["Anger","Ghostly Armor"],"picked":"Twin Strike","floor":6},{"not_picked":["Iron Wave","Carnage"],"picked":"Clash","floor":10},{"not_picked":["Dark Embrace","Clothesline","Iron Wave"],"picked":"SKIP","floor":10},{"not_picked":["Ghostly Armor","Entrench"],"picked":"Perfected Strike","floor":11},{"not_picked":["Iron Wave","Body Slam"],"picked":"Metallicize","floor":11},{"not_picked":["Clothesline","Intimidate"],"picked":"Shrug It Off","floor":12},{"not_picked":["Pommel Strike","True Grit"],"picked":"Wild Strike","floor":12},{"not_picked":["Rage","Headbutt"],"picked":"Pommel Strike","floor":13},{"not_picked":["Body Slam","Pommel Strike"],"picked":"Double Tap","floor":13},{"not_picked":["Infernal Blade","Clothesline"],"picked":"Demon Form","floor":14},{"not_picked":["Dark Embrace","Demon Form"],"picked":"Reaper","floor":16},{"not_picked":["Cleave","Pummel"],"picked":"Pommel Strike","floor":18},{"not_picked":["Armaments","Shrug It Off"],"picked":"Fiend Fire","floor":18},{"not_picked":["Fire Breathing","Iron Wave+1"],"picked":"Flame Barrier","floor":19},{"not_picked":["Headbutt","Sword Boomerang"],"picked":"True Grit","floor":19},{"not_picked":["Clothesline","Whirlwind"],"picked":"Second Wind+1","floor":21},{"not_picked":["Heavy Blade","Battle Trance"],"picked":"Perfected Strike","floor":21},{"not_picked":["Demon Form","Rampage"],"picked":"Twin Strike","floor":23},{"not_picked":["Headbutt","Thunderclap"],"picked":"Disarm","floor":25},{"not_picked":["Disarm","Bloodletting"],"picked":"Pommel Strike+1","floor":27},{"not_picked":["Flex","Dropkick"],"picked":"Shrug It Off","floor":27},{"not_picked":["Anger","Rupture"],"picked":"Seeing Red","floor":29},{"not_picked":["Anger","Seeing Red"],"picked":"Flame Barrier+1","floor":29},{"not_picked":["Second Wind","Clash"],"picked":"Battle Trance+1","floor":31},{"not_picked":["Corruption","Headbutt"],"picked":"Uppercut+1","floor":31},{"not_picked":["Reaper","Bludgeon"],"picked":"Impervious","floor":33},{"not_picked":["Perfected Strike","Second Wind"],"picked":"Armaments+1","floor":35},{"not_picked":["Flex+1","Reckless Charge+1"],"picked":"Shrug It Off+1","floor":35},{"not_picked":["Evolve","Wild Strike+1"],"picked":"Armaments+1","floor":36},{"not_picked":["Headbutt+1","Metallicize"],"picked":"Wild Strike+1","floor":36},{"not_picked":["Rage+1","Clothesline"],"picked":"Wild Strike+1","floor":37},{"not_picked":["Clothesline+1","Fire Breathing"],"picked":"Flex+1","floor":37},{"not_picked":["Searing Blow+1","Twin Strike+1"],"picked":"Pommel Strike+1","floor":39},{"not_picked":["Body Slam","Berserk"],"picked":"Battle Trance","floor":39},{"not_picked":["Blood for Blood+1","Carnage+1"],"picked":"Warcry+1","floor":41},{"not_picked":["Flex","Rage"],"picked":"Twin Strike+1","floor":42},{"not_picked":["Warcry","Iron Wave+1"],"picked":"Flex","floor":42},{"not_picked":["Intimidate+1","Feel No Pain"],"picked":"Wild Strike","floor":44},{"not_picked":["Demon Form","Cleave+1","Power Through+1"],"picked":"SKIP","floor":44},{"not_picked":["Intimidate","Power Through+1"],"picked":"Corruption","floor":45},{"not_picked":["Whirlwind+1","Anger"],"picked":"Bloodletting+1","floor":46},{"not_picked":["Clash+1","Thunderclap","Sever Soul+1"],"picked":"SKIP","floor":46},{"not_picked":["Ghostly Armor","Rage"],"picked":"Pommel Strike+1","floor":47},{"not_picked":["Heavy Blade+1","Clash+1"],"picked":"Perfected Strike+1","floor":47},{"not_picked":["Carnage+1","Sword Boomerang"],"picked":"Warcry","floor":48},{"not_picked":["Clothesline+1","Armaments"],"picked":"Pommel Strike","floor":48}],"player_experience":135711,"relics_obtained":[{"floor":6,"key":"Whetstone"},{"floor":9,"key":"Boot"},{"floor":14,"key":"War Paint"},{"floor":23,"key":"Lantern"},{"floor":25,"key":"Shuriken"},{"floor":26,"key":"Calipers"},{"floor":41,"key":"Gambling Chip"},{"floor":43,"key":"Anchor"},{"floor":45,"key":"Oddly Smooth Stone"}],"event_choices":[{"event_name":"Wheel of Change","player_choice":"Damage","floor":22,"damage_taken":0},{"event_name":"Knowing Skull","player_choice":"POTION POTION ","floor":24,"damage_taken":0},{"event_name":"The Mausoleum","player_choice":"Yes","floor":28,"damage_taken":0}],"is_beta":false,"boss_relics":[{"not_picked":["Black Star","Empty Cage"],"picked":"Cursed Key"},{"not_picked":["Lizard Tail","Orrery"],"picked":"Fusion Hammer"}],"items_purged_floors":[],"is_endless":false,"potions_floor_spawned":[1,4,10,12,16,21,23,29,33,35,37,41,44,46,47],"ascension_level":0}