{"gold_per_floor":[116,116,133,133,44,44,108,140,140,157,180,180,207,219,219,293,293,313,325,270,160,68,68,80,80,80,80],"floor_reached":27,"playtime":1046,"items_purged":["Writhe"],"score":427,"play_id":"bc6e2b91-86a4-4f41-8a61-d053929c560d","local_time":"20181222173656","is_ascension_mode":true,"campfire_choices":[{"data":"Zap","floor":6.0,"key":"SMITH"},{"data":"Zap","floor":12.0,"key":"SMITH"},{"floor":15,"key":"REST"},{"floor":23,"key":"REST"},{"data":"Electrodynamics","floor":25,"key":"SMITH"}],"neow_cost":"NONE","seed_source_timestamp":31427838086466,"circlet_count":0,"master_deck":["AscendersBane","Strike_B","Strike_B+1","Strike_B","Strike_B+1","Defend_B+1","Defend_B","Defend_B","Defend_B+1","Zap+1","Dualcast+1","Coolheaded","Thunder Strike","Zap+1","Conserve Battery","Self Repair","Cold Snap","Ball Lightning","Electrodynamics+1","Doubt","Leap","Self Repair","Conserve Battery"],"special_seed":0,"relics":["Cracked Core","NeowsBlessing","Pear","Oddly Smooth Stone","Incense Burner","The Courier","Odd Mushroom","Whetstone","Calling Bell","War Paint","Kunai","Ginger","Tiny Chest","Shuriken"],"potions_floor_usage":[27],"damage_taken":[{"damage":0.0,"enemies":"Small Slimes","floor":1.0,"turns":1.0},{"damage":0.0,"enemies":"Cultist","floor":3.0,"turns":1.0},{"damage":0.0,"enemies":"Lagavulin Event","floor":7.0,"turns":1.0},{"damage":13.0,"enemies":"Lagavulin","floor":8.0,"turns":7.0},{"damage":0.0,"enemies":"2 Louse","floor":10.0,"turns":3.0},{"damage":1.0,"enemies":"The Mushroom Lair","floor":11.0,"turns":5.0},{"damage":47.0,"enemies":"Gremlin Nob","floor":13.0,"turns":5.0},{"damage":33,"enemies":"Gremlin Gang","floor":14,"turns":5},{"damage":27,"enemies":"The Guardian","floor":16,"turns":12},{"damage":37,"enemies":"Chosen","floor":18,"turns":6},{"damage":15,"enemies":"3 Byrds","floor":19,"turns":3},{"damage":0,"enemies":"Centurion and Healer","floor":24,"turns":6},{"damage":72,"enemies":"Gremlin Leader","floor":27,"turns":5}],"seed_played":"-5010267822183108472","potions_obtained":[{"floor":3.0,"key":"GamblersBrew"},{"floor":7.0,"key":"Dexterity Potion"},{"floor":10.0,"key":"PowerPotion"},{"floor":18,"key":"Dexterity Potion"}],"is_trial":false,"path_per_floor":["M","?","M","T","$","R","?","E","T","M","?","R","E","M","R","B",null,"M","M","?","?","$","R","M","R","T","E"],"character_chosen":"DEFECT","items_purchased":["Self Repair","Self Repair"],"campfire_rested":2,"item_purchase_floors":[5,22],"current_hp_per_floor":[64,64,64,74,74,74,74,68,68,75,74,74,34,8,32,12,64,34,19,19,19,19,43,57,57,57,0],"gold":80,"neow_bonus":"THREE_ENEMY_KILL","is_prod":false,"is_daily":false,"chose_seed":false,"campfire_upgraded":3,"win_rate":0,"timestamp":1545496616,"path_taken":["M","?","?","?","$","R","?","E","T","M","?","R","E","M","R","BOSS","M","M","?","?","$","R","?","R","T","E"],"build_version":"2018-12-20","purchased_purges":1,"victory":false,"max_hp_per_floor":[71,71,71,81,81,81,81,81,81,81,81,81,81,81,81,81,81,81,81,81,81,81,81,81,81,81,81],"card_choices":[{"not_picked":["Leap","Force Field"],"picked":"Coolheaded","floor":1.0},{"not_picked":["Redo","Double Energy"],"picked":"Conserve Battery","floor":3.0},{"not_picked":["Doom and Gloom","Self Repair","Beam Cell"],"picked":"SKIP","floor":8.0},{"not_picked":["Beam Cell","Streamline","Turbo"],"picked":"SKIP","floor":10.0},{"not_picked":["Chaos","Conserve Battery"],"picked":"Cold Snap","floor":13.0},{"not_picked":["Multi-Cast","Go for the Eyes"],"picked":"Ball Lightning","floor":14},{"not_picked":["Meteor Strike","Buffer"],"picked":"Electrodynamics","floor":16},{"not_picked":["Rip and Tear","Rebound","Stack"],"picked":"SKIP","floor":18},{"not_picked":["Rebound","Force Field"],"picked":"Leap","floor":19},{"not_picked":["Streamline+1","Hello World"],"picked":"Conserve Battery","floor":24}],"player_experience":855945,"relics_obtained":[{"floor":4.0,"key":"Pear"},{"floor":7.0,"key":"Oddly Smooth Stone"},{"floor":8.0,"key":"Incense Burner"},{"floor":9.0,"key":"The Courier"},{"floor":11.0,"key":"Odd Mushroom"},{"floor":13.0,"key":"Whetstone"},{"floor":17,"key":"War Paint"},{"floor":17,"key":"Kunai"},{"floor":17,"key":"Ginger"},{"floor":26,"key":"Shuriken"}],"event_choices":[{"damage_healed":0.0,"max_hp_gain":0.0,"max_hp_loss":0.0,"gold_gain":0.0,"event_name":"Match and Keep!","player_choice":"2 cards matched","floor":2.0,"gold_loss":0.0,"damage_taken":0.0,"cards_obtained":["Thunder Strike","Zap"]},{"damage_healed":0.0,"max_hp_gain":0.0,"max_hp_loss":0.0,"gold_gain":0.0,"event_name":"Dead Adventurer","player_choice":"Searched \u00272\u0027 times","floor":7.0,"gold_loss":0.0,"damage_taken":0.0},{"damage_healed":0.0,"max_hp_gain":0.0,"max_hp_loss":0.0,"gold_gain":0.0,"event_name":"Mushrooms","player_choice":"Fought Mushrooms","floor":11.0,"gold_loss":0.0,"damage_taken":0.0},{"damage_healed":0,"gold_gain":0,"player_choice":"Obtained Relic","damage_taken":0,"relics_obtained":["Tiny Chest"],"max_hp_gain":0,"max_hp_loss":0,"event_name":"Addict","floor":20,"gold_loss":85},{"cards_removed":["Normality"],"damage_healed":0,"gold_gain":0,"player_choice":"Upgrade and Remove","damage_taken":0,"max_hp_gain":0,"max_hp_loss":0,"event_name":"Designer","floor":21,"gold_loss":110,"cards_upgraded":["Defend_B"]}],"is_beta":true,"boss_relics":[{"not_picked":["Lizard Tail","Runic Pyramid"],"picked":"Calling Bell"}],"items_purged_floors":[22],"is_endless":false,"potions_floor_spawned":[3,7,10,18],"killed_by":"Gremlin Leader","ascension_level":19}