{"gold_per_floor":[114,114,130,130,130,170,170,185,210,241,241,22,43,43,43,167,167,186,140,140,156,21,21,57,57,105,54,67,90,40,64,64,193,193,217,217,241,194,215,215,215,215,215,110,443,454,43,75,75,75],"floor_reached":51,"playtime":5068,"items_purged":["Strike_R","Strike_R","Defend_R"],"score":724,"play_id":"60a837da-c95e-4ec5-b383-296235bc4309","local_time":"20180804004210","is_ascension_mode":false,"campfire_choices":[{"data":"Searing Blow","floor":7,"key":"SMITH"},{"data":"Searing Blow+1","floor":11,"key":"SMITH"},{"floor":15,"key":"REST"},{"data":"Searing Blow+2","floor":23,"key":"SMITH"},{"data":"Searing Blow+3","floor":25,"key":"SMITH"},{"data":"Searing Blow+4","floor":32,"key":"SMITH"},{"data":"Searing Blow+5","floor":40,"key":"SMITH"},{"floor":42,"key":"REST"},{"data":"Searing Blow+6","floor":49,"key":"SMITH"}],"neow_cost":"NONE","seed_source_timestamp":658688937100271,"circlet_count":0,"master_deck":["Defend_R","Defend_R","Defend_R","Bash","Metallicize","Searing Blow+7","Headbutt","Flex","Armaments","Armaments","Metallicize","Warcry","Necronomicurse","Shrug It Off+1","Metallicize","Flex","Shrug It Off","Battle Trance+1","Armaments","Armaments+1","Flex","Offering","Headbutt+1"],"relics":["Black Blood","Dream Catcher","Orichalcum","Ancient Tea Set","Blood Vial","Runic Cube","Necronomicon","Bottled Flame","Anchor","Happy Flower","Vajra","Bag of Preparation","Boot"],"potions_floor_usage":[6,10,24,33,33,37,39],"damage_taken":[{"damage":2,"enemies":"2 Louse","floor":1,"turns":3},{"damage":2,"enemies":"Small Slimes","floor":3,"turns":5},{"damage":24,"enemies":"Gremlin Nob","floor":6,"turns":5},{"damage":11,"enemies":"Jaw Worm","floor":8,"turns":2},{"damage":15,"enemies":"3 Sentries","floor":10,"turns":10},{"damage":4,"enemies":"Lots of Slimes","floor":13,"turns":5},{"damage":62,"enemies":"Hexaghost","floor":16,"turns":12},{"damage":4,"enemies":"Shell Parasite","floor":18,"turns":6},{"damage":6,"enemies":"3 Byrds","floor":21,"turns":5},{"damage":1,"enemies":"Slavers","floor":24,"turns":5},{"damage":0,"enemies":"Snake Plant","floor":28,"turns":1},{"damage":0,"enemies":"Cultist and Chosen","floor":31,"turns":4},{"damage":22,"enemies":"Collector","floor":33,"turns":6},{"damage":4,"enemies":"3 Shapes","floor":35,"turns":5},{"damage":40,"enemies":"3 Darklings","floor":37,"turns":13},{"damage":15,"enemies":"4 Shapes","floor":39,"turns":5},{"damage":0,"enemies":"Flame Bruiser 2 Orb","floor":46,"turns":2},{"damage":23,"enemies":"Giant Head","floor":48,"turns":7},{"damage":48,"enemies":"Donu and Deca","floor":50,"turns":5}],"seed_played":"-578430425918883293","potions_obtained":[{"floor":1,"key":"AttackPotion"},{"floor":8,"key":"Poison Potion"},{"floor":10,"key":"Explosive Potion"},{"floor":16,"key":"SpeedPotion"},{"floor":24,"key":"LiquidBronze"},{"floor":28,"key":"AttackPotion"},{"floor":33,"key":"AttackPotion"},{"floor":46,"key":"BloodPotion"}],"is_trial":false,"path_per_floor":["M","?","M","?","?","E","R","M","T","E","R","$","M","?","R","B",null,"M","$","?","M","$","R","E","R","T","$","M","T","?","M","R","B",null,"M","?","M","$","M","R","?","R","T","$","?","M","$","E","R","B"],"character_chosen":"IRONCLAD","items_purchased":["Blood Vial","Warcry","Metallicize","Flex","Armaments","Energy Potion","Flex","Bag of Preparation","Offering"],"campfire_rested":2,"item_purchase_floors":[12,19,22,27,38,44,44,47,47],"current_hp_per_floor":[80,73,77,74,74,56,56,51,51,42,42,42,46,46,68,14,74,74,74,58,60,60,60,67,67,67,67,74,74,74,74,74,58,74,74,74,44,44,41,41,41,63,63,63,63,74,74,61,61,25],"gold":75,"neow_bonus":"TRANSFORM_CARD","is_prod":false,"is_daily":false,"chose_seed":false,"campfire_upgraded":7,"win_rate":0,"timestamp":1533368530,"path_taken":["M","?","M","?","?","E","R","?","T","E","R","$","M","?","R","BOSS","M","$","?","?","$","R","E","R","T","?","?","?","?","M","R","BOSS","M","?","M","$","M","R","?","R","T","$","?","M","$","E","R","BOSS"],"build_version":"2018-08-02","purchased_purges":3,"victory":true,"max_hp_per_floor":[80,80,80,74,74,74,74,74,74,74,74,74,74,74,74,74,74,74,74,74,74,74,74,74,74,74,74,74,74,74,74,74,74,74,74,74,74,74,74,74,74,74,74,74,74,74,74,74,74,74],"card_choices":[{"not_picked":["Second Wind","Clash"],"picked":"Searing Blow","floor":1},{"not_picked":["Sever Soul","Perfected Strike","Shockwave"],"picked":"SKIP","floor":3},{"not_picked":["Clothesline","Whirlwind"],"picked":"Headbutt","floor":6},{"not_picked":["Feel No Pain","Wild Strike"],"picked":"Flex","floor":8},{"not_picked":["Spot Weakness","Shrug It Off"],"picked":"Armaments","floor":10},{"not_picked":["Demon Form","True Grit"],"picked":"Armaments","floor":13},{"not_picked":["Inflame","Cleave"],"picked":"Metallicize","floor":15},{"not_picked":["Second Wind","Blood for Blood","True Grit"],"picked":"SKIP","floor":18},{"not_picked":["Clothesline+1","Reckless Charge"],"picked":"Shrug It Off+1","floor":21},{"not_picked":["Reckless Charge","Dropkick","Disarm"],"picked":"SKIP","floor":24},{"not_picked":["Anger","Clash","Corruption"],"picked":"SKIP","floor":28},{"not_picked":["Body Slam+1","Sword Boomerang"],"picked":"Shrug It Off","floor":31},{"not_picked":["True Grit+1","Shrug It Off","Shockwave+1"],"picked":"SKIP","floor":35},{"not_picked":["Infernal Blade+1","Reckless Charge+1"],"picked":"Battle Trance+1","floor":37},{"not_picked":["True Grit","Ghostly Armor","Searing Blow+1"],"picked":"SKIP","floor":39},{"not_picked":["Headbutt+1","Pommel Strike+1"],"picked":"Armaments+1","floor":42},{"not_picked":["Heavy Blade","Dark Embrace","Flex+1"],"picked":"SKIP","floor":46},{"not_picked":["Pommel Strike","Sword Boomerang+1"],"picked":"Headbutt+1","floor":48}],"player_experience":34321,"relics_obtained":[{"floor":6,"key":"Dream Catcher"},{"floor":9,"key":"Orichalcum"},{"floor":10,"key":"Ancient Tea Set"},{"floor":20,"key":"Necronomicon"},{"floor":24,"key":"Bottled Flame"},{"floor":26,"key":"Anchor"},{"floor":29,"key":"Happy Flower"},{"floor":43,"key":"Vajra"},{"floor":48,"key":"Boot"}],"event_choices":[{"event_name":"Golden Wing","player_choice":"Card Removal","floor":2,"damage_taken":0},{"event_name":"Golden Idol","player_choice":"Lose Max HP","floor":4,"damage_taken":0},{"event_name":"Purifier","player_choice":"One Purge","floor":5,"damage_taken":0},{"event_name":"Scrap Ooze","player_choice":"unsuccessful","floor":14,"damage_taken":0},{"event_name":"Cursed Tome","player_choice":"Obtained Book","floor":20,"damage_taken":0},{"event_name":"The Joust","player_choice":"Bet on Owner","floor":30,"damage_taken":0},{"event_name":"Tomb of Lord Red Mask","player_choice":"Ignored","floor":36,"damage_taken":0},{"event_name":"Mysterious Sphere","player_choice":"Ignore","floor":41,"damage_taken":0},{"event_name":"The Moai Head","player_choice":"Gave Idol","floor":45,"damage_taken":0}],"is_beta":false,"boss_relics":[{"not_picked":["Coffee Dripper","Snecko Eye"],"picked":"Runic Cube"},{"not_picked":["Empty Cage","Astrolabe"],"picked":"Black Blood"}],"items_purged_floors":[12,22,47],"is_endless":false,"potions_floor_spawned":[1,8,10,16,24,28,33,46],"ascension_level":0}