{"gold_per_floor":[110,110,110,110,130,164,164,164,236,260,278,278],"floor_reached":12,"playtime":189,"items_purged":[],"score":201,"play_id":"8dc6362b-3b17-4fb0-92cd-6a82cbcd15c2","local_time":"20181216171317","is_ascension_mode":true,"campfire_choices":[{"data":"White Noise","floor":7,"key":"SMITH"}],"neow_cost":"NONE","seed_source_timestamp":34579732060472,"circlet_count":0,"master_deck":["AscendersBane","Strike_B","Strike_B","Strike_B+1","Strike_B","Defend_B","Defend_B","Defend_B","Defend_B+1","Zap","Dualcast","White Noise+1","Darkness","Ball Lightning","Leap"],"relics":["Cracked Core","NeowsBlessing","Golden Idol","Mummified Hand","Pear"],"potions_floor_usage":[12],"damage_taken":[{"damage":0,"enemies":"Jaw Worm","floor":1,"turns":1},{"damage":0,"enemies":"2 Louse","floor":5,"turns":1},{"damage":0,"enemies":"3 Sentries","floor":6,"turns":1},{"damage":2,"enemies":"Cultist","floor":10,"turns":4},{"damage":10,"enemies":"Red Slaver","floor":11,"turns":3},{"damage":42,"enemies":"Gremlin Nob","floor":12,"turns":4}],"seed_played":"6511496935320304850","potions_obtained":[{"floor":5,"key":"SkillPotion"},{"floor":6,"key":"Dexterity Potion"}],"is_trial":false,"path_per_floor":["M","?","?","$","M","E","R","?","T","M","M","E"],"character_chosen":"DEFECT","items_purchased":[],"campfire_rested":0,"item_purchase_floors":[],"current_hp_per_floor":[64,64,45,45,45,45,45,50,60,58,48,6],"gold":278,"neow_bonus":"THREE_ENEMY_KILL","is_prod":false,"is_daily":false,"chose_seed":false,"campfire_upgraded":1,"win_rate":0,"timestamp":1544976797,"path_taken":["M","?","?","$","M","E","R","?","T","?","M","E"],"build_version":"2018-12-13","purchased_purges":0,"victory":false,"max_hp_per_floor":[71,64,64,64,64,64,64,69,79,79,79,79],"card_choices":[{"not_picked":["Compile Driver","Hologram"],"picked":"White Noise","floor":1},{"not_picked":["Beam Cell","Turbo"],"picked":"Darkness","floor":5},{"not_picked":["Steam","Aggregate","Beam Cell"],"picked":"SKIP","floor":6},{"not_picked":["Sunder","Turbo"],"picked":"Ball Lightning","floor":10},{"not_picked":["Compile Driver","Streamline"],"picked":"Leap","floor":11}],"player_experience":843292,"relics_obtained":[{"floor":6,"key":"Mummified Hand"},{"floor":9,"key":"Pear"}],"event_choices":[{"damage_healed":0,"gold_gain":0,"player_choice":"Lose Max HP","damage_taken":0,"relics_obtained":["Golden Idol"],"max_hp_gain":0,"max_hp_loss":7,"event_name":"Golden Idol","floor":2,"gold_loss":0},{"damage_healed":0,"gold_gain":0,"player_choice":"Entered Light","damage_taken":19,"max_hp_gain":0,"max_hp_loss":0,"event_name":"Shining Light","floor":3,"gold_loss":0,"cards_upgraded":["Defend_B","Strike_B"]},{"damage_healed":0,"gold_gain":0,"player_choice":"Donut","damage_taken":0,"max_hp_gain":5,"max_hp_loss":0,"event_name":"Big Fish","floor":8,"gold_loss":0}],"is_beta":true,"boss_relics":[],"items_purged_floors":[],"is_endless":false,"potions_floor_spawned":[5,6],"killed_by":"Gremlin Nob","ascension_level":19}