{"gold_per_floor":[114,128,128,15,33,65,65,84,84,113,174,174,220,220,220,220],"floor_reached":16,"playtime":551,"items_purged":["Strike_G"],"score":214,"play_id":"fc43b180-2d40-40f6-b5c3-06d1de7dbd42","local_time":"20190131155646","is_ascension_mode":true,"campfire_choices":[{"data":"Footwork","floor":7,"key":"SMITH"},{"floor":12,"key":"REST"},{"data":"Leg Sweep","floor":15,"key":"SMITH"}],"neow_cost":"NONE","seed_source_timestamp":594779018250900,"circlet_count":0,"master_deck":["AscendersBane","Defend_G","Defend_G","Defend_G","Defend_G","Defend_G","Strike_G","Strike_G","Strike_G","Survivor","Neutralize","Deadly Poison","Poisoned Stab","Leg Sweep+1","Predator","Footwork+1","Cloak And Dagger"],"relics":["Ring of the Snake","Letter Opener","Pear","Paper Crane","Juzu Bracelet"],"potions_floor_usage":[10,16],"damage_taken":[{"damage":0,"enemies":"2 Louse","floor":1,"turns":3},{"damage":0,"enemies":"Small Slimes","floor":2,"turns":4},{"damage":1,"enemies":"Jaw Worm","floor":5,"turns":5},{"damage":26,"enemies":"Lagavulin","floor":6,"turns":8},{"damage":11,"enemies":"Looter","floor":8,"turns":3},{"damage":18,"enemies":"3 Sentries","floor":10,"turns":12},{"damage":54,"enemies":"Slime Boss","floor":16,"turns":18}],"seed_played":"-5051832888314855908","potions_obtained":[{"floor":1,"key":"SkillPotion"},{"floor":6,"key":"Explosive Potion"}],"is_trial":false,"path_per_floor":["M","M","?","$","M","E","R","M","T","E","?","R","T","?","R","B"],"character_chosen":"THE_SILENT","items_purchased":["Leg Sweep"],"campfire_rested":1,"item_purchase_floors":[4],"current_hp_per_floor":[65,65,70,70,69,43,43,32,42,24,24,50,50,50,50,0],"gold":220,"neow_bonus":"TEN_PERCENT_HP_BONUS","is_prod":false,"is_daily":false,"chose_seed":false,"campfire_upgraded":2,"win_rate":0,"timestamp":1548921406,"path_taken":["M","M","?","$","M","E","R","M","T","E","?","R","?","?","R","BOSS"],"build_version":"2019-01-23","purchased_purges":1,"victory":false,"max_hp_per_floor":[72,72,77,77,77,77,77,77,87,87,87,87,87,87,87,87],"card_choices":[{"not_picked":["Dagger Throw","Sucker Punch"],"picked":"Deadly Poison","floor":1},{"not_picked":["Heel Hook","Underhanded Strike"],"picked":"Poisoned Stab","floor":2},{"not_picked":["Quick Slash","Accuracy"],"picked":"Predator","floor":5},{"not_picked":["Flying Knee","Sucker Punch"],"picked":"Footwork","floor":6},{"not_picked":["Choke","Dagger Throw"],"picked":"Cloak And Dagger","floor":8},{"not_picked":["Blade Dance","Slice","Flechettes"],"picked":"SKIP","floor":10}],"player_experience":677985,"relics_obtained":[{"floor":6,"key":"Letter Opener"},{"floor":9,"key":"Pear"},{"floor":10,"key":"Paper Crane"},{"floor":13,"key":"Juzu Bracelet"}],"event_choices":[{"damage_healed":0,"gold_gain":0,"player_choice":"Donut","damage_taken":0,"max_hp_gain":5,"max_hp_loss":0,"event_name":"Big Fish","floor":3,"gold_loss":0},{"damage_healed":0,"gold_gain":61,"player_choice":"Gained Gold","damage_taken":0,"max_hp_gain":0,"max_hp_loss":0,"event_name":"Golden Wing","floor":11,"gold_loss":0},{"cards_removed":["Strike_G"],"damage_healed":0,"gold_gain":0,"player_choice":"Forget","damage_taken":0,"max_hp_gain":0,"max_hp_loss":0,"event_name":"Living Wall","floor":14,"gold_loss":0}],"is_beta":false,"boss_relics":[],"items_purged_floors":[4],"is_endless":false,"potions_floor_spawned":[1,6,8],"killed_by":"Slime Boss","ascension_level":15}