{"gold_per_floor":[113,38,38,57,57,71,71,91,91,102,2,21,21,32,32,131,131,144,19,37,37,56,56,56],"floor_reached":24,"playtime":1454,"items_purged":["Dualcast","Strike_B","Strike_B"],"score":190,"play_id":"10be1aad-b688-4ca9-9344-84171a8c620a","local_time":"20181112201109","is_ascension_mode":false,"campfire_choices":[{"data":"Capacitor","floor":7,"key":"SMITH"},{"floor":13,"key":"REST"},{"floor":15,"key":"REST"},{"floor":23,"key":"REST"}],"neow_cost":"NONE","seed_source_timestamp":2925167842446740,"circlet_count":0,"master_deck":["Strike_B","Strike_B","Defend_B","Defend_B","Defend_B","Defend_B","Zap","Sweeping Beam","Defragment","Capacitor+1","Cold Snap"],"relics":["Cracked Core","Letter Opener","Nuclear Battery"],"potions_floor_usage":[12,16,16,22,22,22,22],"damage_taken":[{"damage":8,"enemies":"2 Louse","floor":1,"turns":4},{"damage":1,"enemies":"Jaw Worm","floor":4,"turns":4},{"damage":1,"enemies":"Cultist","floor":6,"turns":4},{"damage":23,"enemies":"Lots of Slimes","floor":8,"turns":3},{"damage":8,"enemies":"Red Slaver","floor":10,"turns":4},{"damage":23,"enemies":"Gremlin Gang","floor":12,"turns":3},{"damage":11,"enemies":"Large Slime","floor":14,"turns":5},{"damage":42,"enemies":"The Guardian","floor":16,"turns":12},{"damage":11,"enemies":"Chosen","floor":18,"turns":6},{"damage":38,"enemies":"2 Thieves","floor":20,"turns":4},{"damage":20,"enemies":"Centurion and Healer","floor":22,"turns":14},{"damage":36,"enemies":"Gremlin Leader","floor":24,"turns":2}],"seed_played":"-4316228406083918525","potions_obtained":[{"floor":5,"key":"Weak Potion"},{"floor":5,"key":"Fire Potion"},{"floor":5,"key":"SneckoOil"},{"floor":10,"key":"Block Potion"},{"floor":18,"key":"EntropicBrew"}],"is_trial":false,"path_per_floor":["M","$","?","M","?","M","R","M","T","M","$","M","R","M","R","B",null,"M","$","M","$","M","R","E"],"character_chosen":"DEFECT","items_purchased":[],"campfire_rested":3,"item_purchase_floors":[],"current_hp_per_floor":[67,67,67,66,66,65,65,42,42,34,34,11,33,22,44,2,75,64,64,26,26,6,28,0],"gold":56,"neow_bonus":"THREE_CARDS","is_prod":false,"is_daily":false,"chose_seed":false,"campfire_upgraded":1,"win_rate":0.0,"timestamp":1542075069,"path_taken":["M","$","?","M","?","M","R","M","T","M","$","M","R","?","R","BOSS","M","?","M","$","M","R","E"],"build_version":"2018-11-08","purchased_purges":3,"victory":false,"max_hp_per_floor":[75,75,75,75,75,75,75,75,75,75,75,75,75,75,75,75,75,75,75,75,75,75,75,75],"card_choices":[{"not_picked":["Storm","Rebound"],"picked":"Sweeping Beam","floor":0},{"not_picked":["Compile Driver","Coolheaded","Stack"],"picked":"SKIP","floor":1},{"not_picked":["Leap","Darkness"],"picked":"Defragment","floor":4},{"not_picked":["Conserve Battery","Go for the Eyes"],"picked":"Capacitor","floor":6},{"not_picked":["Storm","Creative AI","Ball Lightning"],"picked":"SKIP","floor":8},{"not_picked":["Rebound","Sweeping Beam","Double Energy"],"picked":"SKIP","floor":10},{"not_picked":["Rebound","Sweeping Beam","Double Energy"],"picked":"SKIP","floor":10},{"not_picked":["Self Repair","Aggregate","Force Field"],"picked":"SKIP","floor":12},{"not_picked":["Self Repair","Aggregate","Force Field"],"picked":"SKIP","floor":12},{"not_picked":["Coolheaded","Beam Cell","White Noise"],"picked":"SKIP","floor":14},{"not_picked":["Reprogram","Steam Power+1","Hello World"],"picked":"SKIP","floor":18},{"not_picked":["Auto Shields","Rebound+1","Leap"],"picked":"SKIP","floor":20},{"not_picked":["Leap","Sweeping Beam"],"picked":"Cold Snap","floor":22}],"player_experience":162101,"relics_obtained":[{"floor":9,"key":"Letter Opener"}],"event_choices":[{"damage_healed":0,"gold_gain":0,"player_choice":"Ignored","damage_taken":0,"max_hp_gain":0,"max_hp_loss":0,"event_name":"Liars Game","floor":3,"gold_loss":0},{"damage_healed":0,"gold_gain":0,"player_choice":"Got Potions","damage_taken":0,"max_hp_gain":0,"max_hp_loss":0,"event_name":"Lab","floor":5,"gold_loss":0}],"is_beta":false,"boss_relics":[{"not_picked":["Velvet Choker","Philosopher\u0027s Stone"],"picked":"Nuclear Battery"}],"items_purged_floors":[2,11,19],"is_endless":false,"potions_floor_spawned":[6,10,18],"killed_by":"Gremlin Leader","ascension_level":0}