{"gold_per_floor":[112,112,132,132,152,152,183,195,242,268,268,278,37,112,112,214,214,229,248,248,127,127,127,159,170,196,196,216,216],"floor_reached":29,"playtime":1896,"items_purged":["Strike_R"],"score":329,"play_id":"9598c9a1-1e0c-46da-b298-a51d6a171164","local_time":"20190126131346","is_ascension_mode":true,"campfire_choices":[{"data":"Bash","floor":6,"key":"SMITH"},{"data":"Clothesline","floor":11,"key":"SMITH"},{"data":"Evolve","floor":15,"key":"SMITH"},{"floor":23,"key":"REST"},{"data":"Uppercut","floor":27,"key":"SMITH"}],"neow_cost":"NONE","seed_source_timestamp":217316814747581,"circlet_count":0,"master_deck":["Strike_R","Strike_R","Strike_R","Defend_R","Defend_R","Defend_R","Defend_R","Bash+1","Pommel Strike","Iron Wave","Headbutt","Clothesline+1","Shrug It Off+1","Evolve+1","True Grit+1","True Grit+1","Battle Trance+1","Reaper","Whirlwind","Shrug It Off+1","True Grit+1","Spot Weakness+1","Shrug It Off+1","J.A.X.+1","Uppercut+1","Heavy Blade+1","Headbutt"],"relics":["Burning Blood","Toxic Egg 2","Pen Nib","Dream Catcher","Orrery","Sundial","Orichalcum"],"potions_floor_usage":[7,10,24,28],"damage_taken":[{"damage":12,"enemies":"Small Slimes","floor":1,"turns":4},{"damage":1,"enemies":"2 Louse","floor":3,"turns":3},{"damage":1,"enemies":"Cultist","floor":5,"turns":4},{"damage":11,"enemies":"Gremlin Nob","floor":7,"turns":3},{"damage":4,"enemies":"Red Slaver","floor":8,"turns":5},{"damage":30,"enemies":"3 Sentries","floor":10,"turns":9},{"damage":1,"enemies":"Looter","floor":12,"turns":3},{"damage":33,"enemies":"Slime Boss","floor":16,"turns":11},{"damage":26,"enemies":"Chosen","floor":18,"turns":7},{"damage":31,"enemies":"Spheric Guardian","floor":19,"turns":6},{"damage":38,"enemies":"Gremlin Leader","floor":24,"turns":7},{"damage":20,"enemies":"Snecko","floor":25,"turns":5},{"damage":20,"enemies":"Snake Plant","floor":28,"turns":4},{"damage":54,"enemies":"Slavers","floor":29,"turns":3}],"seed_played":"1287216427587701663","potions_obtained":[{"floor":1,"key":"SteroidPotion"},{"floor":8,"key":"FearPotion"},{"floor":12,"key":"Explosive Potion"},{"floor":28,"key":"SteroidPotion"}],"is_trial":false,"path_per_floor":["M","?","M","?","M","R","E","M","T","E","R","M","$","?","R","B",null,"M","M","?","$","?","R","E","M","T","R","M","E"],"character_chosen":"IRONCLAD","items_purchased":["True Grit+1","Battle Trance+1","Fire Potion","Uppercut","Dexterity Potion"],"campfire_rested":1,"item_purchase_floors":[13,13,13,21,21],"current_hp_per_floor":[74,74,79,79,84,84,79,81,81,57,57,62,62,51,51,24,72,58,33,33,33,33,59,27,37,37,37,30,0],"gold":216,"neow_bonus":"TEN_PERCENT_HP_BONUS","is_prod":false,"is_daily":false,"chose_seed":false,"campfire_upgraded":4,"win_rate":0,"timestamp":1548537226,"path_taken":["M","?","M","?","M","R","E","?","T","E","R","M","?","?","R","BOSS","M","M","?","$","?","R","E","M","T","R","M","E"],"build_version":"2019-01-23","purchased_purges":1,"victory":false,"max_hp_per_floor":[88,88,88,88,88,88,88,88,88,88,88,88,88,88,88,88,88,88,88,88,88,88,88,88,88,88,88,88,88],"card_choices":[{"not_picked":["Heavy Blade","Headbutt"],"picked":"Pommel Strike","floor":1},{"not_picked":["True Grit","Hemokinesis"],"picked":"Iron Wave","floor":3},{"not_picked":["Rage","Seeing Red"],"picked":"Headbutt","floor":5},{"not_picked":["Intimidate","Brutality"],"picked":"Clothesline","floor":7},{"not_picked":["Disarm+1","Twin Strike"],"picked":"Shrug It Off+1","floor":8},{"not_picked":["Battle Trance+1","Headbutt"],"picked":"Evolve","floor":10},{"not_picked":["Anger","Combust"],"picked":"True Grit+1","floor":12},{"not_picked":["Berserk","Brutality"],"picked":"Reaper","floor":16},{"not_picked":["Armaments+1","Pommel Strike"],"picked":"Whirlwind","floor":17},{"not_picked":["Dual Wield+1","Sever Soul"],"picked":"Shrug It Off+1","floor":17},{"not_picked":["Clothesline","Hemokinesis"],"picked":"True Grit+1","floor":17},{"not_picked":["Flame Barrier+1","Ghostly Armor+1"],"picked":"Spot Weakness+1","floor":18},{"not_picked":["Havoc+1","Body Slam"],"picked":"Shrug It Off+1","floor":19},{"not_picked":["Battle Trance+1","Offering+1"],"picked":"Heavy Blade+1","floor":23},{"not_picked":["Thunderclap","Perfected Strike"],"picked":"Headbutt","floor":24},{"not_picked":["Battle Trance+1","Havoc+1","Spot Weakness+1"],"picked":"SKIP","floor":25},{"not_picked":["Wild Strike","Clash","Dark Embrace"],"picked":"SKIP","floor":28}],"player_experience":379389,"relics_obtained":[{"floor":7,"key":"Toxic Egg 2"},{"floor":9,"key":"Pen Nib"},{"floor":10,"key":"Dream Catcher"},{"floor":24,"key":"Sundial"},{"floor":26,"key":"Orichalcum"}],"event_choices":[{"damage_healed":0,"gold_gain":0,"player_choice":"Ignored","damage_taken":0,"max_hp_gain":0,"max_hp_loss":0,"event_name":"Liars Game","floor":2,"gold_loss":0},{"cards_removed":["Strike_R"],"damage_healed":0,"gold_gain":0,"player_choice":"Offered Basic","damage_taken":0,"max_hp_gain":0,"max_hp_loss":0,"event_name":"Bonfire Elementals","floor":4,"gold_loss":0},{"damage_healed":0,"gold_gain":75,"player_choice":"Gather Gold","damage_taken":11,"max_hp_gain":0,"max_hp_loss":0,"event_name":"World of Goop","floor":14,"gold_loss":0},{"damage_healed":0,"gold_gain":0,"player_choice":"Obtain J.A.X.","damage_taken":0,"max_hp_gain":0,"max_hp_loss":0,"event_name":"Drug Dealer","floor":20,"gold_loss":0,"cards_obtained":["J.A.X."]},{"damage_healed":0,"gold_gain":0,"player_choice":"Bought 0 Potions","damage_taken":0,"max_hp_gain":0,"max_hp_loss":0,"event_name":"The Woman in Blue","floor":22,"gold_loss":0}],"is_beta":false,"boss_relics":[{"not_picked":["Black Blood","White Beast Statue"],"picked":"Orrery"}],"items_purged_floors":[13],"is_endless":false,"potions_floor_spawned":[1,8,12,28],"killed_by":"Slavers","ascension_level":6}