{"gold_per_floor":[119,119,130,25,25,25,60,60,130,150,191,217,4,19,19,113,113,131,131,144,165,180,221,221,254,254,254,288,307,307,323,323,395,395,414,17,34,34,34,34,64,2,2,2,2,30,47,47],"floor_reached":48,"playtime":2192,"items_purged":["Strike_B"],"score":1191,"play_id":"952deed1-8433-4065-97a6-8a84ea850331","local_time":"20190112221852","is_ascension_mode":true,"campfire_choices":[{"data":"Zap","floor":6.0,"key":"SMITH"},{"data":"Dualcast","floor":8.0,"key":"SMITH"},{"data":"Genetic Algorithm","floor":15.0,"key":"SMITH"},{"floor":24,"key":"REST"},{"floor":30,"key":"REST"},{"floor":32,"key":"REST"},{"floor":40,"key":"RECALL"},{"floor":44,"key":"REST"}],"neow_cost":"NONE","seed_source_timestamp":41209793051736,"circlet_count":0,"master_deck":["AscendersBane","Strike_B","Strike_B","Defend_B","Defend_B","Defend_B","Defend_B","Zap+1","Dualcast+1","Ball Lightning","Ball Lightning","Coolheaded","Cold Snap","Genetic Algorithm+1","Glacier","Conserve Battery","Echo Form","Barrage+1","Sweeping Beam+1","BootSequence","Reboot","Gash+1","Undo+1","Meteor Strike","Gash","Writhe","Capacitor","Clumsy","Conserve Battery","Capacitor","Blizzard"],"special_seed":0,"relics":["Cracked Core","NeowsBlessing","Bloody Idol","Bronze Scales","Blue Candle","Cables","Odd Mushroom","Sling","Fusion Hammer","Symbiotic Virus","Darkstone Periapt","Question Card","Nunchaku","Ancient Tea Set","Cursed Key","Orichalcum","Anchor","The Courier","Mango","Prayer Wheel"],"potions_floor_usage":[22,23,23,38,41,46,46,48],"damage_taken":[{"damage":0.0,"enemies":"Jaw Worm","floor":1.0,"turns":1.0},{"damage":0.0,"enemies":"Cultist","floor":3.0,"turns":1.0},{"damage":0.0,"enemies":"Gremlin Nob","floor":7.0,"turns":1.0},{"damage":0.0,"enemies":"Small Slimes","floor":10.0,"turns":2.0},{"damage":5.0,"enemies":"3 Sentries","floor":11.0,"turns":6.0},{"damage":5.0,"enemies":"The Mushroom Lair","floor":12.0,"turns":3.0},{"damage":0.0,"enemies":"Looter","floor":14.0,"turns":3.0},{"damage":23.0,"enemies":"Hexaghost","floor":16.0,"turns":10.0},{"damage":22.0,"enemies":"2 Thieves","floor":18.0,"turns":4.0},{"damage":0.0,"enemies":"Chosen","floor":20.0,"turns":3.0},{"damage":9.0,"enemies":"Sentry and Sphere","floor":21.0,"turns":5.0},{"damage":0,"enemies":"Cultist and Chosen","floor":22,"turns":6},{"damage":5,"enemies":"Slavers","floor":23,"turns":3},{"damage":4,"enemies":"Book of Stabbing","floor":25,"turns":4},{"damage":1,"enemies":"Gremlin Leader","floor":28,"turns":5},{"damage":18,"enemies":"Snake Plant","floor":29,"turns":3},{"damage":4,"enemies":"Snecko","floor":31,"turns":4},{"damage":63,"enemies":"Collector","floor":33,"turns":13},{"damage":3,"enemies":"3 Shapes","floor":35,"turns":4},{"damage":0,"enemies":"3 Darklings","floor":37,"turns":4},{"damage":0,"enemies":"Spire Growth","floor":38,"turns":1},{"damage":17,"enemies":"Reptomancer","floor":41,"turns":8},{"damage":38,"enemies":"Giant Head","floor":46,"turns":8},{"damage":51,"enemies":"Jaw Worm Horde","floor":47,"turns":6},{"damage":4,"enemies":"Sphere and 2 Shapes","floor":48,"turns":3}],"seed_played":"3636151515762503010","potions_obtained":[{"floor":1.0,"key":"Fire Potion"},{"floor":3.0,"key":"Weak Potion"},{"floor":16.0,"key":"Regen Potion"},{"floor":18.0,"key":"FocusPotion"},{"floor":21.0,"key":"SkillPotion"},{"floor":22,"key":"Fire Potion"},{"floor":28,"key":"Energy Potion"},{"floor":33,"key":"Fire Potion"},{"floor":37,"key":"SmokeBomb"},{"floor":45,"key":"FocusPotion"},{"floor":45,"key":"Weak Potion"},{"floor":46,"key":"Explosive Potion"}],"is_trial":false,"path_per_floor":["M","?","M","$","?","R","E","R","T","M","E","?","$","M","R","B",null,"M","?","M","M","M","E","R","E","T","?","E","M","R","M","R","B",null,"M","$","M","M","?","R","E","$","T","R","?","E","M","M"],"character_chosen":"DEFECT","items_purchased":["Go for the Eyes","Coolheaded","Sling","Orichalcum","Anchor","Capacitor"],"campfire_rested":4,"item_purchase_floors":[4,4,13,36,36,42],"current_hp_per_floor":[64,64,64,64,64,64,64,64,64,64,59,54,54,54,54,31,56,34,34,34,37,37,32,51,47,47,47,51,38,57,58,64,6,50,52,52,57,57,70,70,58,58,78,90,90,57,11,7],"gold":47,"neow_bonus":"THREE_ENEMY_KILL","is_prod":false,"is_daily":false,"chose_seed":false,"campfire_upgraded":3,"win_rate":0,"timestamp":1547327932,"path_taken":["M","?","?","$","?","R","E","R","T","M","E","?","$","M","R","BOSS","M","?","?","M","?","E","R","E","T","?","E","M","R","M","R","BOSS","M","$","M","M","?","R","E","$","T","R","?","E","?","M"],"build_version":"2019-01-10","purchased_purges":1,"victory":false,"max_hp_per_floor":[71,71,71,71,64,64,64,64,64,64,64,64,64,64,64,64,64,64,64,64,64,64,64,64,64,64,64,64,64,64,64,64,64,64,64,64,64,64,70,70,70,70,90,90,90,90,90,90],"card_choices":[{"not_picked":["FTL","Scrape"],"picked":"Ball Lightning","floor":1.0},{"not_picked":["Barrage","Static Discharge"],"picked":"Ball Lightning","floor":3.0},{"not_picked":["Rebound","Compile Driver","Hologram"],"picked":"SKIP","floor":7.0},{"not_picked":["Rebound","Stack"],"picked":"Cold Snap","floor":10.0},{"not_picked":["Reprogram","Hologram"],"picked":"Genetic Algorithm","floor":11.0},{"not_picked":["Lockon","Seek"],"picked":"Glacier","floor":12.0},{"not_picked":["Hologram","Tempest"],"picked":"Conserve Battery","floor":14.0},{"not_picked":["Amplify","Meteor Strike"],"picked":"Echo Form","floor":16.0},{"not_picked":["Steam","Steam Power"],"picked":"Barrage+1","floor":18.0},{"not_picked":["Go for the Eyes","Compile Driver"],"picked":"Sweeping Beam+1","floor":20.0},{"not_picked":["Turbo","Coolheaded","Cold Snap"],"picked":"SKIP","floor":21.0},{"not_picked":["Stack+1","Coolheaded"],"picked":"BootSequence","floor":22},{"not_picked":["Rebound","Doom and Gloom","Reboot"],"picked":"SKIP","floor":23},{"not_picked":["Rebound","Doom and Gloom"],"picked":"Reboot","floor":23},{"not_picked":["Hyperbeam","Auto Shields","Force Field"],"picked":"SKIP","floor":25},{"not_picked":["Steam","Ball Lightning","Sunder"],"picked":"Gash+1","floor":28},{"not_picked":["Skim","Cold Snap","Melter","Sweeping Beam"],"picked":"SKIP","floor":29},{"not_picked":["Steam","Rebound","Ball Lightning+1"],"picked":"Undo+1","floor":31},{"not_picked":["Rainbow","Seek","Machine Learning"],"picked":"Meteor Strike","floor":33},{"not_picked":["Sweeping Beam","Rebound","Cold Snap"],"picked":"Gash","floor":35},{"not_picked":["Steam+1","Beam Cell","Coolheaded","Sunder"],"picked":"SKIP","floor":37},{"not_picked":["Rebound","Hologram","Aggregate","Leap"],"picked":"SKIP","floor":41},{"not_picked":["Ball Lightning+1","Sweeping Beam","Rebound"],"picked":"Conserve Battery","floor":46},{"not_picked":["Beam Cell","Streamline+1","Hologram+1"],"picked":"Capacitor","floor":47},{"not_picked":["Stack","Coolheaded","Sweeping Beam+1"],"picked":"Blizzard","floor":47}],"player_experience":919156,"relics_obtained":[{"floor":7.0,"key":"Bronze Scales"},{"floor":9.0,"key":"Blue Candle"},{"floor":11.0,"key":"Cables"},{"floor":12.0,"key":"Odd Mushroom"},{"floor":23,"key":"Darkstone Periapt"},{"floor":25,"key":"Question Card"},{"floor":26,"key":"Nunchaku"},{"floor":28,"key":"Ancient Tea Set"},{"floor":41,"key":"The Courier"},{"floor":43,"key":"Mango"},{"floor":46,"key":"Prayer Wheel"}],"event_choices":[{"cards_removed":["Strike_B"],"damage_healed":0.0,"max_hp_gain":0.0,"max_hp_loss":0.0,"gold_gain":0.0,"event_name":"Purifier","player_choice":"Purged","floor":2.0,"gold_loss":0.0,"damage_taken":0.0},{"damage_healed":0.0,"max_hp_gain":0.0,"max_hp_loss":7.0,"gold_gain":0.0,"event_name":"Golden Idol","player_choice":"Lose Max HP","floor":5.0,"gold_loss":0.0,"damage_taken":0.0,"relics_obtained":["Golden Idol"]},{"damage_healed":0.0,"max_hp_gain":0.0,"max_hp_loss":0.0,"gold_gain":0.0,"event_name":"Mushrooms","player_choice":"Fought Mushrooms","floor":12.0,"gold_loss":0.0,"damage_taken":0.0},{"cards_removed":["Go for the Eyes"],"damage_healed":0.0,"max_hp_gain":0.0,"max_hp_loss":0.0,"gold_gain":0.0,"event_name":"WeMeetAgain","player_choice":"Gave Card","floor":19.0,"gold_loss":0.0,"damage_taken":0.0,"relics_obtained":["Symbiotic Virus"]},{"damage_healed":0,"gold_gain":0,"player_choice":"Gave Idol","damage_taken":0,"relics_obtained":["Bloody Idol"],"max_hp_gain":0,"max_hp_loss":0,"event_name":"Forgotten Altar","floor":27,"relics_lost":["Golden Idol"],"gold_loss":0},{"damage_healed":13,"gold_gain":0,"player_choice":"Writhe","damage_taken":0,"max_hp_gain":0,"max_hp_loss":0,"event_name":"Winding Halls","floor":39,"gold_loss":0,"cards_obtained":["Writhe"]},{"damage_healed":0,"gold_gain":0,"player_choice":"Got Potions","damage_taken":0,"max_hp_gain":0,"max_hp_loss":0,"event_name":"Lab","floor":45,"gold_loss":0}],"is_beta":true,"boss_relics":[{"not_picked":["FrozenCore","Inserter"],"picked":"Fusion Hammer"},{"not_picked":["Tiny House","Black Star"],"picked":"Cursed Key"}],"items_purged_floors":[36],"is_endless":false,"potions_floor_spawned":[1,3,16,18,21,22,28,33,37,38,46],"killed_by":"Sphere and 2 Shapes","ascension_level":20}