{"gold_per_floor":[111,111,111,111,111,111,144,159,241,271,281,291,291,10,10,87,87,105,117,117,117,167,167,167],"floor_reached":24,"playtime":664,"items_purged":[],"score":443,"play_id":"6b051177-69a0-4665-b843-8739b7f99afb","local_time":"20181224104839","is_ascension_mode":true,"campfire_choices":[{"data":"Darkness","floor":6.0,"key":"SMITH"},{"floor":13,"key":"REST"},{"data":"Chill","floor":15,"key":"SMITH"},{"floor":23,"key":"REST"}],"neow_cost":"NONE","seed_source_timestamp":5793973485755,"circlet_count":0,"master_deck":["AscendersBane","Strike_B","Strike_B","Strike_B","Defend_B","Defend_B","Defend_B","Defend_B","Zap","Dualcast","Darkness+1","Go for the Eyes","Chill+1","Echo Form","Cold Snap","Electrodynamics","Leap","Loop"],"special_seed":0,"relics":["Cracked Core","NeowsBlessing","CultistMask","Ginger","Kunai","Girya","Symbiotic Virus","Sozu"],"potions_floor_usage":[10,12],"damage_taken":[{"damage":0.0,"enemies":"Cultist","floor":1.0,"turns":1.0},{"damage":0.0,"enemies":"Lagavulin","floor":7.0,"turns":2.0},{"damage":0.0,"enemies":"2 Louse","floor":8.0,"turns":1.0},{"damage":41,"enemies":"3 Sentries","floor":10,"turns":13},{"damage":7,"enemies":"Small Slimes","floor":11,"turns":5},{"damage":8,"enemies":"3 Louse","floor":12,"turns":4},{"damage":13,"enemies":"Hexaghost","floor":16,"turns":8},{"damage":33,"enemies":"Chosen","floor":18,"turns":5},{"damage":22,"enemies":"Shell Parasite","floor":19,"turns":7},{"damage":14,"enemies":"Slavers","floor":24,"turns":2}],"seed_played":"3021572556980880904","potions_obtained":[{"floor":7.0,"key":"GamblersBrew"},{"floor":11,"key":"Block Potion"}],"is_trial":false,"path_per_floor":["M","?","$","$","?","R","E","M","T","E","M","M","R","$","R","B",null,"M","M","?","?","?","R","E"],"character_chosen":"DEFECT","items_purchased":["Symbiotic Virus"],"campfire_rested":2,"item_purchase_floors":[14],"current_hp_per_floor":[64,64,64,64,64,64,64,64,64,23,16,8,29,29,29,16,57,24,2,2,2,2,23,9],"gold":167,"neow_bonus":"THREE_ENEMY_KILL","is_prod":false,"is_daily":false,"chose_seed":false,"campfire_upgraded":2,"win_rate":0,"timestamp":1545644919,"path_taken":["M","?","?","$","?","R","E","M","T","E","?","M","R","?","R","BOSS","M","M","?","?","?","R","E"],"build_version":"2018-12-20","purchased_purges":0,"victory":false,"max_hp_per_floor":[71,71,71,71,71,71,71,71,71,71,71,71,71,71,71,71,71,71,71,71,71,71,71,71],"card_choices":[{"not_picked":["Stack","Fusion"],"picked":"Darkness","floor":1.0},{"not_picked":["Turbo","Gash"],"picked":"Go for the Eyes","floor":7.0},{"not_picked":["Reprogram","Heatsinks"],"picked":"Chill","floor":8.0},{"not_picked":["Stack","Skim","Streamline"],"picked":"SKIP","floor":10},{"not_picked":["Beam Cell","Gash"],"picked":"Echo Form","floor":11},{"not_picked":["Conserve Battery","Leap"],"picked":"Cold Snap","floor":12},{"not_picked":["Amplify","Multi-Cast"],"picked":"Electrodynamics","floor":16},{"not_picked":["Sweeping Beam","Redo"],"picked":"Leap","floor":18},{"not_picked":["Reprogram","Beam Cell"],"picked":"Loop","floor":19}],"player_experience":866202,"relics_obtained":[{"floor":7.0,"key":"Ginger"},{"floor":9.0,"key":"Kunai"},{"floor":10,"key":"Girya"}],"event_choices":[{"damage_healed":0.0,"max_hp_gain":0.0,"max_hp_loss":0.0,"gold_gain":0.0,"event_name":"FaceTrader","player_choice":"Trade","floor":2.0,"gold_loss":0.0,"damage_taken":0.0,"relics_obtained":["CultistMask"]},{"cards_removed":["Strike_B"],"damage_healed":0.0,"max_hp_gain":0.0,"max_hp_loss":0.0,"gold_gain":0.0,"event_name":"Purifier","player_choice":"Purged","floor":5.0,"gold_loss":0.0,"damage_taken":0.0},{"damage_healed":0,"gold_gain":0,"player_choice":"Ignored","damage_taken":0,"max_hp_gain":0,"max_hp_loss":0,"event_name":"Vampires","floor":20,"gold_loss":0},{"damage_healed":0,"gold_gain":0,"player_choice":"Ignored","damage_taken":0,"max_hp_gain":0,"max_hp_loss":0,"event_name":"Cursed Tome","floor":21,"gold_loss":0},{"damage_healed":0,"gold_gain":50,"player_choice":"Stole From Cult","damage_taken":0,"max_hp_gain":0,"max_hp_loss":0,"event_name":"Nest","floor":22,"gold_loss":0}],"is_beta":true,"boss_relics":[{"not_picked":["Calling Bell","Busted Crown"],"picked":"Sozu"}],"items_purged_floors":[],"is_endless":false,"potions_floor_spawned":[7,11],"killed_by":"Slavers","ascension_level":19}