{"gold_per_floor":[115,133,146,157,47,47,59,70,70,70,94,94,94,115,115,241,241,215,240,291,291],"floor_reached":21,"playtime":1072,"items_purged":["Clumsy"],"score":236,"play_id":"61e09f2f-9594-430a-8148-7f11a8a4712c","local_time":"20190226194710","is_ascension_mode":true,"campfire_choices":[{"floor":6,"key":"REST"},{"floor":15,"key":"REST"}],"neow_cost":"CURSE","seed_source_timestamp":1200030630592822,"circlet_count":0,"master_deck":["Strike_B","Strike_B","Strike_B","Strike_B","Defend_B","Defend_B","Defend_B","Defend_B","Zap","Deep Breath","Good Instincts","Streamline","Capacitor","BootSequence","Conserve Battery","Seek","Writhe"],"relics":["Cracked Core","Bag of Marbles","Golden Idol","Cursed Key","Orichalcum"],"potions_floor_usage":[16,16,16],"damage_taken":[{"damage":2,"enemies":"2 Louse","floor":1,"turns":4},{"damage":3,"enemies":"Jaw Worm","floor":2,"turns":6},{"damage":3,"enemies":"Small Slimes","floor":3,"turns":4},{"damage":9,"enemies":"Red Slaver","floor":4,"turns":3},{"damage":31,"enemies":"Large Slime","floor":7,"turns":6},{"damage":2,"enemies":"2 Fungi Beasts","floor":8,"turns":3},{"damage":21,"enemies":"Exordium Wildlife","floor":11,"turns":5},{"damage":4,"enemies":"Exordium Thugs","floor":14,"turns":6},{"damage":7,"enemies":"Slime Boss","floor":16,"turns":11},{"damage":20,"enemies":"2 Thieves","floor":18,"turns":5},{"damage":25,"enemies":"3 Byrds","floor":19,"turns":6},{"damage":21,"enemies":"Shelled Parasite and Fungi","floor":21,"turns":3}],"seed_played":"3400415003713746902","potions_obtained":[{"floor":1,"key":"Poison Potion"},{"floor":7,"key":"Ancient Potion"},{"floor":14,"key":"Block Potion"},{"floor":16,"key":"Dexterity Potion"}],"is_trial":false,"path_per_floor":["M","M","M","M","$","R","M","M","T","?","M","?","?","M","R","B",null,"M","M","T","M"],"character_chosen":"DEFECT","items_purchased":["Capacitor"],"campfire_rested":2,"item_purchase_floors":[5],"current_hp_per_floor":[66,63,60,51,51,73,42,40,40,22,1,6,6,2,26,19,65,45,20,20,0],"gold":291,"neow_bonus":"RANDOM_COLORLESS_2","is_prod":false,"is_daily":false,"chose_seed":false,"campfire_upgraded":0,"win_rate":0,"timestamp":1551232030,"path_taken":["M","M","M","M","$","R","M","M","T","?","M","?","?","M","R","BOSS","M","?","?","M"],"build_version":"2019-01-23","purchased_purges":1,"victory":false,"max_hp_per_floor":[75,75,75,75,75,75,75,75,75,75,75,80,80,80,80,80,80,80,80,80,80],"card_choices":[{"not_picked":["Compile Driver","Go for the Eyes","Redo"],"picked":"SKIP","floor":1},{"not_picked":["Turbo","Gash","Hologram"],"picked":"SKIP","floor":2},{"not_picked":["Hologram","Redo"],"picked":"Streamline","floor":3},{"not_picked":["Sweeping Beam","Consume","Coolheaded"],"picked":"SKIP","floor":4},{"not_picked":["Turbo","Leap"],"picked":"BootSequence","floor":7},{"not_picked":["Skim","Double Energy","Turbo"],"picked":"SKIP","floor":8},{"not_picked":["Streamline","Hologram"],"picked":"Conserve Battery","floor":11},{"not_picked":["Amplify","Sweeping Beam","Compile Driver"],"picked":"SKIP","floor":14},{"not_picked":["Rainbow","Biased Cognition"],"picked":"Seek","floor":16},{"not_picked":["Go for the Eyes+1","Barrage","Steam Power"],"picked":"SKIP","floor":18},{"not_picked":["Barrage","Ball Lightning","Turbo+1"],"picked":"SKIP","floor":19}],"player_experience":1518957,"relics_obtained":[{"floor":9,"key":"Bag of Marbles"},{"floor":20,"key":"Orichalcum"}],"event_choices":[{"damage_healed":0,"gold_gain":0,"player_choice":"Take Damage","damage_taken":18,"relics_obtained":["Golden Idol"],"max_hp_gain":0,"max_hp_loss":0,"event_name":"Golden Idol","floor":10,"gold_loss":0},{"damage_healed":0,"gold_gain":0,"player_choice":"Donut","damage_taken":0,"max_hp_gain":5,"max_hp_loss":0,"event_name":"Big Fish","floor":12,"gold_loss":0},{"cards_removed":["Dualcast"],"damage_healed":0,"gold_gain":0,"player_choice":"Offered Basic","damage_taken":0,"max_hp_gain":0,"max_hp_loss":0,"event_name":"Bonfire Elementals","floor":13,"gold_loss":0}],"is_beta":false,"boss_relics":[{"not_picked":["Astrolabe","Orrery"],"picked":"Cursed Key"}],"items_purged_floors":[5],"is_endless":false,"potions_floor_spawned":[1,7,14,16],"killed_by":"Shelled Parasite and Fungi","ascension_level":7}