{"gold_per_floor":[110,121,121,134,59,59,73,73,73,73,34,50,5,5,5,5],"floor_reached":16,"playtime":597,"items_purged":["Strike_R"],"score":122,"play_id":"ab6e15cb-fe1c-4ae8-8484-94dc6e269a96","local_time":"20190223194227","is_ascension_mode":true,"campfire_choices":[{"data":"Metallicize","floor":6,"key":"SMITH"},{"data":"Ghostly Armor","floor":8,"key":"SMITH"},{"data":"Inflame","floor":15,"key":"SMITH"}],"neow_cost":"NONE","seed_source_timestamp":941006734028946,"circlet_count":0,"master_deck":["Strike_R","Strike_R","Strike_R","Defend_R","Defend_R","Defend_R","Defend_R","Bash","Metallicize+1","Ghostly Armor+1","Inflame+1"],"relics":["Burning Blood","NeowsBlessing","Toxic Egg 2","Meat on the Bone"],"potions_floor_usage":[16,16,16],"damage_taken":[{"damage":0,"enemies":"Small Slimes","floor":1,"turns":1},{"damage":0,"enemies":"Jaw Worm","floor":2,"turns":1},{"damage":0,"enemies":"2 Louse","floor":4,"turns":1},{"damage":13,"enemies":"2 Fungi Beasts","floor":7,"turns":8},{"damage":9,"enemies":"3 Louse","floor":12,"turns":9},{"damage":0,"enemies":"Looter","floor":13,"turns":5},{"damage":78,"enemies":"Hexaghost","floor":16,"turns":12}],"seed_played":"7688721085460809492","potions_obtained":[{"floor":1,"key":"AttackPotion"},{"floor":7,"key":"SkillPotion"},{"floor":12,"key":"SpeedPotion"}],"is_trial":false,"path_per_floor":["M","M","?","M","$","R","M","R","T","?","$","M","M","?","R","B"],"character_chosen":"IRONCLAD","items_purchased":["Inflame"],"campfire_rested":0,"item_purchase_floors":[11],"current_hp_per_floor":[78,80,80,80,80,80,73,73,73,70,70,67,73,78,78,0],"gold":5,"neow_bonus":"THREE_ENEMY_KILL","is_prod":false,"is_daily":false,"chose_seed":false,"campfire_upgraded":3,"win_rate":0,"timestamp":1550972547,"path_taken":["M","M","?","M","$","R","M","R","T","?","?","M","M","?","R","BOSS"],"build_version":"2019-01-23","purchased_purges":1,"victory":false,"max_hp_per_floor":[80,80,80,80,80,80,80,80,80,80,80,80,80,85,85,85],"card_choices":[{"not_picked":["Anger","Clash","Wild Strike"],"picked":"SKIP","floor":1},{"not_picked":["Sword Boomerang","Rampage"],"picked":"Metallicize","floor":2},{"not_picked":["True Grit","Clash"],"picked":"Ghostly Armor","floor":4},{"not_picked":["Wild Strike","Heavy Blade","Infernal Blade"],"picked":"SKIP","floor":7},{"not_picked":["Dark Embrace","Sword Boomerang","Pommel Strike"],"picked":"SKIP","floor":12},{"not_picked":["Clash","True Grit+1","Warcry+1"],"picked":"SKIP","floor":13}],"player_experience":1498537,"relics_obtained":[{"floor":9,"key":"Toxic Egg 2"}],"event_choices":[{"cards_removed":["Strike_R"],"damage_healed":0,"gold_gain":0,"player_choice":"Forget","damage_taken":0,"max_hp_gain":0,"max_hp_loss":0,"event_name":"Living Wall","floor":3,"gold_loss":0},{"damage_healed":0,"gold_gain":0,"player_choice":"Success","damage_taken":3,"relics_obtained":["Meat on the Bone"],"max_hp_gain":0,"max_hp_loss":0,"event_name":"Scrap Ooze","floor":10,"gold_loss":0},{"damage_healed":0,"gold_gain":0,"player_choice":"Donut","damage_taken":0,"max_hp_gain":5,"max_hp_loss":0,"event_name":"Big Fish","floor":14,"gold_loss":0}],"is_beta":false,"boss_relics":[],"items_purged_floors":[5],"is_endless":false,"potions_floor_spawned":[1,7,12],"killed_by":"Hexaghost","ascension_level":7}