{"gold_per_floor":[109,124,124,124,24,59,11,11,89,112,112,126,146,179,179,305,305,321,346,364,389,414,453,453,471,471,471],"floor_reached":27,"playtime":1908,"items_purged":["Regret"],"score":247,"play_id":"54816f98-98d9-4f54-9536-74e65a8d73f7","local_time":"20180925113126","is_ascension_mode":false,"campfire_choices":[{"data":"True Grit","floor":8,"key":"SMITH"},{"data":"Shrug It Off","floor":11,"key":"SMITH"},{"data":"Whirlwind","floor":15,"key":"SMITH"},{"floor":24,"key":"REST"}],"neow_cost":"NONE","seed_source_timestamp":617660713257820,"circlet_count":0,"master_deck":["Strike_R","Strike_R","Strike_R","Strike_R","Strike_R","Defend_R","Defend_R","Defend_R","Defend_R","Bash","Spot Weakness","Whirlwind+1","True Grit+1","Sword Boomerang","Shrug It Off+1","Flame Barrier","Feel No Pain","Dropkick","Immolate","Double Tap","Shrug It Off+1","Battle Trance","Evolve+1","Intimidate+1"],"relics":["Burning Blood","Bag of Preparation","PreservedInsect","Golden Idol","Darkstone Periapt","The Courier","Matryoshka","Busted Crown","Champion Belt","Bottled Lightning","Toxic Egg 2"],"potions_floor_usage":[16,16,20,23,23,23],"damage_taken":[{"damage":11,"enemies":"Jaw Worm","floor":1,"turns":5},{"damage":5,"enemies":"Small Slimes","floor":2,"turns":6},{"damage":24,"enemies":"3 Sentries","floor":6,"turns":5},{"damage":0,"enemies":"2 Louse","floor":10,"turns":1},{"damage":0,"enemies":"Large Slime","floor":12,"turns":6},{"damage":0,"enemies":"3 Louse","floor":13,"turns":1},{"damage":37,"enemies":"Gremlin Nob","floor":14,"turns":5},{"damage":11,"enemies":"Slime Boss","floor":16,"turns":8},{"damage":5,"enemies":"3 Byrds","floor":18,"turns":2},{"damage":14,"enemies":"Shell Parasite","floor":19,"turns":6},{"damage":30,"enemies":"Shelled Parasite and Fungi","floor":20,"turns":7},{"damage":39,"enemies":"Snake Plant","floor":21,"turns":5},{"damage":0,"enemies":"Cultist and Chosen","floor":22,"turns":4},{"damage":19,"enemies":"Slavers","floor":23,"turns":5},{"damage":23,"enemies":"Chosen and Byrds","floor":25,"turns":7},{"damage":24,"enemies":"Book of Stabbing","floor":27,"turns":7}],"seed_played":"8609614217859604908","potions_obtained":[{"floor":2,"key":"Swift Potion"},{"floor":6,"key":"Fire Potion"},{"floor":18,"key":"BloodPotion"},{"floor":19,"key":"SpeedPotion"},{"floor":21,"key":"FearPotion"},{"floor":22,"key":"Fire Potion"}],"is_trial":false,"path_per_floor":["M","M","?","?","$","E","$","R","T","M","R","M","M","E","R","B",null,"M","M","M","M","M","E","R","M","T"],"character_chosen":"IRONCLAD","items_purchased":["True Grit","Shrug It Off"],"campfire_rested":1,"item_purchase_floors":[5,7],"current_hp_per_floor":[75,76,76,56,56,38,38,38,38,44,44,50,56,25,25,20,80,80,72,56,23,29,16,40,23,23,0],"gold":471,"neow_bonus":"RANDOM_COMMON_RELIC","is_prod":false,"is_daily":false,"chose_seed":false,"campfire_upgraded":3,"win_rate":0.0,"timestamp":1537849886,"path_taken":["M","M","?","?","$","E","?","R","T","?","R","M","M","E","R","BOSS","M","M","M","M","M","E","R","M","T","E"],"build_version":"2018-09-20","purchased_purges":1,"victory":false,"max_hp_per_floor":[80,80,80,80,80,80,80,80,80,80,80,80,80,80,80,80,80,80,80,80,80,80,80,80,80,80,80],"card_choices":[{"not_picked":["Clash","Power Through"],"picked":"Spot Weakness","floor":1},{"not_picked":["Infernal Blade","Dropkick"],"picked":"Whirlwind","floor":2},{"not_picked":["Bludgeon","Perfected Strike"],"picked":"Sword Boomerang","floor":6},{"not_picked":["True Grit","Carnage"],"picked":"Flame Barrier","floor":10},{"not_picked":["Twin Strike","Infernal Blade"],"picked":"Feel No Pain","floor":12},{"not_picked":["Armaments","Perfected Strike"],"picked":"Dropkick","floor":13},{"not_picked":["Shockwave","Armaments"],"picked":"Immolate","floor":14},{"not_picked":["Fiend Fire","Berserk"],"picked":"Double Tap","floor":16},{"not_picked":[],"picked":"Shrug It Off+1","floor":18},{"not_picked":[],"picked":"Battle Trance","floor":19},{"not_picked":["Warcry"],"picked":"SKIP","floor":20},{"not_picked":["Wild Strike"],"picked":"SKIP","floor":21},{"not_picked":[],"picked":"Evolve+1","floor":22},{"not_picked":[],"picked":"Intimidate+1","floor":23},{"not_picked":["Rage+1"],"picked":"SKIP","floor":25}],"player_experience":133803,"relics_obtained":[{"floor":6,"key":"Darkstone Periapt"},{"floor":9,"key":"The Courier"},{"floor":14,"key":"Matryoshka"},{"floor":23,"key":"Champion Belt"},{"floor":26,"key":"Bottled Lightning"},{"floor":26,"key":"Toxic Egg 2"}],"event_choices":[{"event_name":"Big Fish","player_choice":"Box","floor":3,"damage_taken":0},{"event_name":"Golden Idol","player_choice":"Take Damage","floor":4,"damage_taken":0}],"is_beta":false,"boss_relics":[{"not_picked":["Ectoplasm","Philosopher\u0027s Stone"],"picked":"Busted Crown"}],"items_purged_floors":[5],"is_endless":false,"potions_floor_spawned":[2,6,18,19,21,22],"killed_by":"Book of Stabbing","ascension_level":0}