{"gold_per_floor":[109,109,120,120,270,298,298,373,399,399,399,431,18,18,18,95,95,110,110,110,110,18,18],"floor_reached":23,"playtime":644,"items_purged":["Doubt","Strike_B"],"score":432,"play_id":"b6b41af4-0826-4df7-8d89-efc895e4a4ee","local_time":"20190110161203","is_ascension_mode":true,"campfire_choices":[{"floor":7.0,"key":"REST"},{"data":"Defragment","floor":10.0,"key":"SMITH"},{"floor":15.0,"key":"DIG"}],"neow_cost":"NONE","seed_source_timestamp":17468852972433,"circlet_count":0,"master_deck":["AscendersBane","Strike_B+1","Strike_B","Strike_B+1","Defend_B","Defend_B","Defend_B","Zap","Dualcast","Defragment+1","Barrage","Glacier","Conserve Battery","Meteor Strike","Conserve Battery","Fission+1","Ghostly","Ghostly","Ghostly","Defragment"],"special_seed":0,"relics":["Cracked Core","NeowsBlessing","Shovel","Juzu Bracelet","Bottled Flame","Boot","Membership Card","PreservedInsect","Singing Bowl","Busted Crown"],"potions_floor_usage":[],"damage_taken":[{"damage":0.0,"enemies":"Cultist","floor":1.0,"turns":1.0},{"damage":0.0,"enemies":"Small Slimes","floor":3.0,"turns":1.0},{"damage":0.0,"enemies":"Gremlin Nob","floor":6.0,"turns":1.0},{"damage":15.0,"enemies":"3 Sentries","floor":12.0,"turns":10.0},{"damage":23.0,"enemies":"Slime Boss","floor":16.0,"turns":8.0},{"damage":11.0,"enemies":"Shell Parasite","floor":18.0,"turns":6.0},{"damage":41,"enemies":"Slavers","floor":23,"turns":6}],"seed_played":"4994405525111658578","potions_obtained":[{"floor":1.0,"key":"AttackPotion"},{"floor":3.0,"key":"SteroidPotion"}],"is_trial":false,"path_per_floor":["M","?","M","?","?","E","R","?","T","R","T","E","$","$","R","B",null,"M","?","?","?","$","E"],"character_chosen":"DEFECT","items_purchased":["Membership Card","PreservedInsect","Meteor Strike","Conserve Battery","Defragment"],"campfire_rested":1,"item_purchase_floors":[13,13,13,13,22],"current_hp_per_floor":[64,57,57,36,36,36,57,46,46,46,46,31,31,31,31,8,55,46,46,46,36,36,0],"gold":18,"neow_bonus":"THREE_ENEMY_KILL","is_prod":false,"is_daily":false,"chose_seed":false,"campfire_upgraded":1,"win_rate":0,"timestamp":1547133123,"path_taken":["M","?","M","?","?","E","R","?","T","R","?","E","?","$","R","BOSS","M","?","?","?","$","E"],"build_version":"2019-01-09","purchased_purges":2,"victory":false,"max_hp_per_floor":[71,71,71,71,71,71,71,71,71,71,71,71,71,71,71,71,71,73,73,73,36,36,36],"card_choices":[{"not_picked":["Sweeping Beam","Storm"],"picked":"Defragment","floor":1.0},{"not_picked":["Stack","Sweeping Beam"],"picked":"Barrage","floor":3.0},{"not_picked":["Rip and Tear","Cold Snap"],"picked":"Glacier","floor":6.0},{"not_picked":["Redo","Aggregate"],"picked":"Conserve Battery","floor":12.0},{"not_picked":["Amplify","Reboot"],"picked":"Fission","floor":16.0},{"not_picked":["Rebound"],"picked":"Singing Bowl","floor":18.0}],"player_experience":917896,"relics_obtained":[{"floor":6.0,"key":"Shovel"},{"floor":9.0,"key":"Juzu Bracelet"},{"floor":11.0,"key":"Bottled Flame"},{"floor":12.0,"key":"Boot"},{"floor":15.0,"key":"Singing Bowl"}],"event_choices":[{"cards_removed":["Defend_B"],"damage_healed":0.0,"max_hp_gain":0.0,"max_hp_loss":0.0,"gold_gain":0.0,"event_name":"Golden Wing","player_choice":"Card Removal","floor":2.0,"gold_loss":0.0,"damage_taken":7.0},{"damage_healed":0.0,"max_hp_gain":0.0,"max_hp_loss":0.0,"gold_gain":0.0,"event_name":"Shining Light","player_choice":"Entered Light","floor":4.0,"gold_loss":0.0,"damage_taken":21.0,"cards_upgraded":["Strike_B","Strike_B"]},{"damage_healed":0.0,"max_hp_gain":0.0,"max_hp_loss":0.0,"gold_gain":150.0,"event_name":"Liars Game","player_choice":"AGREE","floor":5.0,"gold_loss":0.0,"damage_taken":0.0,"cards_obtained":["Doubt"]},{"damage_healed":0.0,"max_hp_gain":0.0,"max_hp_loss":0.0,"gold_gain":75.0,"event_name":"World of Goop","player_choice":"Gather Gold","floor":8.0,"gold_loss":0.0,"damage_taken":11.0},{"damage_healed":0.0,"max_hp_gain":0.0,"max_hp_loss":0.0,"gold_gain":0.0,"event_name":"Cursed Tome","player_choice":"Ignored","floor":19.0,"gold_loss":0.0,"damage_taken":0.0},{"damage_healed":0.0,"max_hp_gain":0.0,"max_hp_loss":0.0,"gold_gain":0.0,"event_name":"Upgrade Shrine","player_choice":"Upgraded","floor":20.0,"gold_loss":0.0,"damage_taken":0.0,"cards_upgraded":["Fission"]},{"damage_healed":0.0,"max_hp_gain":0.0,"max_hp_loss":37.0,"gold_gain":0.0,"event_name":"Ghosts","player_choice":"Became a Ghost","floor":21.0,"gold_loss":0.0,"damage_taken":0.0,"cards_obtained":["Ghostly","Ghostly","Ghostly"]}],"is_beta":true,"boss_relics":[{"not_picked":["Cursed Key","Philosopher\u0027s Stone"],"picked":"Busted Crown"}],"items_purged_floors":[13,22],"is_endless":false,"potions_floor_spawned":[1,3,6],"killed_by":"Slavers","ascension_level":20}