{"gold_per_floor":[119,119,138,149,159,186,7,7,7,20,36,36,71,91,91,166,166,183,196,20,38,52,52,52,52,52,77,92,92,106,136,136,213,213,232,107,107,107,124,124,141,156,156,156,6,21,37,116,116,116],"floor_reached":50,"playtime":3720,"items_purged":["Strike_G","Tactician","Dash","All Out Attack"],"score":904,"play_id":"cf273d9c-79ca-4aaa-93ba-8814d064135f","local_time":"20190301182258","is_ascension_mode":true,"campfire_choices":[{"data":"Sucker Punch","floor":8.0,"key":"SMITH"},{"data":"Neutralize","floor":12.0,"key":"SMITH"},{"floor":15,"key":"REST"},{"data":"Noxious Fumes","floor":23,"key":"SMITH"},{"data":"After Image","floor":25,"key":"SMITH"},{"data":"Accuracy","floor":29,"key":"SMITH"},{"floor":32,"key":"REST"},{"data":"Footwork","floor":40,"key":"SMITH"},{"floor":49,"key":"REST"}],"neow_cost":"NONE","seed_source_timestamp":1253765787184018,"circlet_count":0,"master_deck":["AscendersBane","Survivor","Neutralize+1","Cloak And Dagger","Quick Slash","Sucker Punch+1","Backstab","Dodge and Roll","Cloak And Dagger","Burst","Leg Sweep","Finisher","After Image+1","Sucker Punch","Sucker Punch","Dodge and Roll","Calculated Gamble","Die Die Die","Corpse Explosion","PiercingWail+1","Tools of the Trade","Noxious Fumes+1","Blade Dance","Accuracy+1","Prepared+1","Endless Agony+1","Footwork+1","A Thousand Cuts","Blade Dance"],"special_seed":0,"relics":["Ring of the Snake","Potion Belt","Darkstone Periapt","Mummified Hand","Kunai","Pandora\u0027s Box","Pantograph","Regal Pillow","Oddly Smooth Stone","Snecko Eye","Omamori","Letter Opener"],"potions_floor_usage":[13,13,16,19,22,27,30,31,31,41,46,47,50],"damage_taken":[{"damage":7.0,"enemies":"Small Slimes","floor":1.0,"turns":4.0},{"damage":1.0,"enemies":"Jaw Worm","floor":3.0,"turns":4.0},{"damage":1.0,"enemies":"2 Louse","floor":4.0,"turns":4.0},{"damage":0.0,"enemies":"2 Fungi Beasts","floor":5.0,"turns":5.0},{"damage":27.0,"enemies":"3 Sentries","floor":6.0,"turns":13.0},{"damage":3.0,"enemies":"Gremlin Gang","floor":10.0,"turns":3.0},{"damage":7.0,"enemies":"Exordium Wildlife","floor":11.0,"turns":8.0},{"damage":13,"enemies":"Lagavulin","floor":13,"turns":7},{"damage":0,"enemies":"Large Slime","floor":14,"turns":9},{"damage":6,"enemies":"Hexaghost","floor":16,"turns":14},{"damage":1,"enemies":"Spheric Guardian","floor":18,"turns":5},{"damage":5,"enemies":"2 Thieves","floor":19,"turns":3},{"damage":11,"enemies":"Snake Plant","floor":21,"turns":7},{"damage":0,"enemies":"Cultist and Chosen","floor":22,"turns":2},{"damage":0,"enemies":"Gremlin Leader","floor":27,"turns":9},{"damage":0,"enemies":"Centurion and Healer","floor":28,"turns":7},{"damage":0,"enemies":"Chosen and Byrds","floor":30,"turns":6},{"damage":26,"enemies":"Book of Stabbing","floor":31,"turns":7},{"damage":40,"enemies":"Champ","floor":33,"turns":20},{"damage":4,"enemies":"3 Darklings","floor":35,"turns":3},{"damage":25,"enemies":"3 Shapes","floor":39,"turns":3},{"damage":20,"enemies":"3 Darklings","floor":41,"turns":4},{"damage":12,"enemies":"4 Shapes","floor":42,"turns":3},{"damage":8,"enemies":"Maw","floor":46,"turns":9},{"damage":1,"enemies":"Sphere and 2 Shapes","floor":47,"turns":8},{"damage":81,"enemies":"Awakened One","floor":50,"turns":14}],"seed_played":"7614726626877936704","potions_obtained":[{"floor":4.0,"key":"FearPotion"},{"floor":6.0,"key":"FearPotion"},{"floor":10.0,"key":"Energy Potion"},{"floor":16,"key":"Block Potion"},{"floor":19,"key":"Block Potion"},{"floor":22,"key":"Ancient Potion"},{"floor":27,"key":"SteroidPotion"},{"floor":28,"key":"Explosive Potion"},{"floor":30,"key":"Dexterity Potion"},{"floor":35,"key":"GamblersBrew"},{"floor":39,"key":"FearPotion"},{"floor":41,"key":"SkillPotion"},{"floor":42,"key":"GhostInAJar"}],"is_trial":false,"path_per_floor":["M","?","M","M","M","E","$","R","T","M","M","R","E","M","R","B",null,"M","M","$","M","M","R","?","R","T","E","M","R","M","E","R","B",null,"M","$","?","?","M","R","M","M","T","?","$","M","M","T","R","B"],"character_chosen":"THE_SILENT","items_purchased":["Fire Potion","Strength Potion","Tools of the Trade"],"campfire_rested":3,"item_purchase_floors":[7,7,20],"current_hp_per_floor":[56,70,69,68,68,41,41,41,41,38,31,31,18,18,39,33,61,60,55,55,44,44,44,44,44,44,44,44,44,44,18,54,30,60,56,56,56,76,51,51,31,19,19,19,19,11,10,10,47,0],"gold":116,"neow_bonus":"RANDOM_COMMON_RELIC","is_prod":false,"is_daily":false,"chose_seed":false,"campfire_upgraded":6,"win_rate":0,"timestamp":1551460978,"path_taken":["M","?","M","M","M","E","$","R","T","M","M","R","E","M","R","BOSS","M","M","$","M","M","R","?","R","T","E","M","R","M","E","R","BOSS","M","$","?","?","M","R","M","M","T","?","$","?","M","?","R","BOSS"],"build_version":"2019-01-23","purchased_purges":4,"victory":false,"max_hp_per_floor":[70,70,70,70,70,70,70,70,70,70,70,70,70,70,70,70,70,70,70,70,70,70,70,70,70,70,70,70,70,70,70,70,70,70,70,70,70,76,76,76,76,76,76,76,76,76,76,76,76,76],"card_choices":[{"not_picked":["Dagger Throw","Terror"],"picked":"Cloak And Dagger","floor":1.0},{"not_picked":["Flying Knee","Expertise"],"picked":"Quick Slash","floor":3.0},{"not_picked":["Dodge and Roll","Deadly Poison"],"picked":"Sucker Punch","floor":4.0},{"not_picked":["Quick Slash","Slice"],"picked":"Backstab","floor":5.0},{"not_picked":["Slice","Choke"],"picked":"Dodge and Roll","floor":6.0},{"not_picked":["Backflip","Calculated Gamble"],"picked":"Cloak And Dagger","floor":10.0},{"not_picked":["Finisher","Cloak And Dagger"],"picked":"Burst","floor":11.0},{"not_picked":["Concentrate","Deadly Poison"],"picked":"Leg Sweep","floor":13},{"not_picked":["Backstab","Dodge and Roll"],"picked":"Finisher","floor":14},{"not_picked":["Doppelganger","Corpse Explosion"],"picked":"After Image","floor":16},{"not_picked":["Slice","Bane"],"picked":"PiercingWail+1","floor":18},{"not_picked":["Dodge and Roll","Setup","Outmaneuver"],"picked":"SKIP","floor":19},{"not_picked":["Leg Sweep","Prepared+1"],"picked":"Noxious Fumes","floor":21},{"not_picked":["Deflect","Slice"],"picked":"Blade Dance","floor":22},{"not_picked":["After Image","Crippling Poison"],"picked":"Accuracy","floor":27},{"not_picked":["Dodge and Roll","Cloak And Dagger"],"picked":"Prepared+1","floor":28},{"not_picked":["Quick Slash","Poisoned Stab"],"picked":"Endless Agony+1","floor":30},{"not_picked":["Glass Knife","Skewer"],"picked":"Footwork","floor":31},{"not_picked":["Glass Knife","Doppelganger"],"picked":"A Thousand Cuts","floor":33},{"not_picked":["Slice+1","Quick Slash"],"picked":"Blade Dance","floor":35},{"not_picked":["Blur","Bane","Cloak And Dagger"],"picked":"SKIP","floor":39},{"not_picked":["Distraction","Tactician+1","Bane"],"picked":"SKIP","floor":41},{"not_picked":["Backflip","Underhanded Strike","Finisher"],"picked":"SKIP","floor":42},{"not_picked":["Backstab+1","Dagger Spray","Cloak And Dagger"],"picked":"SKIP","floor":46},{"not_picked":["Backflip","Concentrate","PiercingWail"],"picked":"SKIP","floor":47}],"player_experience":675423,"relics_obtained":[{"floor":6.0,"key":"Darkstone Periapt"},{"floor":9.0,"key":"Mummified Hand"},{"floor":13,"key":"Kunai"},{"floor":26,"key":"Pantograph"},{"floor":27,"key":"Regal Pillow"},{"floor":31,"key":"Oddly Smooth Stone"},{"floor":43,"key":"Omamori"},{"floor":48,"key":"Letter Opener"}],"event_choices":[{"damage_healed":23.0,"max_hp_gain":0.0,"max_hp_loss":0.0,"gold_gain":0.0,"event_name":"Big Fish","player_choice":"Banana","floor":2.0,"gold_loss":0.0,"damage_taken":0.0},{"damage_healed":0,"gold_gain":0,"player_choice":"Ignored","damage_taken":0,"max_hp_gain":0,"max_hp_loss":0,"event_name":"Ghosts","floor":24,"gold_loss":0},{"damage_healed":0,"gold_gain":0,"player_choice":"Ignored","damage_taken":0,"max_hp_gain":0,"max_hp_loss":0,"event_name":"Mysterious Sphere","floor":37,"gold_loss":0},{"damage_healed":18,"gold_gain":0,"player_choice":"Writhe","damage_taken":0,"max_hp_gain":0,"max_hp_loss":0,"event_name":"Winding Halls","floor":38,"gold_loss":0,"cards_obtained":["Writhe"]},{"cards_removed":["Writhe"],"damage_healed":0,"gold_gain":0,"player_choice":"Removed Curses","damage_taken":0,"max_hp_gain":0,"max_hp_loss":0,"event_name":"Fountain of Cleansing","floor":44,"gold_loss":0}],"is_beta":false,"boss_relics":[{"not_picked":["Fusion Hammer","Runic Pyramid"],"picked":"Pandora\u0027s Box"},{"not_picked":["Coffee Dripper","Tiny House"],"picked":"Snecko Eye"}],"items_purged_floors":[7,20,36,45],"is_endless":false,"potions_floor_spawned":[4,6,10,16,19,22,27,28,30,35,39,41,42],"killed_by":"Awakened One","ascension_level":13}