{"gold_per_floor":[110,121,137,156,331,331,178,178,178,178,195,230,241,275,275,353,353,366,26,45,45,61,61,80,108,162,162,3,22,22,22,22,22],"floor_reached":33,"playtime":1768,"items_purged":["Doubt","Strike_G","Defend_G"],"score":457,"play_id":"9fccc8e6-380b-4dc1-b526-e7567938e1d2","local_time":"20190301131003","is_ascension_mode":true,"campfire_choices":[{"data":"Neutralize","floor":6,"key":"SMITH"},{"data":"Dagger Spray","floor":8,"key":"SMITH"},{"data":"Infinite Blades","floor":10,"key":"SMITH"},{"floor":15,"key":"REST"},{"data":"Noxious Fumes","floor":23,"key":"SMITH"},{"data":"Terror","floor":27,"key":"SMITH"},{"floor":30,"key":"REST"},{"floor":32,"key":"REST"}],"neow_cost":"NONE","seed_source_timestamp":1236970618892488,"circlet_count":0,"master_deck":["AscendersBane","Defend_G","Defend_G","Defend_G","Defend_G","Survivor","Neutralize+1","Dash","Cloak And Dagger","Dagger Spray+1","Terror+1","Infinite Blades+1","Blade Dance","PiercingWail","Noxious Fumes+1","Cloak And Dagger","Adrenaline","Escape Plan+1","Bullet Time+1","Poisoned Stab+1","Cloak And Dagger+1","Crippling Poison","Well Laid Plans","Calculated Gamble+1","Infinite Blades","Necronomicurse"],"relics":["Ring of the Snake","Question Card","Sundial","Tingsha","Astrolabe","Happy Flower","Bag of Marbles","Bronze Scales","Necronomicon"],"potions_floor_usage":[12,14,16,16,22,25],"damage_taken":[{"damage":0,"enemies":"2 Louse","floor":1,"turns":3},{"damage":4,"enemies":"Small Slimes","floor":2,"turns":4},{"damage":1,"enemies":"Jaw Worm","floor":3,"turns":5},{"damage":4,"enemies":"Exordium Thugs","floor":4,"turns":6},{"damage":1,"enemies":"3 Louse","floor":11,"turns":4},{"damage":7,"enemies":"3 Sentries","floor":12,"turns":7},{"damage":7,"enemies":"Looter","floor":13,"turns":4},{"damage":12,"enemies":"Lagavulin","floor":14,"turns":5},{"damage":1,"enemies":"The Guardian","floor":16,"turns":11},{"damage":21,"enemies":"Spheric Guardian","floor":18,"turns":6},{"damage":0,"enemies":"3 Byrds","floor":20,"turns":5},{"damage":0,"enemies":"Snake Plant","floor":22,"turns":5},{"damage":5,"enemies":"Cultist and Chosen","floor":24,"turns":7},{"damage":17,"enemies":"Book of Stabbing","floor":25,"turns":6},{"damage":18,"enemies":"Shelled Parasite and Fungi","floor":29,"turns":4},{"damage":56,"enemies":"Collector","floor":33,"turns":7}],"seed_played":"2751984442195616488","potions_obtained":[{"floor":2,"key":"SpeedPotion"},{"floor":11,"key":"Explosive Potion"},{"floor":13,"key":"Poison Potion"},{"floor":14,"key":"GhostInAJar"},{"floor":16,"key":"GhostInAJar"},{"floor":18,"key":"PowerPotion"}],"is_trial":false,"path_per_floor":["M","M","M","M","?","R","$","R","T","R","M","E","M","E","R","B",null,"M","$","M","?","M","R","M","E","T","R","$","M","R","?","R","B"],"character_chosen":"THE_SILENT","items_purchased":["Infinite Blades","Happy Flower","Crippling Poison","Dexterity Potion","Infinite Blades"],"campfire_rested":3,"item_purchase_floors":[7,19,19,19,28],"current_hp_per_floor":[63,59,58,54,54,54,54,54,54,54,53,46,39,27,48,47,64,43,43,43,43,43,43,38,21,21,21,21,3,24,8,29,0],"gold":22,"neow_bonus":"TRANSFORM_CARD","is_prod":false,"is_daily":false,"chose_seed":false,"campfire_upgraded":5,"win_rate":0,"timestamp":1551442203,"path_taken":["M","M","M","M","?","R","$","R","T","R","M","E","M","E","R","BOSS","M","$","M","?","M","R","M","E","T","R","?","?","R","?","R","BOSS"],"build_version":"2019-01-23","purchased_purges":3,"victory":false,"max_hp_per_floor":[70,70,70,70,70,70,70,70,70,70,70,70,70,70,70,70,70,70,70,70,70,70,70,70,70,70,70,70,70,70,70,70,70],"card_choices":[{"not_picked":["Endless Agony","Backflip"],"picked":"Cloak And Dagger","floor":1},{"not_picked":["Outmaneuver","Bane","Finisher"],"picked":"SKIP","floor":2},{"not_picked":["Accuracy","Outmaneuver"],"picked":"Dagger Spray","floor":3},{"not_picked":["PiercingWail","Sucker Punch"],"picked":"Terror","floor":4},{"not_picked":["Grand Finale","Endless Agony","Poisoned Stab"],"picked":"Blade Dance","floor":11},{"not_picked":["Bouncing Flask","Endless Agony","Prepared"],"picked":"PiercingWail","floor":12},{"not_picked":["Prepared","Deadly Poison","Dodge and Roll"],"picked":"Noxious Fumes","floor":13},{"not_picked":["Bane","Crippling Poison","Deadly Poison"],"picked":"Cloak And Dagger","floor":14},{"not_picked":["Venomology","Die Die Die","Phantasmal Killer"],"picked":"Adrenaline","floor":16},{"not_picked":["Dodge and Roll","Expertise","Underhanded Strike+1"],"picked":"Cloak And Dagger+1","floor":18},{"not_picked":["Predator","Slice","Dagger Spray"],"picked":"Well Laid Plans","floor":20},{"not_picked":["Bane","Choke","Sucker Punch+1"],"picked":"Calculated Gamble+1","floor":22},{"not_picked":["All Out Attack+1","Dagger Spray+1","Well Laid Plans","Underhanded Strike"],"picked":"SKIP","floor":24},{"not_picked":["Underhanded Strike","Terror","Choke","Masterful Stab"],"picked":"SKIP","floor":25},{"not_picked":["Caltrops","Dagger Spray","Deadly Poison","Flying Knee+1"],"picked":"SKIP","floor":29}],"player_experience":669893,"relics_obtained":[{"floor":9,"key":"Question Card"},{"floor":12,"key":"Sundial"},{"floor":14,"key":"Tingsha"},{"floor":25,"key":"Bag of Marbles"},{"floor":26,"key":"Bronze Scales"},{"floor":31,"key":"Necronomicon"}],"event_choices":[{"damage_healed":0,"gold_gain":175,"player_choice":"AGREE","damage_taken":0,"max_hp_gain":0,"max_hp_loss":0,"event_name":"Liars Game","floor":5,"gold_loss":0,"cards_obtained":["Doubt"]},{"damage_healed":0,"gold_gain":0,"player_choice":"Ignored","damage_taken":0,"max_hp_gain":0,"max_hp_loss":0,"event_name":"Beggar","floor":21,"gold_loss":0},{"damage_healed":0,"gold_gain":0,"player_choice":"Obtained Book","damage_taken":16,"max_hp_gain":0,"max_hp_loss":0,"event_name":"Cursed Tome","floor":31,"gold_loss":0}],"is_beta":false,"boss_relics":[{"not_picked":["Runic Dome","Empty Cage"],"picked":"Astrolabe"}],"items_purged_floors":[7,19,28],"is_endless":false,"potions_floor_spawned":[2,11,13,14,16,18,20],"killed_by":"Collector","ascension_level":13}