{"gold_per_floor":[109,127,147,164,164,164,164,198,244,244,257,237,253,272,272,370,370,390,361,372,372],"floor_reached":21,"playtime":2365,"items_purged":[],"score":185,"play_id":"37ea5db8-a72d-41f9-bbcc-04062beebd53","local_time":"20190228202833","is_ascension_mode":false,"campfire_choices":[{"floor":7,"key":"REST"},{"floor":10,"key":"REST"},{"data":"Dual Wield","floor":15,"key":"SMITH"}],"neow_cost":"NONE","seed_source_timestamp":533288975189491,"circlet_count":0,"master_deck":["Strike_R","Strike_R","Strike_R","Strike_R","Strike_R+1","Defend_R","Defend_R","Defend_R","Defend_R","Bash","Clothesline+1","Perfected Strike","Armaments+1","Intimidate","Dual Wield+1","Iron Wave","Perfected Strike","Ghostly Armor","Demon Form","Flex","Clash+1","Whirlwind"],"relics":["Burning Blood","Darkstone Periapt","Boot","Eternal Feather"],"potions_floor_usage":[16,16,16,21,21],"damage_taken":[{"damage":1,"enemies":"2 Louse","floor":1,"turns":2},{"damage":19,"enemies":"Small Slimes","floor":2,"turns":4},{"damage":0,"enemies":"Cultist","floor":3,"turns":3},{"damage":31,"enemies":"Gremlin Gang","floor":4,"turns":6},{"damage":24,"enemies":"Gremlin Nob","floor":8,"turns":4},{"damage":7,"enemies":"Blue Slaver","floor":11,"turns":4},{"damage":11,"enemies":"Red Slaver","floor":13,"turns":4},{"damage":11,"enemies":"Looter","floor":14,"turns":4},{"damage":56,"enemies":"Slime Boss","floor":16,"turns":14},{"damage":40,"enemies":"Shell Parasite","floor":18,"turns":9},{"damage":19,"enemies":"2 Thieves","floor":19,"turns":5},{"damage":22,"enemies":"Snake Plant","floor":20,"turns":6},{"damage":31,"enemies":"Sentry and Sphere","floor":21,"turns":5}],"seed_played":"1161054257762695490","potions_obtained":[{"floor":8,"key":"Swift Potion"},{"floor":11,"key":"SkillPotion"},{"floor":12,"key":"SmokeBomb"},{"floor":14,"key":"EssenceOfSteel"},{"floor":18,"key":"EssenceOfSteel"},{"floor":20,"key":"Energy Potion"}],"is_trial":false,"path_per_floor":["M","M","M","M","?","?","R","E","T","R","M","?","M","M","R","B",null,"M","M","M","M"],"character_chosen":"IRONCLAD","items_purchased":[],"campfire_rested":2,"item_purchase_floors":[],"current_hp_per_floor":[88,75,81,56,56,38,64,46,46,72,71,71,66,61,61,11,88,54,41,25,0],"gold":372,"neow_bonus":"TEN_PERCENT_HP_BONUS","is_prod":false,"is_daily":false,"chose_seed":false,"campfire_upgraded":1,"win_rate":0.0,"timestamp":1551410913,"path_taken":["M","M","M","M","?","?","R","E","T","R","M","?","M","M","R","BOSS","M","M","M","M"],"build_version":"2019-01-23","purchased_purges":0,"victory":false,"max_hp_per_floor":[88,88,88,88,88,88,88,88,88,88,88,88,88,88,88,88,88,88,88,88,88],"card_choices":[{"not_picked":["Flex","Headbutt"],"picked":"Clothesline","floor":1},{"not_picked":["Thunderclap","Rupture"],"picked":"Perfected Strike","floor":2},{"not_picked":["True Grit","Thunderclap"],"picked":"Armaments","floor":3},{"not_picked":["Clothesline","Anger"],"picked":"Intimidate","floor":4},{"not_picked":["Offering","Clothesline"],"picked":"Dual Wield","floor":8},{"not_picked":["Twin Strike","Shrug It Off"],"picked":"Iron Wave","floor":11},{"not_picked":["Flex","Anger"],"picked":"Perfected Strike","floor":13},{"not_picked":["Heavy Blade","Thunderclap"],"picked":"Ghostly Armor","floor":14},{"not_picked":["Fiend Fire","Brutality"],"picked":"Demon Form","floor":16},{"not_picked":["Heavy Blade","Hemokinesis"],"picked":"Flex","floor":18},{"not_picked":["Clothesline","Power Through+1"],"picked":"Clash+1","floor":19},{"not_picked":["Warcry","Sword Boomerang"],"picked":"Whirlwind","floor":20}],"player_experience":5834,"relics_obtained":[{"floor":8,"key":"Darkstone Periapt"},{"floor":9,"key":"Boot"}],"event_choices":[{"damage_healed":0,"gold_gain":0,"player_choice":"Grow","damage_taken":0,"max_hp_gain":0,"max_hp_loss":0,"event_name":"Living Wall","floor":5,"gold_loss":0,"cards_upgraded":["Armaments"]},{"damage_healed":0,"gold_gain":0,"player_choice":"Entered Light","damage_taken":18,"max_hp_gain":0,"max_hp_loss":0,"event_name":"Shining Light","floor":6,"gold_loss":0,"cards_upgraded":["Strike_R","Clothesline"]},{"damage_healed":0,"gold_gain":0,"player_choice":"Bought 1 Potion","damage_taken":0,"max_hp_gain":0,"max_hp_loss":0,"event_name":"The Woman in Blue","floor":12,"gold_loss":0}],"is_beta":false,"boss_relics":[{"not_picked":["Lizard Tail","Runic Pyramid"],"picked":"Eternal Feather"}],"items_purged_floors":[],"is_endless":false,"potions_floor_spawned":[8,11,14,18,20],"killed_by":"Sentry and Sphere","ascension_level":0}