{"gold_per_floor":[116,135,135,135,135,135,155,168,241,241,261,279,273,297,297,416,416,436,436,49,12,27,52,67,88,112,112,112],"floor_reached":28,"playtime":4622,"items_purged":["Venomology"],"score":270,"play_id":"f2f484b1-25f2-404c-8525-441bee089e88","local_time":"20190210151050","is_ascension_mode":true,"campfire_choices":[{"floor":6,"key":"REST"},{"data":"Caltrops","floor":10,"key":"SMITH"},{"floor":15,"key":"REST"}],"neow_cost":"NONE","seed_source_timestamp":2713161237305340,"circlet_count":0,"master_deck":["Defend_G","Defend_G","Defend_G","Defend_G","Defend_G","Strike_G","Strike_G","Strike_G+1","Strike_G","Strike_G","Survivor+1","Neutralize","Dash","Backflip","Caltrops+1","Noxious Fumes","Doppelganger","Dash","Footwork","Backstab","Footwork","Well Laid Plans+1","Backflip","Crippling Poison"],"relics":["Ring of the Snake","NeowsBlessing","Golden Idol","Letter Opener","Sozu","Membership Card","Bag of Marbles"],"potions_floor_usage":[16,16,16],"damage_taken":[{"damage":0,"enemies":"Small Slimes","floor":1,"turns":1},{"damage":0,"enemies":"2 Louse","floor":2,"turns":1},{"damage":0,"enemies":"Cultist","floor":7,"turns":1},{"damage":7,"enemies":"Large Slime","floor":8,"turns":8},{"damage":0,"enemies":"Blue Slaver","floor":11,"turns":4},{"damage":5,"enemies":"Looter","floor":12,"turns":4},{"damage":11,"enemies":"Exordium Thugs","floor":13,"turns":4},{"damage":0,"enemies":"2 Fungi Beasts","floor":14,"turns":5},{"damage":9,"enemies":"The Guardian","floor":16,"turns":12},{"damage":1,"enemies":"3 Byrds","floor":18,"turns":4},{"damage":5,"enemies":"2 Thieves","floor":22,"turns":4},{"damage":33,"enemies":"Shelled Parasite and Fungi","floor":23,"turns":6},{"damage":13,"enemies":"Centurion and Healer","floor":24,"turns":8},{"damage":0,"enemies":"3 Cultists","floor":25,"turns":6},{"damage":6,"enemies":"Colosseum Slavers","floor":27,"turns":6},{"damage":11,"enemies":"Sentry and Sphere","floor":28,"turns":3}],"seed_played":"7405428779323253766","potions_obtained":[{"floor":1,"key":"Regen Potion"},{"floor":11,"key":"SneckoOil"},{"floor":12,"key":"Block Potion"},{"floor":14,"key":"EssenceOfSteel"}],"is_trial":false,"path_per_floor":["M","M","?","?","?","R","M","M","T","R","M","M","M","M","R","B",null,"M","?","$","$","M","M","M","M","T","?","M"],"character_chosen":"THE_SILENT","items_purchased":["Footwork","Membership Card","Backstab","Footwork"],"campfire_rested":2,"item_purchase_floors":[20,20,20,21],"current_hp_per_floor":[70,70,53,53,39,60,60,53,53,53,53,48,37,37,58,64,69,68,68,68,68,63,30,17,17,17,11,0],"gold":112,"neow_bonus":"THREE_ENEMY_KILL","is_prod":false,"is_daily":false,"chose_seed":false,"campfire_upgraded":1,"win_rate":0,"timestamp":1549833050,"path_taken":["M","M","?","?","?","R","M","M","T","R","M","M","M","M","R","BOSS","M","?","?","$","M","M","M","M","T","?","?"],"build_version":"2019-01-23","purchased_purges":1,"victory":false,"max_hp_per_floor":[70,70,70,70,70,70,70,70,70,70,70,70,70,70,70,70,70,70,70,70,70,70,70,70,70,70,70,70],"card_choices":[{"not_picked":["Prepared","Acrobatics"],"picked":"Dash","floor":1},{"not_picked":["Bouncing Flask","Poisoned Stab"],"picked":"Backflip","floor":2},{"not_picked":["Terror","Bane","Sucker Punch"],"picked":"SKIP","floor":7},{"not_picked":["Deadly Poison","Poisoned Stab"],"picked":"Caltrops","floor":8},{"not_picked":["Caltrops","Acrobatics"],"picked":"Noxious Fumes","floor":11},{"not_picked":["Riddle With Holes","Deadly Poison"],"picked":"Doppelganger","floor":12},{"not_picked":["Blade Dance","Backstab"],"picked":"Dash","floor":13},{"not_picked":["Prepared","Blade Dance","All Out Attack"],"picked":"SKIP","floor":14},{"not_picked":["Unload","Tools of the Trade"],"picked":"Venomology","floor":16},{"not_picked":["Skewer+1","Underhanded Strike","Bane+1"],"picked":"SKIP","floor":18},{"not_picked":["Prepared","Reflex+1","Setup"],"picked":"SKIP","floor":22},{"not_picked":["Flying Knee","Cloak And Dagger+1"],"picked":"Well Laid Plans+1","floor":23},{"not_picked":["Bane+1","PiercingWail"],"picked":"Backflip","floor":24},{"not_picked":["Bane","Prepared"],"picked":"Crippling Poison","floor":25}],"player_experience":1329538,"relics_obtained":[{"floor":9,"key":"Letter Opener"},{"floor":26,"key":"Bag of Marbles"}],"event_choices":[{"damage_healed":0,"gold_gain":0,"player_choice":"Take Damage","damage_taken":17,"relics_obtained":["Golden Idol"],"max_hp_gain":0,"max_hp_loss":0,"event_name":"Golden Idol","floor":3,"gold_loss":0},{"damage_healed":0,"gold_gain":0,"player_choice":"Ignored","damage_taken":0,"max_hp_gain":0,"max_hp_loss":0,"event_name":"Liars Game","floor":4,"gold_loss":0},{"damage_healed":0,"gold_gain":0,"player_choice":"Entered Light","damage_taken":14,"max_hp_gain":0,"max_hp_loss":0,"event_name":"Shining Light","floor":5,"gold_loss":0,"cards_upgraded":["Survivor","Strike_G"]},{"damage_healed":0,"gold_gain":0,"player_choice":"Got Potions","damage_taken":0,"max_hp_gain":0,"max_hp_loss":0,"event_name":"Lab","floor":19,"gold_loss":0},{"damage_healed":0,"gold_gain":0,"player_choice":"Fight","damage_taken":0,"max_hp_gain":0,"max_hp_loss":0,"event_name":"Colosseum","floor":27,"gold_loss":0},{"damage_healed":0,"gold_gain":0,"player_choice":"Fled From Nobs","damage_taken":0,"max_hp_gain":0,"max_hp_loss":0,"event_name":"Colosseum","floor":27,"gold_loss":0}],"is_beta":false,"boss_relics":[{"not_picked":["White Beast Statue","Astrolabe"],"picked":"Sozu"}],"items_purged_floors":[20],"is_endless":false,"potions_floor_spawned":[1,11,12,13,14,23,24,27],"killed_by":"Sentry and Sphere","ascension_level":5}