{"gold_per_floor":[118,137,137,212,212,238,254,254,254,288,21,36,49,49,49,49],"floor_reached":16,"playtime":655,"items_purged":["Regret"],"score":263,"play_id":"8cff05bc-d2e8-4a7b-b132-4277580ddbf5","local_time":"20181216101133","is_ascension_mode":true,"campfire_choices":[{"data":"Zap","floor":8,"key":"SMITH"},{"floor":15,"key":"REST"}],"neow_cost":"NONE","seed_source_timestamp":8809118066992,"circlet_count":0,"master_deck":["AscendersBane","Strike_B","Strike_B","Strike_B","Strike_B","Defend_B","Defend_B","Defend_B","Zap+1","Dualcast","Leap","Hologram","Capacitor","BootSequence","Go for the Eyes","Steam","Coolheaded"],"relics":["Cracked Core","NeowsBlessing","Blue Candle","Happy Flower","Dodecahedron","Ancient Tea Set","Membership Card"],"potions_floor_usage":[10,10],"damage_taken":[{"damage":0,"enemies":"2 Louse","floor":1,"turns":1},{"damage":0,"enemies":"Jaw Worm","floor":2,"turns":1},{"damage":0,"enemies":"Gremlin Nob","floor":6,"turns":1},{"damage":1,"enemies":"Small Slimes","floor":7,"turns":3},{"damage":27,"enemies":"3 Sentries","floor":10,"turns":7},{"damage":9,"enemies":"Blue Slaver","floor":12,"turns":4},{"damage":1,"enemies":"Red Slaver","floor":13,"turns":4},{"damage":0,"enemies":"Slime Boss","floor":16,"turns":3}],"seed_played":"5795088509879292821","potions_obtained":[{"floor":2,"key":"GamblersBrew"},{"floor":6,"key":"PowerPotion"},{"floor":12,"key":"Swift Potion"}],"is_trial":false,"path_per_floor":["M","M","?","?","?","E","M","R","T","E","$","M","M","?","R","B"],"character_chosen":"DEFECT","items_purchased":["Membership Card"],"campfire_rested":1,"item_purchase_floors":[11],"current_hp_per_floor":[64,64,57,46,46,46,45,45,45,18,18,9,8,8,29,29],"gold":49,"neow_bonus":"THREE_ENEMY_KILL","is_prod":false,"is_daily":false,"chose_seed":false,"campfire_upgraded":1,"win_rate":0,"timestamp":1544951493,"path_taken":["M","M","?","?","?","E","?","R","T","E","?","M","M","?","R","BOSS"],"build_version":"2018-12-13","purchased_purges":1,"victory":false,"max_hp_per_floor":[71,71,71,71,71,71,71,71,71,71,71,71,71,71,71,71],"card_choices":[{"not_picked":["Turbo","Blizzard"],"picked":"Leap","floor":1},{"not_picked":["Steam Power","Compile Driver"],"picked":"Hologram","floor":2},{"not_picked":["Reprogram","Machine Learning"],"picked":"Capacitor","floor":6},{"not_picked":["Sweeping Beam","Ball Lightning"],"picked":"BootSequence","floor":7},{"not_picked":["Static Discharge","Steam"],"picked":"Go for the Eyes","floor":10},{"not_picked":["Consume","Stack"],"picked":"Steam","floor":12},{"not_picked":["Ball Lightning","Compile Driver"],"picked":"Coolheaded","floor":13}],"player_experience":837443,"relics_obtained":[{"floor":6,"key":"Happy Flower"},{"floor":9,"key":"Dodecahedron"},{"floor":10,"key":"Ancient Tea Set"}],"event_choices":[{"cards_removed":["Defend_B"],"damage_healed":0,"gold_gain":0,"player_choice":"Card Removal","damage_taken":7,"max_hp_gain":0,"max_hp_loss":0,"event_name":"Golden Wing","floor":3,"gold_loss":0},{"damage_healed":0,"gold_gain":75,"player_choice":"Gather Gold","damage_taken":11,"max_hp_gain":0,"max_hp_loss":0,"event_name":"World of Goop","floor":4,"gold_loss":0},{"damage_healed":0,"gold_gain":0,"player_choice":"Box","damage_taken":0,"relics_obtained":["Blue Candle"],"max_hp_gain":0,"max_hp_loss":0,"event_name":"Big Fish","floor":5,"gold_loss":0,"cards_obtained":["Regret"]},{"damage_healed":0,"gold_gain":0,"player_choice":"Ignored","damage_taken":0,"max_hp_gain":0,"max_hp_loss":0,"event_name":"Shining Light","floor":14,"gold_loss":0}],"is_beta":true,"boss_relics":[],"items_purged_floors":[11],"is_endless":false,"potions_floor_spawned":[2,6,12],"killed_by":"Slime Boss","ascension_level":19}