{"gold_per_floor":[109,129,129,145,145,177,177,204,204,220,232,232,251,141,141,237,237,257,257,257,268,281,281,301,301,301,201,201,213,230,230,230,328,328,348,348,363,363,238,238,238,238,261,289,289,143,153,163,163,163],"floor_reached":51,"playtime":2365,"items_purged":["Strike_R","Strike_R","Bash"],"score":762,"play_id":"20357023-7cd9-49da-b3f0-d2f739669f97","local_time":"20190223161702","is_ascension_mode":false,"campfire_choices":[{"data":"Whirlwind","floor":7,"key":"SMITH"},{"data":"Body Slam","floor":12,"key":"SMITH"},{"data":"Barricade","floor":15,"key":"SMITH"},{"data":"True Grit","floor":23,"key":"SMITH"},{"data":"Inflame","floor":28,"key":"SMITH"},{"data":"Shockwave","floor":32,"key":"SMITH"},{"data":"Double Tap","floor":40,"key":"SMITH"},{"data":"Apotheosis","floor":42,"key":"SMITH"},{"data":"Juggernaut","floor":45,"key":"SMITH"},{"data":"Madness","floor":49,"key":"SMITH"}],"neow_cost":"NONE","seed_source_timestamp":9456702791168,"circlet_count":0,"master_deck":["Strike_R+1","Strike_R+1","Defend_R+1","Defend_R+1","Defend_R+1","Defend_R+1","Whirlwind+1","Shrug It Off","Shrug It Off","Body Slam+1","Barricade+1","Inflame+1","True Grit+1","Shrug It Off","Metallicize+1","Feel No Pain","Shockwave+1","Double Tap+1","True Grit+1","Apotheosis+1","Madness","Madness+1","Juggernaut+1","Impervious"],"relics":["Burning Blood","PreservedInsect","Mango","Red Skull","Pear","Coffee Dripper","Meat on the Bone","Sozu","Orichalcum","Happy Flower"],"potions_floor_usage":[6,48,48,50],"damage_taken":[{"damage":4,"enemies":"Small Slimes","floor":1,"turns":7},{"damage":5,"enemies":"Cultist","floor":2,"turns":4},{"damage":6,"enemies":"Jaw Worm","floor":4,"turns":5},{"damage":17,"enemies":"3 Sentries","floor":6,"turns":6},{"damage":14,"enemies":"Gremlin Nob","floor":8,"turns":3},{"damage":6,"enemies":"Red Slaver","floor":10,"turns":4},{"damage":0,"enemies":"3 Louse","floor":11,"turns":2},{"damage":7,"enemies":"Gremlin Gang","floor":13,"turns":3},{"damage":63,"enemies":"Hexaghost","floor":16,"turns":13},{"damage":5,"enemies":"Chosen","floor":18,"turns":4},{"damage":3,"enemies":"Spheric Guardian","floor":21,"turns":4},{"damage":6,"enemies":"Snake Plant","floor":22,"turns":6},{"damage":19,"enemies":"Centurion and Healer","floor":24,"turns":6},{"damage":0,"enemies":"Cultist and Chosen","floor":29,"turns":8},{"damage":12,"enemies":"Snake Plant","floor":30,"turns":6},{"damage":32,"enemies":"Collector","floor":33,"turns":10},{"damage":0,"enemies":"3 Darklings","floor":35,"turns":2},{"damage":0,"enemies":"Orb Walker","floor":37,"turns":5},{"damage":1,"enemies":"Giant Head","floor":44,"turns":8},{"damage":1,"enemies":"3 Darklings","floor":47,"turns":6},{"damage":23,"enemies":"Transient","floor":48,"turns":5},{"damage":13,"enemies":"Donu and Deca","floor":50,"turns":9}],"seed_played":"-4872980234359460153","potions_obtained":[{"floor":1,"key":"Strength Potion"},{"floor":2,"key":"Fire Potion"},{"floor":4,"key":"Explosive Potion"},{"floor":6,"key":"Poison Potion"},{"floor":24,"key":"SteroidPotion"},{"floor":29,"key":"Weak Potion"}],"is_trial":false,"path_per_floor":["M","M","?","M","?","E","R","E","T","M","M","R","M","$","R","B",null,"M","?","?","M","M","R","M","?","T","$","R","M","M","?","R","B",null,"M","?","M","?","$","R","?","R","T","E","R","$","M","M","R","B",null],"character_chosen":"IRONCLAD","items_purchased":["Inflame","Impervious"],"campfire_rested":0,"item_purchase_floors":[14,46],"current_hp_per_floor":[88,88,88,88,88,91,91,83,93,93,99,99,98,98,98,41,112,112,112,112,112,112,112,99,99,99,99,99,105,99,99,99,73,112,112,112,112,102,102,102,88,88,88,93,93,93,98,81,81,74],"gold":163,"neow_bonus":"TEN_PERCENT_HP_BONUS","is_prod":false,"is_daily":false,"chose_seed":false,"campfire_upgraded":10,"win_rate":0,"timestamp":1550956622,"path_taken":["M","M","?","?","?","E","R","E","T","?","M","R","M","?","R","BOSS","M","?","?","?","M","R","M","?","T","$","R","M","M","?","R","BOSS","M","?","M","?","$","R","?","R","T","E","R","$","M","M","R","BOSS"],"build_version":"2019-01-23","purchased_purges":3,"victory":true,"max_hp_per_floor":[88,88,88,88,88,102,102,102,112,112,112,112,112,112,112,112,112,112,112,112,112,112,112,112,112,112,112,112,112,112,112,112,112,112,112,112,112,112,112,112,112,112,112,112,112,112,112,112,112,112],"card_choices":[{"not_picked":["Infernal Blade","Carnage","Seeing Red"],"picked":"SKIP","floor":1},{"not_picked":["Warcry","Twin Strike"],"picked":"Whirlwind","floor":2},{"not_picked":["Bloodletting","Corruption","Rupture"],"picked":"SKIP","floor":4},{"not_picked":["Flame Barrier","Body Slam"],"picked":"Shrug It Off","floor":6},{"not_picked":["Pummel","Armaments"],"picked":"Shrug It Off","floor":8},{"not_picked":["Perfected Strike","Anger"],"picked":"Body Slam","floor":10},{"not_picked":["Flex","Clash","Sword Boomerang"],"picked":"SKIP","floor":11},{"not_picked":["Shockwave","Cleave"],"picked":"Barricade","floor":13},{"not_picked":["Clothesline+1","Heavy Blade"],"picked":"True Grit","floor":18},{"not_picked":["Seeing Red","Fiend Fire"],"picked":"Shrug It Off","floor":21},{"not_picked":["Anger","Corruption"],"picked":"Metallicize+1","floor":22},{"not_picked":["Heavy Blade","Metallicize","True Grit"],"picked":"SKIP","floor":24},{"not_picked":["Armaments","Havoc","Spot Weakness"],"picked":"SKIP","floor":29},{"not_picked":["Twin Strike","Cleave"],"picked":"Shockwave","floor":30},{"not_picked":["Limit Break","Reaper"],"picked":"Double Tap","floor":33},{"not_picked":["Clash+1","Rupture+1"],"picked":"True Grit+1","floor":35},{"not_picked":["Blood for Blood","Power Through","True Grit+1"],"picked":"SKIP","floor":37},{"not_picked":["The Bomb","PanicButton"],"picked":"Apotheosis","floor":38},{"not_picked":["Body Slam","Shrug It Off"],"picked":"Juggernaut","floor":44},{"not_picked":["Cleave+1","Armaments+1","Twin Strike"],"picked":"SKIP","floor":47},{"not_picked":["Havoc+1","Heavy Blade","Immolate"],"picked":"SKIP","floor":48}],"player_experience":427655,"relics_obtained":[{"floor":6,"key":"Mango"},{"floor":8,"key":"Red Skull"},{"floor":9,"key":"Pear"},{"floor":26,"key":"Meat on the Bone"},{"floor":43,"key":"Orichalcum"},{"floor":44,"key":"Happy Flower"}],"event_choices":[{"damage_healed":0,"gold_gain":0,"player_choice":"Gave Potion","damage_taken":0,"relics_obtained":["PreservedInsect"],"max_hp_gain":0,"max_hp_loss":0,"event_name":"WeMeetAgain","floor":3,"gold_loss":0},{"cards_removed":["Strike_R"],"damage_healed":0,"gold_gain":0,"player_choice":"Offered Basic","damage_taken":0,"max_hp_gain":0,"max_hp_loss":0,"event_name":"Bonfire Elementals","floor":5,"gold_loss":0},{"damage_healed":0,"gold_gain":0,"player_choice":"Ignored","damage_taken":0,"max_hp_gain":0,"max_hp_loss":0,"event_name":"Vampires","floor":19,"gold_loss":0},{"damage_healed":0,"gold_gain":0,"player_choice":"Ignored","damage_taken":0,"max_hp_gain":0,"max_hp_loss":0,"event_name":"NoteForYourself","floor":20,"gold_loss":0},{"damage_healed":0,"gold_gain":0,"player_choice":"Read","damage_taken":0,"max_hp_gain":0,"max_hp_loss":0,"event_name":"The Library","floor":25,"gold_loss":0,"cards_obtained":["Feel No Pain"]},{"damage_healed":0,"gold_gain":0,"player_choice":"Simplicity","damage_taken":0,"max_hp_gain":0,"max_hp_loss":0,"event_name":"Back to Basics","floor":31,"gold_loss":0,"cards_upgraded":["Strike_R","Strike_R","Defend_R","Defend_R","Defend_R","Defend_R"]},{"damage_healed":0,"gold_gain":0,"player_choice":"Ignored","damage_taken":0,"max_hp_gain":0,"max_hp_loss":0,"event_name":"Tomb of Lord Red Mask","floor":36,"gold_loss":0},{"damage_healed":0,"gold_gain":0,"player_choice":"Memory 3","damage_taken":10,"max_hp_gain":0,"max_hp_loss":0,"event_name":"SensoryStone","floor":38,"gold_loss":0},{"damage_healed":0,"gold_gain":0,"player_choice":"Embrace Madness","damage_taken":14,"max_hp_gain":0,"max_hp_loss":0,"event_name":"Winding Halls","floor":41,"gold_loss":0,"cards_obtained":["Madness","Madness"]}],"is_beta":false,"boss_relics":[{"not_picked":["Lizard Tail","Empty Cage"],"picked":"Coffee Dripper"},{"not_picked":["Pandora\u0027s Box","Runic Pyramid"],"picked":"Sozu"}],"items_purged_floors":[14,27,39],"is_endless":false,"potions_floor_spawned":[1,2,4,6,24,29,30],"ascension_level":0}