{"gold_per_floor":[109,125,7,76,86,121,135,167,167,167,267,286,286,297,297,398,398,413,53,66,81,31,31,31,43,43,58,73,85,112,125,125,228,228,238,238,31,31,51,51,66,66],"floor_reached":42,"playtime":3447,"items_purged":["Strike_R","Strike_R","Strike_R","Strike_R"],"score":459,"play_id":"ff278870-fe6b-472c-a185-22703394f589","local_time":"20190216002424","is_ascension_mode":false,"campfire_choices":[{"data":"Juggernaut","floor":10.0,"key":"SMITH"},{"data":"Metallicize","floor":13.0,"key":"SMITH"},{"floor":15.0,"key":"RECALL"},{"data":"Body Slam","floor":24.0,"key":"SMITH"},{"floor":32.0,"key":"REST"},{"data":"Barricade","floor":40.0,"key":"SMITH"}],"neow_cost":"NONE","seed_source_timestamp":0,"circlet_count":0,"master_deck":["Strike_R","Defend_R","Defend_R","Defend_R","Defend_R","Bash","Metallicize+1","Juggernaut+1","Barricade+1","Body Slam+1","Impervious"],"special_seed":0,"relics":["Burning Blood","Smiling Mask","Meat on the Bone","Anchor","Kunai","Busted Crown","Singing Bowl","Calipers","Shuriken","Runic Cube","Centennial Puzzle"],"potions_floor_usage":[42],"damage_taken":[{"damage":5.0,"enemies":"Cultist","floor":1.0,"turns":4.0},{"damage":2.0,"enemies":"Small Slimes","floor":2.0,"turns":4.0},{"damage":5.0,"enemies":"Jaw Worm","floor":5.0,"turns":6.0},{"damage":21.0,"enemies":"Gremlin Nob","floor":6.0,"turns":4.0},{"damage":10.0,"enemies":"Large Slime","floor":7.0,"turns":6.0},{"damage":27.0,"enemies":"3 Sentries","floor":8.0,"turns":8.0},{"damage":0.0,"enemies":"2 Fungi Beasts","floor":12.0,"turns":3.0},{"damage":7.0,"enemies":"Exordium Thugs","floor":14.0,"turns":5.0},{"damage":8.0,"enemies":"Hexaghost","floor":16.0,"turns":11.0},{"damage":0.0,"enemies":"Shell Parasite","floor":18.0,"turns":6.0},{"damage":0.0,"enemies":"Chosen","floor":20.0,"turns":5.0},{"damage":14.0,"enemies":"Centurion and Healer","floor":21.0,"turns":6.0},{"damage":13.0,"enemies":"Shelled Parasite and Fungi","floor":25.0,"turns":6.0},{"damage":0.0,"enemies":"Snecko","floor":27.0,"turns":5.0},{"damage":1.0,"enemies":"Chosen and Byrds","floor":28.0,"turns":6.0},{"damage":11.0,"enemies":"Centurion and Healer","floor":29.0,"turns":8.0},{"damage":73.0,"enemies":"Gremlin Leader","floor":30.0,"turns":8.0},{"damage":18.0,"enemies":"Sentry and Sphere","floor":31.0,"turns":6.0},{"damage":46.0,"enemies":"Collector","floor":33.0,"turns":13.0},{"damage":14.0,"enemies":"Orb Walker","floor":35.0,"turns":5.0},{"damage":7.0,"enemies":"3 Darklings","floor":39.0,"turns":8.0},{"damage":0.0,"enemies":"4 Shapes","floor":41.0,"turns":7.0},{"damage":128,"enemies":"Nemesis","floor":42,"turns":11}],"seed_played":"-8048899436542402671","potions_obtained":[{"floor":2.0,"key":"LiquidBronze"},{"floor":8.0,"key":"FearPotion"},{"floor":12.0,"key":"Ancient Potion"},{"floor":14.0,"key":"SkillPotion"},{"floor":18.0,"key":"FairyPotion"},{"floor":21.0,"key":"SkillPotion"},{"floor":25.0,"key":"Poison Potion"},{"floor":27.0,"key":"Ancient Potion"},{"floor":39.0,"key":"Poison Potion"}],"is_trial":false,"path_per_floor":["T","?","M","?","M","?","?"],"character_chosen":"IRONCLAD","items_purchased":["Metallicize","Singing Bowl","Body Slam","Centennial Puzzle"],"campfire_rested":1,"item_purchase_floors":[3,19,19,37],"current_hp_per_floor":[80,80,80,80,80,65,61,52,52,52,52,58,58,57,57,55,80,80,80,82,76,76,76,76,71,71,79,86,83,30,32,60,32,96,90,90,90,92,93,93,101,0],"gold":66,"neow_bonus":"RANDOM_COMMON_RELIC","is_prod":false,"is_daily":false,"chose_seed":false,"campfire_upgraded":4,"win_rate":0,"timestamp":1550273064,"path_taken":["M","M","$","?","M","E","M","E","T","R","?","?","R","M","R","BOSS","M","$","M","M","$","?","R","M","T","M","M","?","E","M","R","BOSS","M","?","$","?","M","R","M","E"],"build_version":"2019-01-23","purchased_purges":4,"victory":false,"max_hp_per_floor":[80,80,80,80,80,80,80,80,80,80,80,80,80,80,80,80,80,80,80,82,84,84,84,84,86,86,88,90,92,94,96,96,96,96,98,98,98,100,102,102,104,104],"card_choices":[{"not_picked":["Wild Strike","True Grit","Blood for Blood"],"picked":"SKIP","floor":1.0},{"not_picked":["Cleave","Corruption","Heavy Blade"],"picked":"SKIP","floor":2.0},{"not_picked":["Inflame","Corruption","Cleave"],"picked":"SKIP","floor":5.0},{"not_picked":["Sentinel","True Grit"],"picked":"Juggernaut","floor":6.0},{"not_picked":["Armaments","Headbutt","Shockwave"],"picked":"SKIP","floor":7.0},{"not_picked":["Hemokinesis","Flex","Feel No Pain"],"picked":"SKIP","floor":8.0},{"not_picked":["Cleave","Flex","Blood for Blood"],"picked":"SKIP","floor":12.0},{"not_picked":["Twin Strike","Pommel Strike","Combust"],"picked":"SKIP","floor":14.0},{"not_picked":["Demon Form","Juggernaut"],"picked":"Barricade","floor":16.0},{"not_picked":["Evolve"],"picked":"SKIP","floor":18.0},{"not_picked":["Armaments+1"],"picked":"Singing Bowl","floor":20.0},{"not_picked":["Wild Strike"],"picked":"Singing Bowl","floor":21.0},{"not_picked":["Hemokinesis"],"picked":"Singing Bowl","floor":25.0},{"not_picked":["Metallicize"],"picked":"Singing Bowl","floor":27.0},{"not_picked":["Second Wind"],"picked":"Singing Bowl","floor":28.0},{"not_picked":["Corruption"],"picked":"Singing Bowl","floor":29.0},{"not_picked":["Limit Break"],"picked":"Singing Bowl","floor":30.0},{"not_picked":["Anger"],"picked":"Singing Bowl","floor":31.0},{"not_picked":[],"picked":"Impervious","floor":33.0},{"not_picked":["Flex+1"],"picked":"Singing Bowl","floor":35.0},{"not_picked":["Discovery"],"picked":"Singing Bowl","floor":38.0},{"not_picked":["Sword Boomerang"],"picked":"Singing Bowl","floor":39.0},{"not_picked":["Intimidate"],"picked":"Singing Bowl","floor":41.0}],"player_experience":198885,"relics_obtained":[{"floor":4.0,"key":"Meat on the Bone"},{"floor":6.0,"key":"Anchor"},{"floor":8.0,"key":"Kunai"},{"floor":26.0,"key":"Calipers"},{"floor":30.0,"key":"Shuriken"}],"event_choices":[{"damage_healed":0.0,"max_hp_gain":0.0,"max_hp_loss":0.0,"gold_gain":100.0,"event_name":"Wheel of Change","player_choice":"Gold","floor":11.0,"gold_loss":0.0,"damage_taken":0.0},{"damage_healed":0.0,"max_hp_gain":0.0,"max_hp_loss":0.0,"gold_gain":0.0,"event_name":"Duplicator","player_choice":"Ignored","floor":23.0,"gold_loss":0.0,"damage_taken":0.0},{"damage_healed":0.0,"max_hp_gain":0.0,"max_hp_loss":0.0,"gold_gain":0.0,"event_name":"Tomb of Lord Red Mask","player_choice":"Ignored","floor":36.0,"gold_loss":0.0,"damage_taken":0.0},{"damage_healed":0.0,"max_hp_gain":0.0,"max_hp_loss":0.0,"gold_gain":0.0,"event_name":"SensoryStone","player_choice":"Memory 1","floor":38.0,"gold_loss":0.0,"damage_taken":0.0}],"is_beta":false,"boss_relics":[{"not_picked":["Cursed Key","Eternal Feather"],"picked":"Busted Crown"},{"not_picked":["Mark of Pain","Calling Bell"],"picked":"Runic Cube"}],"items_purged_floors":[3,19,22,37],"is_endless":false,"potions_floor_spawned":[2,8,12,14,18,21,25,27,39],"killed_by":"Nemesis","ascension_level":0}