{"gold_per_floor":[218,231,60,70,70,98,98,115,115,142,171,17,17,33,33,134,134,148,148,58,78,98,117,151,151,151,169,193,213,313,329,329,425,425,444,454,454,465,482,482,528,528,576,576,576,124,149,168,168,168,168,168,43,78,78],"floor_reached":55,"playtime":5416,"items_purged":["Strike_B","Strike_B","Strike_B"],"score":864,"play_id":"0d92612a-d056-45ea-8047-ea1d2437087b","local_time":"20190201151942","is_ascension_mode":true,"campfire_choices":[{"floor":7,"key":"REST"},{"floor":13,"key":"REST"},{"data":"Apotheosis","floor":15,"key":"SMITH"},{"floor":25,"key":"REST"},{"floor":32,"key":"REST"},{"floor":40,"key":"REST"},{"floor":42,"key":"REST"},{"floor":44,"key":"REST"},{"floor":49,"key":"RECALL"},{"floor":52,"key":"REST"}],"neow_cost":"NONE","seed_source_timestamp":0,"circlet_count":0,"master_deck":["Strike_B","Defend_B","Defend_B","Defend_B","Defend_B","Zap","Cold Snap","Apotheosis+1","Sunder","Core Surge","Reinforced Body","Capacitor+1","Chill","Glacier","FTL","BootSequence","Echo Form","FTL","Glacier+1","Sunder+1","Defragment","Buffer"],"special_seed":0,"relics":["Cracked Core","Strawberry","Gambling Chip","Letter Opener","Bronze Scales","Oddly Smooth Stone","Fusion Hammer","Happy Flower","Ancient Tea Set","Centennial Puzzle","Thread and Needle","Darkstone Periapt","Philosopher\u0027s Stone","StoneCalendar","Art of War","Dream Catcher","Orichalcum"],"potions_floor_usage":[6,6,30,33,33,50,50,50],"damage_taken":[{"damage":0.0,"enemies":"Cultist","floor":1.0,"turns":4.0},{"damage":8,"enemies":"Small Slimes","floor":2,"turns":3},{"damage":10,"enemies":"Jaw Worm","floor":4,"turns":3},{"damage":18,"enemies":"3 Sentries","floor":6,"turns":5},{"damage":17,"enemies":"Large Slime","floor":8,"turns":5},{"damage":4,"enemies":"Lagavulin","floor":11,"turns":6},{"damage":0,"enemies":"Looter","floor":14,"turns":3},{"damage":0,"enemies":"Slime Boss","floor":16,"turns":10},{"damage":17,"enemies":"Shell Parasite","floor":18,"turns":6},{"damage":6,"enemies":"2 Thieves","floor":21,"turns":5},{"damage":8,"enemies":"Chosen and Byrds","floor":22,"turns":4},{"damage":0,"enemies":"Snecko","floor":23,"turns":5},{"damage":11,"enemies":"Slavers","floor":24,"turns":5},{"damage":4,"enemies":"Snake Plant","floor":27,"turns":4},{"damage":9,"enemies":"Cultist and Chosen","floor":29,"turns":6},{"damage":3,"enemies":"Colosseum Slavers","floor":30,"turns":3},{"damage":34,"enemies":"Colosseum Nobs","floor":30,"turns":5},{"damage":0,"enemies":"Centurion and Healer","floor":31,"turns":5},{"damage":18,"enemies":"Automaton","floor":33,"turns":8},{"damage":6,"enemies":"Orb Walker","floor":35,"turns":4},{"damage":31,"enemies":"3 Darklings","floor":36,"turns":5},{"damage":0,"enemies":"Sphere and 2 Shapes","floor":38,"turns":6},{"damage":29,"enemies":"Transient","floor":39,"turns":5},{"damage":21,"enemies":"2 Orb Walkers","floor":41,"turns":8},{"damage":1,"enemies":"Writhing Mass","floor":48,"turns":6},{"damage":18,"enemies":"Time Eater","floor":50,"turns":9},{"damage":42,"enemies":"Shield and Spear","floor":54,"turns":7},{"damage":36,"enemies":"The Heart","floor":55,"turns":2}],"seed_played":"7496459972454750772","potions_obtained":[{"floor":1.0,"key":"Explosive Potion"},{"floor":2,"key":"EssenceOfSteel"},{"floor":6,"key":"Energy Potion"},{"floor":18,"key":"GamblersBrew"},{"floor":23,"key":"SkillPotion"},{"floor":29,"key":"FocusPotion"},{"floor":35,"key":"FearPotion"},{"floor":36,"key":"Poison Potion"},{"floor":38,"key":"Dexterity Potion"}],"is_trial":false,"path_per_floor":["M","M","$","M","?","E","R","M","T","T","E","$","R","M","R","B",null,"M","?","?","M","M","M","E","R","T","M","T","M","?","M","R","B",null,"M","M","?","M","M","R","?","R","T","R","?","$","T","M","R","B",null,"R","$","E","B"],"character_chosen":"DEFECT","items_purchased":["Apotheosis","Chill","Defragment","FocusPotion","PowerPotion","Art of War"],"campfire_rested":8,"item_purchase_floors":[3,12,46,46,46,46],"current_hp_per_floor":[75,67,67,57,61,43,67,50,50,50,46,46,70,70,70,70,82,65,65,65,59,51,51,40,64,64,60,60,51,14,14,38,20,82,76,45,45,45,16,39,18,41,41,64,64,64,64,63,63,45,78,78,78,36,0],"gold":78,"neow_bonus":"HUNDRED_GOLD","is_prod":false,"is_daily":false,"chose_seed":false,"campfire_upgraded":1,"win_rate":0,"timestamp":1549055982,"path_taken":["M","M","?","M","?","E","R","M","T","?","E","$","R","M","R","BOSS","M","?","?","?","M","M","E","R","T","M","?","M","?","M","R","BOSS","M","M","?","M","M","R","?","R","T","R","?","$","?","M","R","BOSS","R","$","E","BOSS"],"build_version":"2019-01-23","purchased_purges":3,"victory":false,"max_hp_per_floor":[75,75,75,75,82,82,82,82,82,82,82,82,82,82,82,82,82,82,82,82,82,82,82,82,82,82,82,82,82,82,82,82,82,82,82,82,78,78,78,78,78,78,78,78,78,78,78,78,78,78,78,78,78,78,78],"card_choices":[{"not_picked":["Auto Shields","Ball Lightning"],"picked":"Cold Snap","floor":1.0},{"not_picked":["Doom and Gloom","Double Energy","Go for the Eyes"],"picked":"SKIP","floor":2},{"not_picked":["Consume","Conserve Battery"],"picked":"Sunder","floor":4},{"not_picked":["Redo","Hologram"],"picked":"Core Surge","floor":6},{"not_picked":["Barrage","Gash"],"picked":"Reinforced Body","floor":8},{"not_picked":["Cold Snap","Compile Driver"],"picked":"Capacitor","floor":11},{"not_picked":["Steam","Leap","Turbo"],"picked":"SKIP","floor":14},{"not_picked":["Machine Learning","Reboot"],"picked":"Echo Form","floor":16},{"not_picked":["Beam Cell","Auto Shields","Leap"],"picked":"SKIP","floor":18},{"not_picked":["Coolheaded","Consume","Compile Driver+1"],"picked":"SKIP","floor":21},{"not_picked":["Compile Driver","Leap"],"picked":"Glacier","floor":22},{"not_picked":["Hologram","Meteor Strike","Rebound"],"picked":"SKIP","floor":23},{"not_picked":["Lockon","Double Energy","Conserve Battery"],"picked":"SKIP","floor":24},{"not_picked":["Compile Driver","Reprogram+1","Turbo"],"picked":"SKIP","floor":27},{"not_picked":["Barrage+1","Genetic Algorithm","Compile Driver"],"picked":"SKIP","floor":29},{"not_picked":["Lockon","Skim"],"picked":"FTL","floor":30},{"not_picked":["Undo","Rebound"],"picked":"BootSequence","floor":31},{"not_picked":["Multi-Cast","Meteor Strike"],"picked":"Echo Form","floor":33},{"not_picked":["Ball Lightning+1","Gash+1"],"picked":"FTL","floor":35},{"not_picked":["Gash+1","Genetic Algorithm+1"],"picked":"Glacier+1","floor":36},{"not_picked":["Barrage+1","Rebound+1","Tempest+1"],"picked":"SKIP","floor":38},{"not_picked":["Redo+1","Coolheaded","Fusion+1"],"picked":"SKIP","floor":39},{"not_picked":["Steam","Aggregate+1"],"picked":"Sunder+1","floor":41},{"not_picked":["Rip and Tear","Consume+1","Reprogram"],"picked":"SKIP","floor":48},{"not_picked":["Chill","Genetic Algorithm+1"],"picked":"Buffer","floor":54}],"player_experience":1229023,"relics_obtained":[{"floor":6,"key":"Gambling Chip"},{"floor":9,"key":"Letter Opener"},{"floor":10,"key":"Bronze Scales"},{"floor":11,"key":"Oddly Smooth Stone"},{"floor":24,"key":"Happy Flower"},{"floor":26,"key":"Ancient Tea Set"},{"floor":28,"key":"Centennial Puzzle"},{"floor":30,"key":"Thread and Needle"},{"floor":30,"key":"Darkstone Periapt"},{"floor":41,"key":"StoneCalendar"},{"floor":47,"key":"Dream Catcher"},{"floor":54,"key":"Orichalcum"}],"event_choices":[{"damage_healed":0,"gold_gain":0,"player_choice":"Success","damage_taken":3,"relics_obtained":["Strawberry"],"max_hp_gain":0,"max_hp_loss":0,"event_name":"Scrap Ooze","floor":5,"gold_loss":0},{"damage_healed":0,"gold_gain":0,"player_choice":"Ignored","damage_taken":0,"max_hp_gain":0,"max_hp_loss":0,"event_name":"Ghosts","floor":19,"gold_loss":0},{"cards_removed":["Dualcast"],"damage_healed":0,"gold_gain":0,"player_choice":"Upgrade and Remove","damage_taken":0,"max_hp_gain":0,"max_hp_loss":0,"event_name":"Designer","floor":20,"gold_loss":90,"cards_upgraded":["Capacitor"]},{"damage_healed":0,"gold_gain":0,"player_choice":"Fight","damage_taken":0,"max_hp_gain":0,"max_hp_loss":0,"event_name":"Colosseum","floor":30,"gold_loss":0},{"damage_healed":0,"gold_gain":0,"player_choice":"Fought Nobs","damage_taken":0,"max_hp_gain":0,"max_hp_loss":0,"event_name":"Colosseum","floor":30,"gold_loss":0},{"damage_healed":0,"gold_gain":0,"player_choice":"Max HP","damage_taken":0,"max_hp_gain":0,"max_hp_loss":4,"event_name":"Winding Halls","floor":37,"gold_loss":0},{"damage_healed":0,"gold_gain":0,"player_choice":"Fight","damage_taken":0,"max_hp_gain":0,"max_hp_loss":0,"event_name":"Mysterious Sphere","floor":41,"gold_loss":0},{"cards_removed":["Echo Form"],"damage_healed":0,"gold_gain":0,"player_choice":"Removed Power","damage_taken":0,"max_hp_gain":0,"max_hp_loss":0,"event_name":"Falling","floor":45,"gold_loss":0}],"is_beta":false,"boss_relics":[{"not_picked":["Coffee Dripper","White Beast Statue"],"picked":"Fusion Hammer"},{"not_picked":["Black Star","Snecko Eye"],"picked":"Philosopher\u0027s Stone"}],"items_purged_floors":[12,46,53],"is_endless":false,"potions_floor_spawned":[1,2,6,18,23,24,29,35,36,38,48],"killed_by":"The Heart","ascension_level":4}