{"gold_per_floor":[110,110,110,12,25,54,54,54,109,129,148,165,165,180,180,281,281,300,166,182,57,57,57,75,75,75,75,75,75,88,100,100,205,205,219,239,255,355,367,378,65,65,139,157,157,170,170,188,188,188],"floor_reached":51,"playtime":3199,"items_purged":["Strike_B","All For One","Strike_B","Defend_B"],"score":628,"play_id":"ed57ce71-f6e2-4963-931f-02ccf4b2ea04","local_time":"20190216214616","is_ascension_mode":false,"campfire_choices":[{"data":"Electrodynamics","floor":7,"key":"SMITH"},{"data":"Zap","floor":13,"key":"SMITH"},{"data":"Stack","floor":15,"key":"SMITH"},{"floor":23,"key":"REST"},{"floor":27,"key":"REST"},{"floor":32,"key":"REST"},{"floor":45,"key":"REST"},{"floor":47,"key":"RECALL"},{"floor":49,"key":"REST"}],"neow_cost":"NONE","seed_source_timestamp":13946783500455,"circlet_count":0,"master_deck":["Defend_B","Defend_B","Zap+1","Dualcast","Ball Lightning","Cold Snap","Leap","Coolheaded","Electrodynamics+1","Ball Lightning","Skim","Cold Snap","Stack+1","Seek","Chill","Ball Lightning+1","Multi-Cast+1","Defragment+1","Leap+1","FTL+1","Thinking Ahead+1","Finesse+1","Redo+1"],"relics":["Cracked Core","Unceasing Top","Vajra","Fusion Hammer","Toxic Egg 2","Eternal Feather","Nunchaku","Letter Opener"],"potions_floor_usage":[16,33,33,39,50,50,50],"damage_taken":[{"damage":5,"enemies":"Small Slimes","floor":1,"turns":2},{"damage":0,"enemies":"2 Louse","floor":5,"turns":2},{"damage":13,"enemies":"3 Sentries","floor":6,"turns":7},{"damage":0,"enemies":"Cultist","floor":10,"turns":3},{"damage":3,"enemies":"Looter","floor":11,"turns":3},{"damage":0,"enemies":"2 Fungi Beasts","floor":12,"turns":1},{"damage":9,"enemies":"3 Louse","floor":14,"turns":3},{"damage":6,"enemies":"Hexaghost","floor":16,"turns":9},{"damage":1,"enemies":"Shell Parasite","floor":18,"turns":4},{"damage":3,"enemies":"Chosen","floor":20,"turns":6},{"damage":6,"enemies":"Centurion and Healer","floor":24,"turns":5},{"damage":6,"enemies":"Shelled Parasite and Fungi","floor":30,"turns":5},{"damage":4,"enemies":"Snecko","floor":31,"turns":4},{"damage":18,"enemies":"Collector","floor":33,"turns":10},{"damage":2,"enemies":"Orb Walker","floor":35,"turns":4},{"damage":0,"enemies":"3 Shapes","floor":36,"turns":1},{"damage":3,"enemies":"Sphere and 2 Shapes","floor":37,"turns":4},{"damage":0,"enemies":"Mind Bloom Boss Battle","floor":38,"turns":8},{"damage":12,"enemies":"Transient","floor":39,"turns":5},{"damage":0,"enemies":"Jaw Worm Horde","floor":40,"turns":3},{"damage":7,"enemies":"Sphere and 2 Shapes","floor":44,"turns":3},{"damage":0,"enemies":"Transient","floor":46,"turns":5},{"damage":9,"enemies":"Writhing Mass","floor":48,"turns":6},{"damage":72,"enemies":"Awakened One","floor":50,"turns":19}],"seed_played":"-7685705999074396892","potions_obtained":[{"floor":6,"key":"AttackPotion"},{"floor":10,"key":"Energy Potion"},{"floor":11,"key":"PowerPotion"},{"floor":16,"key":"GamblersBrew"},{"floor":20,"key":"Dexterity Potion"},{"floor":36,"key":"Fire Potion"},{"floor":38,"key":"Strength Potion"},{"floor":39,"key":"SkillPotion"}],"is_trial":false,"path_per_floor":["M","?","?","$","M","E","R","?","T","M","M","M","R","M","R","B",null,"M","$","M","$","?","R","M","$","T","R","?","?","M","M","R","B",null,"M","M","M","?","M","M","$","?","T","M","R","M","R","M","R","B",null],"character_chosen":"DEFECT","items_purchased":["Leap","Chill","Thinking Ahead+1"],"campfire_rested":5,"item_purchase_floors":[4,19,41],"current_hp_per_floor":[70,63,63,63,63,50,50,50,50,50,47,47,47,38,38,32,75,74,74,71,71,71,75,69,69,69,75,75,75,69,65,75,57,75,73,73,70,70,58,58,58,58,58,51,75,75,75,66,75,3],"gold":188,"neow_bonus":"THREE_CARDS","is_prod":false,"is_daily":false,"chose_seed":false,"campfire_upgraded":3,"win_rate":0,"timestamp":1550321176,"path_taken":["M","?","?","$","M","E","R","?","T","M","M","M","R","M","R","BOSS","M","$","M","?","?","R","M","$","T","R","?","?","M","M","R","BOSS","M","M","?","?","M","M","$","?","T","M","R","M","R","M","R","BOSS"],"build_version":"2019-01-23","purchased_purges":4,"victory":true,"max_hp_per_floor":[75,75,75,75,75,75,75,75,75,75,75,75,75,75,75,75,75,75,75,75,75,75,75,75,75,75,75,75,75,75,75,75,75,75,75,75,75,75,75,75,75,75,75,75,75,75,75,75,75,75],"card_choices":[{"not_picked":["Rip and Tear","Rebound"],"picked":"Ball Lightning","floor":0},{"not_picked":["Steam","Ball Lightning"],"picked":"Cold Snap","floor":1},{"not_picked":["Go for the Eyes","Ball Lightning"],"picked":"Coolheaded","floor":5},{"not_picked":["Streamline","Redo"],"picked":"Electrodynamics","floor":6},{"not_picked":["Sweeping Beam","Leap"],"picked":"Ball Lightning","floor":10},{"not_picked":["Gash","Compile Driver"],"picked":"Skim","floor":11},{"not_picked":["Coolheaded","Darkness"],"picked":"Cold Snap","floor":12},{"not_picked":["Hyperbeam","FTL"],"picked":"Stack","floor":14},{"not_picked":["Electrodynamics","Biased Cognition"],"picked":"Seek","floor":16},{"not_picked":["Rebound+1","Barrage+1","Genetic Algorithm"],"picked":"SKIP","floor":18},{"not_picked":["Compile Driver","Gash"],"picked":"Ball Lightning+1","floor":20},{"not_picked":["Steam","FTL","Leap"],"picked":"SKIP","floor":24},{"not_picked":["Lockon","Rip and Tear","Force Field+1"],"picked":"SKIP","floor":30},{"not_picked":["Turbo+1","Gash","Steam+1"],"picked":"SKIP","floor":31},{"not_picked":["Biased Cognition","Electrodynamics"],"picked":"Multi-Cast+1","floor":33},{"not_picked":["Fusion+1","Streamline+1","Sunder"],"picked":"SKIP","floor":35},{"not_picked":["Turbo+1","Fusion+1"],"picked":"Defragment+1","floor":36},{"not_picked":["Sweeping Beam","Beam Cell+1"],"picked":"Leap+1","floor":37},{"not_picked":["Fission+1","Barrage+1"],"picked":"FTL+1","floor":39},{"not_picked":["Undo+1","Double Energy+1","Coolheaded+1"],"picked":"SKIP","floor":40},{"not_picked":["Flash of Steel","Transmutation+1"],"picked":"Finesse+1","floor":42},{"not_picked":["Sunder+1","Ball Lightning","Barrage+1"],"picked":"SKIP","floor":44},{"not_picked":["Beam Cell","Darkness+1","Ball Lightning+1"],"picked":"SKIP","floor":46},{"not_picked":["Doom and Gloom","Coolheaded+1"],"picked":"Redo+1","floor":48}],"player_experience":467389,"relics_obtained":[{"floor":6,"key":"Unceasing Top"},{"floor":9,"key":"Vajra"},{"floor":26,"key":"Toxic Egg 2"},{"floor":38,"key":"Nunchaku"},{"floor":43,"key":"Letter Opener"}],"event_choices":[{"cards_removed":["Strike_B"],"damage_healed":0,"gold_gain":0,"player_choice":"Card Removal","damage_taken":7,"max_hp_gain":0,"max_hp_loss":0,"event_name":"Golden Wing","floor":2,"gold_loss":0},{"damage_healed":0,"gold_gain":0,"player_choice":"Ignored","damage_taken":0,"max_hp_gain":0,"max_hp_loss":0,"event_name":"Liars Game","floor":3,"gold_loss":0},{"damage_healed":0,"gold_gain":0,"cards_transformed":["Strike_B"],"player_choice":"Transformed","damage_taken":0,"max_hp_gain":0,"max_hp_loss":0,"event_name":"Transmorgrifier","floor":8,"gold_loss":0,"cards_obtained":["All For One"]},{"damage_healed":0,"gold_gain":0,"player_choice":"Ignored","damage_taken":0,"max_hp_gain":0,"max_hp_loss":0,"event_name":"The Mausoleum","floor":22,"gold_loss":0},{"damage_healed":0,"gold_gain":0,"player_choice":"Ignored","damage_taken":0,"max_hp_gain":0,"max_hp_loss":0,"event_name":"Ghosts","floor":28,"gold_loss":0},{"cards_removed":["Defend_B"],"damage_healed":0,"gold_gain":0,"player_choice":"Purged","damage_taken":0,"max_hp_gain":0,"max_hp_loss":0,"event_name":"Purifier","floor":29,"gold_loss":0},{"damage_healed":0,"gold_gain":0,"player_choice":"Fight","damage_taken":0,"max_hp_gain":0,"max_hp_loss":0,"event_name":"MindBloom","floor":38,"gold_loss":0},{"damage_healed":0,"gold_gain":0,"player_choice":"Memory 1","damage_taken":0,"max_hp_gain":0,"max_hp_loss":0,"event_name":"SensoryStone","floor":42,"gold_loss":0}],"is_beta":false,"boss_relics":[{"not_picked":["Calling Bell","Lizard Tail"],"picked":"Fusion Hammer"},{"not_picked":["Empty Cage","Black Star"],"picked":"Eternal Feather"}],"items_purged_floors":[4,19,21,41],"is_endless":false,"potions_floor_spawned":[6,10,11,16,20,30,31,36,38,39,46,48],"ascension_level":0}