{"gold_per_floor":[113,124,144,159,178,178,212,187,187,187,187,225,248,288,288,417,417,438,537,462,475,496,496,527,144,144,44,44,64,64,0,0,125,125,143,268,0,24,39,39,63,83,108,59,77,1,1,16,16,16],"floor_reached":50,"playtime":5981,"items_purged":["Defend_B","Strike_B"],"score":557,"play_id":"2bf0bbf8-8f19-4a6c-b0c4-cdc5b607d695","local_time":"20190301160534","is_ascension_mode":false,"campfire_choices":[{"data":"Sunder","floor":6.0,"key":"SMITH"},{"data":"Loop","floor":15.0,"key":"SMITH"},{"floor":23.0,"key":"REST"},{"floor":30.0,"key":"REST"},{"data":"Echo Form","floor":32.0,"key":"SMITH"},{"data":"Sunder","floor":40,"key":"SMITH"},{"floor":47,"key":"REST"},{"floor":49,"key":"REST"}],"neow_cost":"NONE","seed_source_timestamp":0,"circlet_count":0,"master_deck":["Strike_B+1","Strike_B","Strike_B+1","Defend_B","Defend_B","Defend_B","Zap","Biased Cognition","BootSequence","Sunder+1","Glacier","Consume","Stack","Sunder","Hologram","Core Surge","Loop+1","Echo Form+1","Recycle+1","Self Repair","Sunder+1","Glacier","Capacitor","Reinforced Body","Shame","Enlightenment","Impervious","Skewer","Backstab+1","Finesse+1","Tempest+1","FTL+1","Conserve Battery","Glacier","Parasite","Infernal Blade+1"],"special_seed":0,"relics":["Cracked Core","Whetstone","Shuriken","Golden Idol","Ornamental Fan","Happy Flower","Meat on the Bone","Lizard Tail","Juzu Bracelet","PrismaticShard","Matryoshka","Oddly Smooth Stone","Runic Dome","Pocketwatch","Red Mask","PreservedInsect","Vajra"],"potions_floor_usage":[50,50,50],"damage_taken":[{"damage":1.0,"enemies":"2 Louse","floor":1.0,"turns":2.0},{"damage":0.0,"enemies":"Small Slimes","floor":2.0,"turns":3.0},{"damage":0.0,"enemies":"Jaw Worm","floor":3.0,"turns":3.0},{"damage":1.0,"enemies":"Large Slime","floor":4.0,"turns":7.0},{"damage":7.0,"enemies":"Blue Slaver","floor":5.0,"turns":3.0},{"damage":0.0,"enemies":"3 Sentries","floor":7.0,"turns":7.0},{"damage":0.0,"enemies":"Lagavulin","floor":12.0,"turns":5.0},{"damage":9.0,"enemies":"Gremlin Nob","floor":14.0,"turns":4.0},{"damage":23.0,"enemies":"The Guardian","floor":16.0,"turns":14.0},{"damage":3.0,"enemies":"Chosen","floor":18.0,"turns":6.0},{"damage":36.0,"enemies":"3 Byrds","floor":21.0,"turns":6.0},{"damage":21.0,"enemies":"Centurion and Healer","floor":22.0,"turns":7.0},{"damage":32.0,"enemies":"Book of Stabbing","floor":24.0,"turns":6.0},{"damage":9.0,"enemies":"Snake Plant","floor":29.0,"turns":7.0},{"damage":17.0,"enemies":"Champ","floor":33.0,"turns":14.0},{"damage":5,"enemies":"3 Shapes","floor":35,"turns":6},{"damage":4,"enemies":"Mind Bloom Boss Battle","floor":36,"turns":6},{"damage":1,"enemies":"Orb Walker","floor":38,"turns":3},{"damage":21,"enemies":"3 Darklings","floor":39,"turns":4},{"damage":12,"enemies":"Maw","floor":41,"turns":8},{"damage":11,"enemies":"Transient","floor":42,"turns":5},{"damage":21,"enemies":"Spire Growth","floor":45,"turns":5},{"damage":11,"enemies":"Writhing Mass","floor":48,"turns":6},{"damage":122,"enemies":"Time Eater","floor":50,"turns":14}],"seed_played":"-3297676869773116899","potions_obtained":[{"floor":2.0,"key":"Energy Potion"},{"floor":7.0,"key":"Energy Potion"},{"floor":14.0,"key":"SneckoOil"},{"floor":18.0,"key":"SteroidPotion"},{"floor":21.0,"key":"SpeedPotion"},{"floor":29.0,"key":"Ancient Potion"},{"floor":35,"key":"Dexterity Potion"},{"floor":39,"key":"Poison Potion"},{"floor":42,"key":"SkillPotion"}],"is_trial":false,"path_per_floor":["M","M","M","M","M","R","E","$","T","?","?","E","T","E","R","B",null,"M","?","?","M","M","R","E","$","T","$","?","M","R","?","R","B",null,"M","?","?","M","M","R","M","M","T","$","M","$","R","M","R","B"],"character_chosen":"DEFECT","items_purchased":["Hologram","Capacitor","Reinforced Body","PrismaticShard","Conserve Battery","Glacier"],"campfire_rested":4,"item_purchase_floors":[8,25,25,25,44,46],"current_hp_per_floor":[74,74,74,73,66,66,66,66,66,66,66,66,66,57,57,46,69,66,66,66,42,40,60,47,47,47,47,47,45,65,65,65,55,69,69,69,69,68,54,54,49,45,45,45,36,36,56,52,69,0],"gold":16,"neow_bonus":"ONE_RANDOM_RARE_CARD","is_prod":false,"is_daily":false,"chose_seed":false,"campfire_upgraded":4,"win_rate":0.0,"timestamp":1551474334,"path_taken":["M","M","M","M","M","R","E","$","T","?","?","E","?","E","R","BOSS","M","?","?","M","M","R","E","$","T","$","?","M","R","?","R","BOSS","M","?","?","M","M","R","M","M","T","?","M","$","R","M","R","BOSS"],"build_version":"2019-01-23","purchased_purges":2,"victory":false,"max_hp_per_floor":[75,75,75,75,75,75,75,75,75,75,69,69,69,69,69,69,69,69,69,69,69,69,69,69,69,69,69,69,69,69,69,69,69,69,69,69,69,69,69,69,69,69,69,69,69,69,69,69,69,69],"card_choices":[{"not_picked":["Conserve Battery","Chaos"],"picked":"BootSequence","floor":1.0},{"not_picked":["Compile Driver","Barrage"],"picked":"Sunder","floor":2.0},{"not_picked":["Ball Lightning","Cold Snap"],"picked":"Glacier","floor":3.0},{"not_picked":["Aggregate","Streamline"],"picked":"Consume","floor":4.0},{"not_picked":["Heatsinks","Consume"],"picked":"Stack","floor":5.0},{"not_picked":["Barrage","Turbo"],"picked":"Sunder","floor":7.0},{"not_picked":["BootSequence","Hologram"],"picked":"Core Surge","floor":12.0},{"not_picked":["Hello World","BootSequence"],"picked":"Loop","floor":14.0},{"not_picked":["Meteor Strike","Multi-Cast"],"picked":"Echo Form","floor":16.0},{"not_picked":["Go for the Eyes","Melter"],"picked":"Recycle+1","floor":18.0},{"not_picked":["Sweeping Beam","Streamline"],"picked":"Self Repair","floor":21.0},{"not_picked":["Go for the Eyes","Barrage+1"],"picked":"Sunder","floor":22.0},{"not_picked":["Coolheaded","Blizzard"],"picked":"Glacier","floor":24.0},{"not_picked":["Thunderclap","Wild Strike+1"],"picked":"Enlightenment","floor":29.0},{"not_picked":["Biased Cognition","Doppelganger"],"picked":"Impervious","floor":33.0},{"not_picked":["Underhanded Strike","Beam Cell"],"picked":"Skewer","floor":35},{"not_picked":["Streamline","Discovery"],"picked":"Backstab+1","floor":38},{"not_picked":["Bloodletting","Discovery"],"picked":"Finesse+1","floor":39},{"not_picked":["Doom and Gloom","Backflip+1"],"picked":"Tempest+1","floor":41},{"not_picked":["Armaments+1","Stack"],"picked":"FTL+1","floor":42},{"not_picked":["Blade Dance","Twin Strike+1","Hyperbeam"],"picked":"SKIP","floor":45},{"not_picked":["True Grit+1","Fire Breathing+1"],"picked":"Infernal Blade+1","floor":48}],"player_experience":46060,"relics_obtained":[{"floor":7.0,"key":"Whetstone"},{"floor":9.0,"key":"Shuriken"},{"floor":12.0,"key":"Ornamental Fan"},{"floor":13.0,"key":"Happy Flower"},{"floor":14.0,"key":"Meat on the Bone"},{"floor":24.0,"key":"Juzu Bracelet"},{"floor":26.0,"key":"Matryoshka"},{"floor":36,"key":"Pocketwatch"},{"floor":43,"key":"PreservedInsect"},{"floor":43,"key":"Vajra"}],"event_choices":[{"damage_healed":0.0,"max_hp_gain":0.0,"max_hp_loss":0.0,"gold_gain":0.0,"event_name":"Shining Light","player_choice":"Ignored","floor":10.0,"gold_loss":0.0,"damage_taken":0.0},{"damage_healed":0.0,"max_hp_gain":0.0,"max_hp_loss":6.0,"gold_gain":0.0,"event_name":"Golden Idol","player_choice":"Lose Max HP","floor":11.0,"gold_loss":0.0,"damage_taken":0.0,"relics_obtained":["Golden Idol"]},{"damage_healed":0.0,"max_hp_gain":0.0,"max_hp_loss":0.0,"gold_gain":99.0,"event_name":"Nest","player_choice":"Stole From Cult","floor":19.0,"gold_loss":0.0,"damage_taken":0.0},{"cards_removed":["Dualcast"],"damage_healed":0.0,"max_hp_gain":0.0,"max_hp_loss":0.0,"gold_gain":0.0,"event_name":"Beggar","player_choice":"Gave Gold","floor":20.0,"gold_loss":75.0,"damage_taken":0.0},{"damage_healed":0.0,"max_hp_gain":0.0,"max_hp_loss":0.0,"gold_gain":0.0,"event_name":"Addict","player_choice":"Stole Relic","floor":28.0,"gold_loss":0.0,"damage_taken":0.0,"relics_obtained":["Oddly Smooth Stone"],"cards_obtained":["Shame"]},{"damage_healed":0.0,"max_hp_gain":0.0,"max_hp_loss":0.0,"gold_gain":0.0,"event_name":"Masked Bandits","player_choice":"Paid Fearfully","floor":31.0,"gold_loss":64.0,"damage_taken":0.0},{"damage_healed":0,"gold_gain":0,"player_choice":"Fight","damage_taken":0,"max_hp_gain":0,"max_hp_loss":0,"event_name":"MindBloom","floor":36,"gold_loss":0},{"damage_healed":0,"gold_gain":0,"player_choice":"Paid","damage_taken":0,"relics_obtained":["Red Mask"],"max_hp_gain":0,"max_hp_loss":0,"event_name":"Tomb of Lord Red Mask","floor":37,"gold_loss":268}],"is_beta":false,"boss_relics":[{"not_picked":["Coffee Dripper","Snecko Eye"],"picked":"Lizard Tail"},{"not_picked":["Astrolabe","Tiny House"],"picked":"Runic Dome"}],"items_purged_floors":[25,27],"is_endless":false,"potions_floor_spawned":[2,7,14,18,21,29,35,39,42],"killed_by":"Time Eater","ascension_level":0}