{"gold_per_floor":[114,114,114,114,131,131,56,67,67,93,93,107,35,49,49,146,146,163,78,88,102,116,134,134,63,63,63,63,18,18,30,30,30],"floor_reached":33,"playtime":3220,"items_purged":["Defend_B"],"score":247,"play_id":"e9c7800a-f44d-4e3b-aecc-5755871fc510","local_time":"20181022145604","is_ascension_mode":false,"campfire_choices":[{"data":"Conserve Battery","floor":6,"key":"SMITH"},{"data":"Go for the Eyes","floor":11,"key":"SMITH"},{"data":"Doom and Gloom","floor":15,"key":"SMITH"},{"data":"Loop","floor":27,"key":"SMITH"},{"data":"Buffer","floor":30,"key":"SMITH"},{"floor":32,"key":"REST"}],"neow_cost":"CURSE","seed_source_timestamp":1074739242966017,"circlet_count":0,"master_deck":["Strike_B+1","Strike_B+1","Strike_B+1","Strike_B+1","Defend_B+1","Defend_B+1","Defend_B+1","Zap","Dualcast+1","Conserve Battery+1","Coolheaded","Go for the Eyes+1","Cold Snap","Ball Lightning","Doom and Gloom+1","Chill","Buffer+1","Redo","Ball Lightning+1","Double Energy+1","White Noise","Biased Cognition","Loop+1","Redo","Go for the Eyes"],"relics":["Cracked Core","Unceasing Top","Gremlin Horn","Mummified Hand","Bottled Flame","Mango","Nuclear Battery","Bronze Scales","War Paint"],"potions_floor_usage":[10,22,23,33,33],"damage_taken":[{"damage":4,"enemies":"Cultist","floor":1,"turns":3},{"damage":0,"enemies":"Small Slimes","floor":5,"turns":4},{"damage":1,"enemies":"Jaw Worm","floor":8,"turns":2},{"damage":21,"enemies":"3 Sentries","floor":10,"turns":8},{"damage":1,"enemies":"3 Louse","floor":12,"turns":3},{"damage":4,"enemies":"Blue Slaver","floor":14,"turns":3},{"damage":36,"enemies":"The Guardian","floor":16,"turns":10},{"damage":12,"enemies":"Spheric Guardian","floor":18,"turns":5},{"damage":13,"enemies":"2 Thieves","floor":20,"turns":3},{"damage":3,"enemies":"Snecko","floor":21,"turns":5},{"damage":16,"enemies":"Centurion and Healer","floor":22,"turns":8},{"damage":6,"enemies":"3 Cultists","floor":23,"turns":4},{"damage":0,"enemies":"Sentry and Sphere","floor":31,"turns":3},{"damage":84,"enemies":"Collector","floor":33,"turns":10}],"seed_played":"-3984360937020036228","potions_obtained":[{"floor":1,"key":"Regen Potion"},{"floor":12,"key":"Fire Potion"},{"floor":16,"key":"Regen Potion"},{"floor":20,"key":"EssenceOfSteel"},{"floor":31,"key":"EssenceOfSteel"}],"is_trial":false,"path_per_floor":["M","?","?","T","M","R","$","M","T","E","R","M","$","M","R","B",null,"M","?","M","M","M","M","?","$","T","R","?","$","R","M","R"],"character_chosen":"DEFECT","items_purchased":["Doom and Gloom","Loop","Redo"],"campfire_rested":1,"item_purchase_floors":[13,25,29],"current_hp_per_floor":[71,71,64,64,64,64,64,63,63,71,71,70,70,66,66,30,89,77,77,64,61,60,54,54,54,54,54,54,54,54,54,80,0],"gold":30,"neow_bonus":"ONE_RARE_RELIC","is_prod":false,"is_daily":false,"chose_seed":false,"campfire_upgraded":5,"win_rate":0.0,"timestamp":1540245364,"path_taken":["M","?","?","?","M","R","$","M","T","E","R","M","?","M","R","BOSS","M","?","M","M","?","M","?","$","T","R","?","?","R","M","R","BOSS"],"build_version":"2018-10-18","purchased_purges":1,"victory":false,"max_hp_per_floor":[75,75,75,75,75,75,75,75,75,89,89,89,89,89,89,89,89,89,89,89,89,89,89,89,89,89,89,89,89,89,89,89,89],"card_choices":[{"not_picked":["Reprogram","Redo"],"picked":"Conserve Battery","floor":1},{"not_picked":["Compile Driver","Defragment"],"picked":"Coolheaded","floor":5},{"not_picked":["Consume","Force Field"],"picked":"Go for the Eyes","floor":8},{"not_picked":["Barrage","Beam Cell"],"picked":"Cold Snap","floor":10},{"not_picked":["Fusion","Go for the Eyes"],"picked":"Ball Lightning","floor":12},{"not_picked":["Stack","Hello World"],"picked":"Chill","floor":14},{"not_picked":["Amplify","Seek"],"picked":"Buffer","floor":16},{"not_picked":["Streamline+1","Scrape"],"picked":"Redo","floor":18},{"not_picked":["Redo","Streamline"],"picked":"Ball Lightning+1","floor":20},{"not_picked":["Rebound+1","Steam"],"picked":"Double Energy","floor":21},{"not_picked":["Glacier+1","Leap+1"],"picked":"White Noise","floor":22},{"not_picked":["Leap","Stack"],"picked":"Biased Cognition","floor":23},{"not_picked":["Compile Driver","Stack"],"picked":"Go for the Eyes","floor":31}],"player_experience":76383,"relics_obtained":[{"floor":4,"key":"Mummified Hand"},{"floor":9,"key":"Bottled Flame"},{"floor":10,"key":"Mango"},{"floor":26,"key":"War Paint"}],"event_choices":[{"cards_removed":["Pain"],"damage_healed":0,"gold_gain":0,"player_choice":"Purged","damage_taken":0,"max_hp_gain":0,"max_hp_loss":0,"event_name":"Purifier","floor":2,"gold_loss":0},{"damage_healed":0,"gold_gain":0,"player_choice":"Success","damage_taken":7,"relics_obtained":["Gremlin Horn"],"max_hp_gain":0,"max_hp_loss":0,"event_name":"Scrap Ooze","floor":3,"gold_loss":0},{"damage_healed":0,"gold_gain":0,"player_choice":"Obtained Relic","damage_taken":0,"relics_obtained":["Bronze Scales"],"max_hp_gain":0,"max_hp_loss":0,"event_name":"Addict","floor":19,"gold_loss":85},{"damage_healed":0,"gold_gain":0,"player_choice":"Simplicity","damage_taken":0,"max_hp_gain":0,"max_hp_loss":0,"event_name":"Back to Basics","floor":24,"gold_loss":0,"cards_upgraded":["Strike_B","Strike_B","Strike_B","Strike_B","Defend_B","Defend_B","Defend_B"]},{"damage_healed":0,"gold_gain":0,"player_choice":"Ignored","damage_taken":0,"max_hp_gain":0,"max_hp_loss":0,"event_name":"Cursed Tome","floor":28,"gold_loss":0}],"is_beta":false,"boss_relics":[{"not_picked":["Runic Dome","Runic Pyramid"],"picked":"Nuclear Battery"}],"items_purged_floors":[7],"is_endless":false,"potions_floor_spawned":[1,12,16,20,21,31],"killed_by":"Collector","ascension_level":0}