{"gold_per_floor":[116,116,133,145,420,420,438,438,438,438,454,310,328,349,349,450,450,465,465,261,278,298,298,327,345,345,345],"floor_reached":27,"playtime":9736,"items_purged":["Regret"],"score":259,"play_id":"4ed76b9b-4ea9-41b1-aa8a-91421fe34e4d","local_time":"20190301230829","is_ascension_mode":true,"campfire_choices":[{"data":"Bash","floor":6.0,"key":"SMITH"},{"data":"Power Through","floor":8.0,"key":"SMITH"},{"data":"Cleave","floor":10.0,"key":"SMITH"},{"data":"Entrench","floor":15.0,"key":"SMITH"},{"data":"Armaments","floor":23.0,"key":"SMITH"}],"neow_cost":"NONE","seed_source_timestamp":0,"circlet_count":0,"master_deck":["Strike_R","Strike_R","Strike_R","Strike_R","Strike_R","Defend_R","Defend_R","Defend_R","Defend_R","Bash+1","Cleave+1","Body Slam","Ghostly Armor","Power Through+1","Shrug It Off","Rampage","Body Slam","Entrench+1","Immolate","Second Wind","Armaments+1","Metallicize","Exhume","Hemokinesis+1"],"special_seed":0,"relics":["Burning Blood","Lantern","Question Card","Odd Mushroom","Coffee Dripper","Pen Nib","Bronze Scales","Bag of Marbles"],"potions_floor_usage":[27,27],"damage_taken":[{"damage":6.0,"enemies":"Cultist","floor":1.0,"turns":4.0},{"damage":10.0,"enemies":"Small Slimes","floor":3.0,"turns":3.0},{"damage":0.0,"enemies":"Jaw Worm","floor":4.0,"turns":3.0},{"damage":7.0,"enemies":"Blue Slaver","floor":7.0,"turns":4.0},{"damage":17.0,"enemies":"Gremlin Gang","floor":11.0,"turns":4.0},{"damage":0.0,"enemies":"Red Slaver","floor":13.0,"turns":5.0},{"damage":0.0,"enemies":"The Mushroom Lair","floor":14.0,"turns":3.0},{"damage":72.0,"enemies":"The Guardian","floor":16.0,"turns":21.0},{"damage":0.0,"enemies":"Shell Parasite","floor":18.0,"turns":2.0},{"damage":8.0,"enemies":"Spheric Guardian","floor":21.0,"turns":4.0},{"damage":0.0,"enemies":"Snake Plant","floor":22.0,"turns":2.0},{"damage":43,"enemies":"Book of Stabbing","floor":24,"turns":5},{"damage":12,"enemies":"Shelled Parasite and Fungi","floor":25,"turns":7},{"damage":38,"enemies":"Slavers","floor":27,"turns":3}],"seed_played":"7792617981454492339","potions_obtained":[{"floor":7.0,"key":"Energy Potion"},{"floor":13.0,"key":"Strength Potion"},{"floor":16.0,"key":"GamblersBrew"},{"floor":21.0,"key":"Ancient Potion"},{"floor":24,"key":"PowerPotion"}],"is_trial":false,"path_per_floor":["M","T","M","M","?","R","M","R","T","R","M","$","M","?","R","B",null,"M","?","$","M","M","R","E","M","T","E"],"character_chosen":"IRONCLAD","items_purchased":["Rampage","Armaments","Pen Nib"],"campfire_rested":0,"item_purchase_floors":[12,20,20],"current_hp_per_floor":[80,80,76,80,80,80,79,79,79,79,68,68,74,80,80,14,80,80,80,80,78,80,80,43,37,37,0],"gold":345,"neow_bonus":"RANDOM_COMMON_RELIC","is_prod":false,"is_daily":false,"chose_seed":false,"campfire_upgraded":5,"win_rate":0,"timestamp":1551478109,"path_taken":["M","?","M","M","?","R","M","R","T","R","?","$","M","?","R","BOSS","M","?","$","M","M","R","E","?","T","E"],"build_version":"2019-01-23","purchased_purges":1,"victory":false,"max_hp_per_floor":[80,80,80,80,80,80,80,80,80,80,80,80,80,80,80,80,80,80,80,80,80,80,80,80,80,80,80],"card_choices":[{"not_picked":["Heavy Blade","Dropkick"],"picked":"Cleave","floor":1.0},{"not_picked":["Clash","Warcry","Hemokinesis"],"picked":"Body Slam","floor":3.0},{"not_picked":["Shrug It Off","Burning Pact","Clothesline"],"picked":"Ghostly Armor","floor":4.0},{"not_picked":["Flame Barrier","Double Tap","Iron Wave"],"picked":"Power Through","floor":7.0},{"not_picked":["Infernal Blade","Sentinel","Cleave"],"picked":"Shrug It Off","floor":11.0},{"not_picked":["Sentinel","Wild Strike","Reckless Charge"],"picked":"Body Slam","floor":13.0},{"not_picked":["Wild Strike","Sentinel","Clothesline"],"picked":"Entrench","floor":14.0},{"not_picked":["Dark Embrace","Fiend Fire","Exhume"],"picked":"Immolate","floor":16.0},{"not_picked":["Heavy Blade","Perfected Strike+1","True Grit+1"],"picked":"Second Wind","floor":18.0},{"not_picked":["Corruption+1","Iron Wave","Shrug It Off","Wild Strike"],"picked":"SKIP","floor":21.0},{"not_picked":["Armaments+1","Second Wind+1","Hemokinesis"],"picked":"Metallicize","floor":22.0},{"not_picked":["Pummel","Armaments","Sever Soul"],"picked":"Exhume","floor":24},{"not_picked":["Intimidate","Anger","Twin Strike"],"picked":"Hemokinesis+1","floor":25}],"player_experience":234407,"relics_obtained":[{"floor":2.0,"key":"Question Card"},{"floor":14.0,"key":"Odd Mushroom"},{"floor":24,"key":"Bronze Scales"},{"floor":26,"key":"Bag of Marbles"}],"event_choices":[{"damage_healed":0.0,"max_hp_gain":0.0,"max_hp_loss":0.0,"gold_gain":275.0,"event_name":"Golden Shrine","player_choice":"Desecrate","floor":5.0,"gold_loss":0.0,"damage_taken":0.0,"cards_obtained":["Regret"]},{"damage_healed":0.0,"max_hp_gain":0.0,"max_hp_loss":0.0,"gold_gain":0.0,"event_name":"Mushrooms","player_choice":"Fought Mushrooms","floor":14.0,"gold_loss":0.0,"damage_taken":0.0},{"damage_healed":0.0,"max_hp_gain":0.0,"max_hp_loss":0.0,"gold_gain":0.0,"event_name":"Wheel of Change","player_choice":"Full Heal","floor":19.0,"gold_loss":0.0,"damage_taken":0.0}],"is_beta":false,"boss_relics":[{"not_picked":["White Beast Statue","Sozu"],"picked":"Coffee Dripper"}],"items_purged_floors":[12],"is_endless":false,"potions_floor_spawned":[7,13,16,21,24],"killed_by":"Slavers","ascension_level":3}