{"gold_per_floor":[116,127,302,319,338,373,373,387,434,116,78,78,98,116,116,116],"floor_reached":16,"playtime":716,"items_purged":["Strike_B"],"score":130,"play_id":"72ca95d8-27e7-432e-abdd-328d0c3c63e8","local_time":"20180930090015","is_ascension_mode":true,"campfire_choices":[{"data":"Zap","floor":7,"key":"SMITH"},{"floor":15,"key":"REST"}],"neow_cost":"NONE","seed_source_timestamp":46229552602504,"circlet_count":0,"master_deck":["Strike_B","Strike_B","Strike_B","Defend_B","Defend_B","Defend_B","Defend_B","Zap+1","Dualcast","Amplify","Consume","White Noise","Doubt","Go for the Eyes","Coolheaded","Leap","Auto Shields","Hello World","Leap"],"relics":["Cracked Core","Omamori","Bag of Marbles","Mercury Hourglass","Golden Idol"],"potions_floor_usage":[2,6,13],"damage_taken":[{"damage":5,"enemies":"Cultist","floor":1,"turns":5},{"damage":12,"enemies":"Jaw Worm","floor":2,"turns":3},{"damage":0,"enemies":"Small Slimes","floor":4,"turns":2},{"damage":18,"enemies":"Red Slaver","floor":5,"turns":4},{"damage":15,"enemies":"Lagavulin","floor":6,"turns":9},{"damage":9,"enemies":"Exordium Thugs","floor":8,"turns":6},{"damage":13,"enemies":"Large Slime","floor":13,"turns":6},{"damage":0,"enemies":"Looter","floor":14,"turns":4},{"damage":34,"enemies":"The Guardian","floor":16,"turns":2}],"seed_played":"-40439463940170255","potions_obtained":[{"floor":1,"key":"Fruit Juice"},{"floor":5,"key":"SpeedPotion"},{"floor":6,"key":"SpeedPotion"},{"floor":8,"key":"SteroidPotion"}],"is_trial":false,"path_per_floor":["M","M","?","M","M","E","R","M","T","$","$","?","M","M","R"],"character_chosen":"DEFECT","items_purchased":["Mercury Hourglass","Hello World"],"campfire_rested":1,"item_purchase_floors":[10,11],"current_hp_per_floor":[70,63,63,63,45,30,30,21,21,21,21,21,8,8,32,0],"gold":116,"neow_bonus":"ONE_RANDOM_RARE_CARD","is_prod":false,"is_daily":false,"chose_seed":false,"campfire_upgraded":1,"win_rate":0,"timestamp":1538272815,"path_taken":["M","M","?","M","?","E","R","M","T","?","$","?","M","M","R","BOSS"],"build_version":"2018-09-27","purchased_purges":1,"victory":false,"max_hp_per_floor":[75,80,80,80,80,80,80,80,80,80,80,80,80,80,80,80],"card_choices":[{"not_picked":["Melter","Cold Snap"],"picked":"Consume","floor":1},{"not_picked":["Scrape","Streamline"],"picked":"White Noise","floor":2},{"not_picked":["Reprogram","Chaos"],"picked":"Go for the Eyes","floor":4},{"not_picked":["Steam","Lockon"],"picked":"Coolheaded","floor":5},{"not_picked":["Sweeping Beam","Beam Cell"],"picked":"Leap","floor":6},{"not_picked":["Stack","Beam Cell"],"picked":"Auto Shields","floor":8},{"not_picked":["Force Field","Beam Cell","Streamline"],"picked":"SKIP","floor":13},{"not_picked":["Redo","Streamline"],"picked":"Leap","floor":14}],"player_experience":257721,"relics_obtained":[{"floor":6,"key":"Omamori"},{"floor":9,"key":"Bag of Marbles"}],"event_choices":[{"event_name":"Liars Game","player_choice":"agreed","floor":3,"damage_taken":0},{"event_name":"Golden Idol","player_choice":"Take Wound","floor":12,"damage_taken":0}],"is_beta":false,"boss_relics":[],"items_purged_floors":[10],"is_endless":false,"potions_floor_spawned":[1,5,6,8],"killed_by":"The Guardian","ascension_level":5}