{"gold_per_floor":[109,128,146,158,60,60,79,79,79,96,96,123,133,133,133,235,235,253,253,273,291,87,87,87,101,127,127,127,139,14,31,31,135,135,155,155,5,17,17,17,33,50,101,101,111,124,124,137,137,137],"floor_reached":51,"playtime":19111,"items_purged":["Strike_B","Creative AI","Static Discharge","Consume"],"score":607,"play_id":"927314ff-b7f0-4211-9c85-34392e50da0d","local_time":"20190301165333","is_ascension_mode":false,"campfire_choices":[{"data":"Redo","floor":6.0,"key":"SMITH"},{"floor":15.0,"key":"REST"},{"floor":23.0,"key":"REST"},{"data":"Zap","floor":28.0,"key":"SMITH"},{"data":"Buffer","floor":32.0,"key":"SMITH"},{"data":"Static Discharge","floor":40.0,"key":"SMITH"},{"data":"Turbo","floor":44.0,"key":"SMITH"},{"floor":47.0,"key":"REST"},{"floor":49.0,"key":"REST"}],"neow_cost":"NONE","seed_source_timestamp":0,"circlet_count":0,"master_deck":["Zap+1","Dualcast+1","BootSequence","Steam","Redo+1","Turbo+1","Echo Form","Glacier","Thunder Strike","Static Discharge+1","Buffer+1","Hologram+1","Self Repair+1","Gash","Gash","Master of Strategy","BootSequence","Go for the Eyes","BootSequence+1","Beam Cell+1","Gash+1"],"special_seed":0,"relics":["Cracked Core","Kunai","Gambling Chip","Pandora\u0027s Box","Dream Catcher","Oddly Smooth Stone"],"potions_floor_usage":[],"damage_taken":[{"damage":0.0,"enemies":"2 Louse","floor":1.0,"turns":1.0},{"damage":5.0,"enemies":"Small Slimes","floor":2.0,"turns":3.0},{"damage":1.0,"enemies":"Jaw Worm","floor":3.0,"turns":4.0},{"damage":2.0,"enemies":"Blue Slaver","floor":4.0,"turns":3.0},{"damage":0.0,"enemies":"Red Slaver","floor":7.0,"turns":3.0},{"damage":0.0,"enemies":"Looter","floor":10.0,"turns":3.0},{"damage":23.0,"enemies":"3 Sentries","floor":12.0,"turns":8.0},{"damage":1.0,"enemies":"3 Louse","floor":13.0,"turns":4.0},{"damage":55.0,"enemies":"Slime Boss","floor":16.0,"turns":15.0},{"damage":4.0,"enemies":"3 Byrds","floor":18.0,"turns":5.0},{"damage":0.0,"enemies":"Chosen","floor":20.0,"turns":4.0},{"damage":30.0,"enemies":"Shelled Parasite and Fungi","floor":21.0,"turns":5.0},{"damage":14.0,"enemies":"Snake Plant","floor":24.0,"turns":2.0},{"damage":28.0,"enemies":"Snecko","floor":25.0,"turns":5.0},{"damage":6.0,"enemies":"Centurion and Healer","floor":29.0,"turns":7.0},{"damage":8.0,"enemies":"Shelled Parasite and Fungi","floor":31.0,"turns":5.0},{"damage":13.0,"enemies":"Automaton","floor":33.0,"turns":9.0},{"damage":26.0,"enemies":"3 Darklings","floor":35.0,"turns":7.0},{"damage":3.0,"enemies":"3 Shapes","floor":38.0,"turns":6.0},{"damage":34.0,"enemies":"3 Darklings","floor":41.0,"turns":5.0},{"damage":0.0,"enemies":"Sphere and 2 Shapes","floor":42.0,"turns":9.0},{"damage":16.0,"enemies":"Jaw Worm Horde","floor":45.0,"turns":5.0},{"damage":23.0,"enemies":"Transient","floor":46.0,"turns":5.0},{"damage":21.0,"enemies":"Sphere and 2 Shapes","floor":48.0,"turns":4.0},{"damage":83,"enemies":"Awakened One","floor":50,"turns":10}],"seed_played":"-1681366711672764670","potions_obtained":[{"floor":1.0,"key":"PowerPotion"},{"floor":7.0,"key":"EssenceOfSteel"},{"floor":10.0,"key":"FearPotion"},{"floor":13.0,"key":"EssenceOfSteel"},{"floor":20.0,"key":"AttackPotion"},{"floor":21.0,"key":"SmokeBomb"},{"floor":25.0,"key":"SkillPotion"},{"floor":31.0,"key":"Dexterity Potion"},{"floor":38.0,"key":"Poison Potion"},{"floor":41.0,"key":"Fruit Juice"},{"floor":45.0,"key":"FocusPotion"},{"floor":46.0,"key":"FocusPotion"}],"is_trial":false,"path_per_floor":["M","M","M","M","$","R","M","?","T","M","$","E","M","?","R","B",null,"M","?","M","M","$","R","M","M","T","?","R","M","$","M","R","B",null,"M","?","$","M","?","R","M","M","T","R","M","M","R","M","R","B",null],"character_chosen":"DEFECT","items_purchased":["Redo","FairyPotion"],"campfire_rested":4,"item_purchase_floors":[5,22],"current_hp_per_floor":[75,70,69,67,67,67,67,75,75,75,75,52,51,51,73,18,75,71,71,71,41,41,62,58,50,50,82,82,82,82,82,82,79,82,66,66,66,73,73,73,49,64,64,64,58,45,71,60,86,3],"gold":137,"neow_bonus":"UPGRADE_CARD","is_prod":false,"is_daily":false,"chose_seed":false,"campfire_upgraded":5,"win_rate":0.0,"timestamp":1551477213,"path_taken":["M","M","M","M","$","R","M","?","T","M","$","E","M","?","R","BOSS","M","?","M","M","$","R","M","M","T","?","R","?","$","M","R","BOSS","M","?","$","M","?","R","?","M","T","R","M","M","R","M","R","BOSS"],"build_version":"2019-01-23","purchased_purges":4,"victory":true,"max_hp_per_floor":[75,75,75,75,75,75,75,75,75,75,75,75,75,75,75,75,75,75,72,72,72,72,72,72,72,72,82,82,82,82,82,82,82,82,82,82,82,82,82,82,82,87,87,87,87,87,87,87,87,87],"card_choices":[{"not_picked":["Beam Cell","Rebound"],"picked":"Consume","floor":1.0},{"not_picked":["Recycle","Aggregate","Stack"],"picked":"SKIP","floor":2.0},{"not_picked":["Stack","Recycle"],"picked":"BootSequence","floor":3.0},{"not_picked":["Recycle","Storm"],"picked":"Steam","floor":4.0},{"not_picked":["Streamline","Blizzard"],"picked":"Turbo","floor":7.0},{"not_picked":["Rebound","Redo","Undo"],"picked":"SKIP","floor":10.0},{"not_picked":["Force Field","Melter","Blizzard"],"picked":"SKIP","floor":12.0},{"not_picked":["Leap","Rebound"],"picked":"Gash","floor":13.0},{"not_picked":["Amplify","Fission"],"picked":"Echo Form","floor":16.0},{"not_picked":["Loop+1","Streamline","Undo"],"picked":"SKIP","floor":18.0},{"not_picked":["Loop+1","Streamline","Undo"],"picked":"SKIP","floor":18.0},{"not_picked":["Conserve Battery+1","Self Repair"],"picked":"Hologram+1","floor":20.0},{"not_picked":["Fusion+1","Coolheaded"],"picked":"Self Repair+1","floor":21.0},{"not_picked":["Barrage","Go for the Eyes"],"picked":"Gash","floor":25.0},{"not_picked":["Coolheaded","Stack","Redo"],"picked":"SKIP","floor":29.0},{"not_picked":["Barrage+1","Lockon","Tempest"],"picked":"SKIP","floor":31.0},{"not_picked":["Ball Lightning","Gash+1","Rebound+1"],"picked":"SKIP","floor":35.0},{"not_picked":["Beam Cell+1","Genetic Algorithm+1"],"picked":"Gash","floor":38.0},{"not_picked":["HandOfGreed","Blind"],"picked":"Master of Strategy","floor":39.0},{"not_picked":["Streamline+1","Stack"],"picked":"BootSequence","floor":41.0},{"not_picked":["Recycle+1","BootSequence"],"picked":"Go for the Eyes","floor":42.0},{"not_picked":["Hello World","Steam+1","Lockon"],"picked":"SKIP","floor":45.0},{"not_picked":["Hologram","Consume+1","Leap"],"picked":"SKIP","floor":46.0},{"not_picked":["Genetic Algorithm","Streamline+1"],"picked":"BootSequence+1","floor":47.0},{"not_picked":["Fusion+1","Stack+1"],"picked":"Beam Cell+1","floor":48.0},{"not_picked":["Hologram+1","Ball Lightning+1"],"picked":"Gash+1","floor":49.0}],"player_experience":204632,"relics_obtained":[{"floor":9.0,"key":"Kunai"},{"floor":12.0,"key":"Gambling Chip"},{"floor":26.0,"key":"Dream Catcher"},{"floor":43.0,"key":"Oddly Smooth Stone"}],"event_choices":[{"damage_healed":18.0,"max_hp_gain":0.0,"max_hp_loss":0.0,"gold_gain":0.0,"event_name":"Mushrooms","player_choice":"Healed and dodged fight","floor":8.0,"gold_loss":0.0,"damage_taken":0.0,"cards_obtained":["Parasite"]},{"damage_healed":0.0,"max_hp_gain":0.0,"max_hp_loss":0.0,"gold_gain":0.0,"event_name":"Dead Adventurer","player_choice":"Searched \u00270\u0027 times","floor":14.0,"gold_loss":0.0,"damage_taken":0.0},{"cards_removed":["Parasite"],"damage_healed":0.0,"max_hp_gain":0.0,"max_hp_loss":0.0,"gold_gain":0.0,"event_name":"Back to Basics","player_choice":"Elegance","floor":19.0,"gold_loss":0.0,"damage_taken":0.0},{"cards_removed":["Creative AI"],"damage_healed":22.0,"max_hp_gain":10.0,"max_hp_loss":0.0,"gold_gain":0.0,"event_name":"Bonfire Elementals","player_choice":"Offered Rare","floor":27.0,"gold_loss":0.0,"damage_taken":0.0},{"cards_removed":["Gash"],"damage_healed":0.0,"max_hp_gain":0.0,"max_hp_loss":0.0,"gold_gain":0.0,"event_name":"Falling","player_choice":"Removed Attack","floor":36.0,"gold_loss":0.0,"damage_taken":0.0},{"damage_healed":0.0,"max_hp_gain":0.0,"max_hp_loss":0.0,"gold_gain":0.0,"event_name":"SensoryStone","player_choice":"Memory 1","floor":39.0,"gold_loss":0.0,"damage_taken":0.0}],"is_beta":false,"boss_relics":[{"not_picked":["Eternal Feather","Runic Dome"],"picked":"Pandora\u0027s Box"},{"not_picked":["Runic Pyramid","Busted Crown","Fusion Hammer"]}],"items_purged_floors":[5,22,30,37],"is_endless":false,"potions_floor_spawned":[1,7,10,13,20,21,25,31,38,41,45,46],"ascension_level":0}