{"gold_per_floor":[119,135,146,1,13,13,24,24,24,24,44,72,431,447,447,521,521,541,10,10,10,10,10,42,42,65,15,35,48,75,86,86,162,162,181,200,200,210,110,110,143,143,166,166,178,39,39,50,50,50],"floor_reached":51,"playtime":2176,"items_purged":["Strike_R","Strike_R"],"score":1192,"play_id":"58db4c9a-4a90-4fa8-93f4-3f21cd76ac7d","local_time":"20190301235835","is_ascension_mode":true,"campfire_choices":[{"data":"Bash","floor":6.0,"key":"SMITH"},{"data":"Shockwave","floor":8.0,"key":"SMITH"},{"data":"Twin Strike","floor":10.0,"key":"SMITH"},{"data":"True Grit","floor":15,"key":"SMITH"},{"data":"Metallicize","floor":23,"key":"SMITH"},{"floor":25,"key":"REST"},{"floor":32,"key":"REST"},{"data":"Demon Form","floor":40,"key":"SMITH"},{"data":"Bludgeon","floor":42,"key":"SMITH"},{"data":"Battle Trance","floor":44,"key":"SMITH"},{"data":"Reaper","floor":47,"key":"SMITH"},{"data":"Limit Break","floor":49,"key":"SMITH"}],"neow_cost":"NONE","seed_source_timestamp":1275401939996201,"circlet_count":0,"master_deck":["AscendersBane","Strike_R","Strike_R","Defend_R","Defend_R","Defend_R","Bash+1","Headbutt","Twin Strike+1","Shockwave+1","Ghostly Armor","Bludgeon+1","Metallicize+1","True Grit+1","Demon Form+1","Cleave","Battle Trance+1","Immolate","Shrug It Off","Ghostly Armor+1","Shrug It Off+1","Heavy Blade+1","Reaper+1","Limit Break+1"],"special_seed":0,"relics":["Burning Blood","Oddly Smooth Stone","Pear","Bronze Scales","Old Coin","Philosopher\u0027s Stone","Thread and Needle","Orichalcum","MutagenicStrength","Ice Cream","Vajra","Letter Opener","Snecko Eye","Lantern","PreservedInsect","Boot"],"potions_floor_usage":[14,24,30,30],"damage_taken":[{"damage":6.0,"enemies":"Cultist","floor":1.0,"turns":4.0},{"damage":2.0,"enemies":"2 Louse","floor":2.0,"turns":3.0},{"damage":8.0,"enemies":"Jaw Worm","floor":3.0,"turns":4.0},{"damage":2.0,"enemies":"3 Louse","floor":5.0,"turns":4.0},{"damage":28.0,"enemies":"Exordium Thugs","floor":7.0,"turns":7.0},{"damage":0.0,"enemies":"Exordium Wildlife","floor":11.0,"turns":4.0},{"damage":4.0,"enemies":"Gremlin Nob","floor":12.0,"turns":3.0},{"damage":12.0,"enemies":"Lagavulin Event","floor":13.0,"turns":6.0},{"damage":7,"enemies":"Gremlin Gang","floor":14,"turns":4},{"damage":43,"enemies":"Hexaghost","floor":16,"turns":10},{"damage":40,"enemies":"3 Byrds","floor":18,"turns":4},{"damage":30,"enemies":"Book of Stabbing","floor":24,"turns":5},{"damage":0,"enemies":"Shell Parasite","floor":28,"turns":5},{"damage":6,"enemies":"3 Cultists","floor":29,"turns":4},{"damage":13,"enemies":"Slavers","floor":30,"turns":5},{"damage":4,"enemies":"Centurion and Healer","floor":31,"turns":4},{"damage":63,"enemies":"Automaton","floor":33,"turns":10},{"damage":9,"enemies":"3 Darklings","floor":35,"turns":4},{"damage":2,"enemies":"Orb Walker","floor":36,"turns":2},{"damage":0,"enemies":"Sphere and 2 Shapes","floor":38,"turns":4},{"damage":12,"enemies":"Reptomancer","floor":41,"turns":5},{"damage":5,"enemies":"Maw","floor":45,"turns":5},{"damage":8,"enemies":"4 Shapes","floor":48,"turns":1},{"damage":54,"enemies":"Awakened One","floor":50,"turns":6}],"seed_played":"-786975612380879198","potions_obtained":[{"floor":3.0,"key":"Swift Potion"},{"floor":5.0,"key":"Block Potion"},{"floor":13.0,"key":"Fire Potion"},{"floor":16,"key":"Poison Potion"},{"floor":18,"key":"Explosive Potion"},{"floor":28,"key":"Strength Potion"},{"floor":29,"key":"EssenceOfSteel"},{"floor":35,"key":"Explosive Potion"},{"floor":41,"key":"SpeedPotion"}],"is_trial":false,"path_per_floor":["M","M","M","$","M","R","M","R","T","R","M","E","?","M","R","B",null,"M","$","?","?","?","R","E","R","T","$","M","M","E","M","R","B",null,"M","M","?","M","$","R","E","R","T","R","M","$","R","M","R","B",null],"character_chosen":"IRONCLAD","items_purchased":["Oddly Smooth Stone","Thread and Needle","Orichalcum","Swift Potion","Reaper"],"campfire_rested":2,"item_purchase_floors":[4,19,19,27,46],"current_hp_per_floor":[72,76,74,74,78,78,56,56,66,66,72,74,68,67,67,30,75,41,41,41,41,41,41,17,44,44,44,50,50,43,45,72,15,71,68,72,72,78,78,78,72,72,72,72,73,73,73,71,71,23],"gold":50,"neow_bonus":"REMOVE_CARD","is_prod":false,"is_daily":false,"chose_seed":false,"campfire_upgraded":10,"win_rate":0,"timestamp":1551481115,"path_taken":["M","M","M","$","M","R","M","R","T","R","?","E","?","M","R","BOSS","M","$","?","?","?","R","E","R","T","$","M","M","E","?","R","BOSS","M","M","?","?","$","R","E","R","T","R","M","$","R","M","R","BOSS"],"build_version":"2019-01-23","purchased_purges":2,"victory":true,"max_hp_per_floor":[80,80,80,80,80,80,80,80,90,90,90,90,90,90,90,90,90,90,90,90,90,90,90,90,90,90,90,90,90,90,90,90,90,90,90,90,90,90,90,90,90,90,90,90,90,90,90,90,90,90],"card_choices":[{"not_picked":["Shrug It Off","Body Slam"],"picked":"Headbutt","floor":1.0},{"not_picked":["Thunderclap","Anger","Burning Pact"],"picked":"SKIP","floor":2.0},{"not_picked":["Sever Soul","Warcry"],"picked":"Twin Strike","floor":3.0},{"not_picked":["Seeing Red","Body Slam"],"picked":"Shockwave","floor":5.0},{"not_picked":["Reckless Charge","Perfected Strike"],"picked":"Ghostly Armor","floor":7.0},{"not_picked":["Intimidate","Bloodletting"],"picked":"Bludgeon","floor":11.0},{"not_picked":["Anger","Feel No Pain"],"picked":"Metallicize","floor":12.0},{"not_picked":["Perfected Strike","Pummel"],"picked":"True Grit","floor":14},{"not_picked":["Brutality","Juggernaut"],"picked":"Demon Form","floor":16},{"not_picked":["Entrench","Headbutt","Sword Boomerang"],"picked":"SKIP","floor":18},{"not_picked":["Body Slam","Uppercut"],"picked":"Cleave","floor":24},{"not_picked":["Perfected Strike","True Grit"],"picked":"Battle Trance","floor":28},{"not_picked":["Flex","Fire Breathing","Twin Strike"],"picked":"SKIP","floor":29},{"not_picked":["Flex","Rage","Twin Strike"],"picked":"SKIP","floor":30},{"not_picked":["Entrench","Rage","Body Slam"],"picked":"SKIP","floor":31},{"not_picked":["Brutality","Barricade"],"picked":"Immolate","floor":33},{"not_picked":["Clothesline","Shockwave"],"picked":"Shrug It Off","floor":35},{"not_picked":["Warcry","True Grit"],"picked":"Ghostly Armor+1","floor":36},{"not_picked":["Headbutt+1","Twin Strike"],"picked":"Shrug It Off+1","floor":38},{"not_picked":["Barricade","Havoc"],"picked":"Heavy Blade+1","floor":41},{"not_picked":["True Grit","Warcry","Blood for Blood"],"picked":"SKIP","floor":45},{"not_picked":["Warcry+1","Wild Strike"],"picked":"Limit Break","floor":48}],"player_experience":696420,"relics_obtained":[{"floor":9.0,"key":"Pear"},{"floor":12.0,"key":"Bronze Scales"},{"floor":13.0,"key":"Old Coin"},{"floor":24,"key":"Ice Cream"},{"floor":26,"key":"Vajra"},{"floor":30,"key":"Letter Opener"},{"floor":41,"key":"PreservedInsect"},{"floor":43,"key":"Boot"}],"event_choices":[{"damage_healed":0.0,"max_hp_gain":0.0,"max_hp_loss":0.0,"gold_gain":0.0,"event_name":"Dead Adventurer","player_choice":"Searched \u00272\u0027 times","floor":13.0,"gold_loss":0.0,"damage_taken":0.0},{"damage_healed":0,"gold_gain":0,"player_choice":"Ignored","damage_taken":0,"max_hp_gain":0,"max_hp_loss":0,"event_name":"Ghosts","floor":20,"gold_loss":0},{"damage_healed":0,"gold_gain":0,"player_choice":"Inject Mutagens","damage_taken":0,"relics_obtained":["MutagenicStrength"],"max_hp_gain":0,"max_hp_loss":0,"event_name":"Drug Dealer","floor":21,"gold_loss":0},{"cards_removed":["Defend_R"],"damage_healed":0,"gold_gain":0,"player_choice":"Purged","damage_taken":0,"max_hp_gain":0,"max_hp_loss":0,"event_name":"Purifier","floor":22,"gold_loss":0},{"damage_healed":0,"gold_gain":0,"player_choice":"Gave Potion","damage_taken":0,"relics_obtained":["Lantern"],"max_hp_gain":0,"max_hp_loss":0,"event_name":"WeMeetAgain","floor":37,"gold_loss":0}],"is_beta":false,"boss_relics":[{"not_picked":["Runic Cube","Calling Bell"],"picked":"Philosopher\u0027s Stone"},{"not_picked":["Runic Pyramid","Tiny House"],"picked":"Snecko Eye"}],"items_purged_floors":[19,39],"is_endless":false,"potions_floor_spawned":[3,5,13,16,18,28,29,35,41],"ascension_level":13}