{"gold_per_floor":[109,121,121,141,161,161,191,191,262,278,278],"floor_reached":11,"playtime":710,"items_purged":[],"score":109,"play_id":"b91a71f7-b7a5-4a66-bb97-4fb0cc337bfd","local_time":"20181121002844","is_ascension_mode":true,"campfire_choices":[{"floor":6,"key":"REST"},{"floor":8,"key":"REST"}],"neow_cost":"TEN_PERCENT_HP_LOSS","seed_source_timestamp":304732298851692,"circlet_count":0,"master_deck":["Strike_R","Strike_R","Strike_R","Strike_R","Defend_R","Defend_R","Defend_R","Bash","Exhume","Flame Barrier","Armaments","Pommel Strike","Bash","Pommel Strike","Reaper","Feel No Pain"],"relics":["Burning Blood","Dead Branch"],"potions_floor_usage":[],"damage_taken":[{"damage":14,"enemies":"Small Slimes","floor":1,"turns":3},{"damage":6,"enemies":"Cultist","floor":2,"turns":4},{"damage":7,"enemies":"Jaw Worm","floor":4,"turns":3},{"damage":38,"enemies":"Exordium Wildlife","floor":5,"turns":6},{"damage":35,"enemies":"Gremlin Nob","floor":7,"turns":5},{"damage":9,"enemies":"Blue Slaver","floor":10,"turns":4},{"damage":45,"enemies":"Lagavulin","floor":11,"turns":5}],"seed_played":"-9191681277927031579","potions_obtained":[{"floor":1,"key":"Energy Potion"},{"floor":4,"key":"Ancient Potion"}],"is_trial":false,"path_per_floor":["M","M","?","M","M","R","E","R","T","M","E"],"character_chosen":"IRONCLAD","items_purchased":[],"campfire_rested":2,"item_purchase_floors":[],"current_hp_per_floor":[64,64,64,63,31,52,23,44,44,41,0],"gold":278,"neow_bonus":"TRANSFORM_TWO_CARDS","is_prod":false,"is_daily":false,"chose_seed":false,"campfire_upgraded":0,"win_rate":0,"timestamp":1542788924,"path_taken":["M","M","?","M","M","R","E","R","T","?","E"],"build_version":"2018-11-15","purchased_purges":0,"victory":false,"max_hp_per_floor":[72,72,72,72,72,72,72,72,72,72,72],"card_choices":[{"not_picked":["Whirlwind","Warcry"],"picked":"Armaments","floor":1},{"not_picked":["Heavy Blade","Body Slam"],"picked":"Pommel Strike","floor":2},{"not_picked":["Combust","Body Slam","Evolve"],"picked":"SKIP","floor":4},{"not_picked":["Feel No Pain","Clash"],"picked":"Pommel Strike","floor":5},{"not_picked":["Intimidate","True Grit"],"picked":"Reaper","floor":7},{"not_picked":["Heavy Blade","Clash"],"picked":"Feel No Pain","floor":10}],"player_experience":310345,"relics_obtained":[{"floor":7,"key":"Dead Branch"}],"event_choices":[{"damage_healed":0,"gold_gain":0,"player_choice":"1 cards matched","damage_taken":0,"max_hp_gain":0,"max_hp_loss":0,"event_name":"Match and Keep!","floor":3,"gold_loss":0,"cards_obtained":["Bash"]},{"damage_healed":0,"gold_gain":0,"player_choice":"1 cards matched","damage_taken":0,"max_hp_gain":0,"max_hp_loss":0,"event_name":"Match and Keep!","floor":3,"gold_loss":0,"cards_obtained":["Bash"]},{"damage_healed":0,"gold_gain":0,"player_choice":"1 cards matched","damage_taken":0,"max_hp_gain":0,"max_hp_loss":0,"event_name":"Match and Keep!","floor":3,"gold_loss":0,"cards_obtained":["Bash"]}],"is_beta":false,"boss_relics":[],"items_purged_floors":[],"is_endless":false,"potions_floor_spawned":[1,4],"killed_by":"Lagavulin","ascension_level":9}