{"gold_per_floor":[114,39,39,50,50,50,67,80,80,80,109,123,23,42,42,146,146,163,147,1,20,20,20,20,38,87,116,116,126,126,174,174,174],"floor_reached":33,"playtime":2194,"items_purged":["Strike_R","Strike_R"],"score":292,"play_id":"f53acf48-349c-4cd7-8794-e1341c69b4aa","local_time":"20190214233840","is_ascension_mode":false,"campfire_choices":[{"data":"Body Slam","floor":6,"key":"SMITH"},{"data":"Metallicize","floor":15,"key":"SMITH"},{"data":"Battle Trance","floor":23,"key":"SMITH"},{"data":"Defend_R","floor":30,"key":"SMITH"},{"data":"Defend_R","floor":32,"key":"SMITH"}],"neow_cost":"NONE","seed_source_timestamp":139618086991026,"circlet_count":0,"master_deck":["Strike_R","Strike_R","Strike_R","Defend_R+1","Defend_R+1","Defend_R","Defend_R","Entrench+1","Body Slam+1","Battle Trance+1","Metallicize+1"],"relics":["Burning Blood","Pantograph","Pear","Coffee Dripper","Bronze Scales","Blood Vial","MutagenicStrength","Art of War"],"potions_floor_usage":[11,11,16,16,18,21,33],"damage_taken":[{"damage":6,"enemies":"Jaw Worm","floor":1,"turns":5},{"damage":0,"enemies":"Small Slimes","floor":4,"turns":3},{"damage":5,"enemies":"2 Louse","floor":7,"turns":2},{"damage":3,"enemies":"Red Slaver","floor":8,"turns":5},{"damage":21,"enemies":"3 Sentries","floor":11,"turns":12},{"damage":0,"enemies":"Looter","floor":12,"turns":3},{"damage":0,"enemies":"3 Louse","floor":14,"turns":6},{"damage":96,"enemies":"Slime Boss","floor":16,"turns":24},{"damage":44,"enemies":"Chosen","floor":18,"turns":10},{"damage":0,"enemies":"2 Thieves","floor":19,"turns":4},{"damage":12,"enemies":"Snake Plant","floor":21,"turns":5},{"damage":14,"enemies":"Centurion and Healer","floor":25,"turns":8},{"damage":71,"enemies":"Gremlin Leader","floor":27,"turns":10},{"damage":4,"enemies":"Shelled Parasite and Fungi","floor":29,"turns":6},{"damage":67,"enemies":"Champ","floor":33,"turns":14}],"seed_played":"-1704988987669418104","potions_obtained":[{"floor":1,"key":"Poison Potion"},{"floor":7,"key":"PowerPotion"},{"floor":8,"key":"Explosive Potion"},{"floor":12,"key":"Block Potion"},{"floor":18,"key":"Fruit Juice"},{"floor":19,"key":"BloodPotion"},{"floor":27,"key":"PowerPotion"}],"is_trial":false,"path_per_floor":["?","?","?","?","?","?","T"],"character_chosen":"IRONCLAD","items_purchased":["Bronze Scales"],"campfire_rested":0,"item_purchase_floors":[20],"current_hp_per_floor":[88,88,88,88,81,81,82,85,85,85,80,86,86,92,92,8,98,65,71,71,75,103,103,103,95,95,30,30,34,34,34,34,0],"gold":174,"neow_bonus":"TEN_PERCENT_HP_BONUS","is_prod":false,"is_daily":false,"chose_seed":false,"campfire_upgraded":5,"win_rate":0,"timestamp":1550183920,"path_taken":["M","$","?","M","?","R","M","M","T","?","E","M","$","M","R","BOSS","M","M","$","M","?","R","?","M","T","E","?","M","R","?","R","BOSS"],"build_version":"2019-01-23","purchased_purges":2,"victory":false,"max_hp_per_floor":[88,88,88,88,88,88,88,88,88,88,98,98,98,98,98,98,98,103,103,103,103,103,103,103,103,103,103,103,103,103,103,103,103],"card_choices":[{"not_picked":["Cleave","Uppercut"],"picked":"Entrench","floor":1},{"not_picked":["Cleave","Rage"],"picked":"Body Slam","floor":4},{"not_picked":["Perfected Strike","Wild Strike","Clash"],"picked":"SKIP","floor":7},{"not_picked":["Sever Soul","Reaper"],"picked":"Battle Trance","floor":8},{"not_picked":["Thunderclap","Heavy Blade","Inflame"],"picked":"SKIP","floor":11},{"not_picked":["Feel No Pain","Clash"],"picked":"Metallicize","floor":12},{"not_picked":["Rampage","Anger","Twin Strike"],"picked":"SKIP","floor":14},{"not_picked":["Uppercut","Perfected Strike","Headbutt"],"picked":"SKIP","floor":18},{"not_picked":["Carnage","Sever Soul","Perfected Strike"],"picked":"SKIP","floor":19},{"not_picked":["Armaments","Rupture","Feel No Pain"],"picked":"SKIP","floor":21},{"not_picked":["Twin Strike","Sword Boomerang","Anger"],"picked":"SKIP","floor":25},{"not_picked":["Havoc+1","Flame Barrier","Headbutt+1"],"picked":"SKIP","floor":27},{"not_picked":["True Grit","Sentinel","Flex"],"picked":"SKIP","floor":29}],"player_experience":193548,"relics_obtained":[{"floor":9,"key":"Pantograph"},{"floor":11,"key":"Pear"},{"floor":27,"key":"Blood Vial"},{"floor":31,"key":"Art of War"}],"event_choices":[{"damage_healed":0,"gold_gain":0,"player_choice":"Ignored","damage_taken":0,"max_hp_gain":0,"max_hp_loss":0,"event_name":"Liars Game","floor":3,"gold_loss":0},{"cards_removed":["Bash"],"damage_healed":0,"gold_gain":0,"player_choice":"Card Removal","damage_taken":7,"max_hp_gain":0,"max_hp_loss":0,"event_name":"Golden Wing","floor":5,"gold_loss":0},{"damage_healed":0,"gold_gain":0,"player_choice":"Forge","damage_taken":0,"max_hp_gain":0,"max_hp_loss":0,"event_name":"Accursed Blacksmith","floor":10,"gold_loss":0,"cards_upgraded":["Entrench"]},{"damage_healed":34,"gold_gain":0,"player_choice":"Heal","damage_taken":0,"max_hp_gain":0,"max_hp_loss":0,"event_name":"The Library","floor":22,"gold_loss":0},{"damage_healed":0,"gold_gain":0,"player_choice":"Ignored","damage_taken":0,"max_hp_gain":0,"max_hp_loss":0,"event_name":"Beggar","floor":24,"gold_loss":0},{"damage_healed":0,"gold_gain":0,"player_choice":"Inject Mutagens","damage_taken":0,"relics_obtained":["MutagenicStrength"],"max_hp_gain":0,"max_hp_loss":0,"event_name":"Drug Dealer","floor":28,"gold_loss":0}],"is_beta":false,"boss_relics":[{"not_picked":["Black Blood","Sozu"],"picked":"Coffee Dripper"}],"items_purged_floors":[2,13],"is_endless":false,"potions_floor_spawned":[1,7,8,12,18,19,27],"killed_by":"Champ","ascension_level":0}