{"gold_per_floor":[114,39,39,39,53,88,88,123,123,123,123,142,165,186,186,186],"floor_reached":16,"playtime":503,"items_purged":["Strike_R"],"score":176,"play_id":"688208b0-49f5-474f-aac9-71ffb4b9623a","local_time":"20190225231632","is_ascension_mode":true,"campfire_choices":[{"data":"Entrench","floor":7,"key":"SMITH"},{"floor":15,"key":"REST"}],"neow_cost":"NONE","seed_source_timestamp":883705344099762,"circlet_count":0,"master_deck":["Strike_R","Strike_R","Strike_R","Strike_R","Defend_R","Defend_R","Defend_R","Defend_R","Bash","Entrench+1","Shrug It Off"],"relics":["Burning Blood","NeowsBlessing","Golden Idol","Bottled Lightning","PreservedInsect","Meat on the Bone","Boot"],"potions_floor_usage":[8],"damage_taken":[{"damage":0,"enemies":"Jaw Worm","floor":1,"turns":1},{"damage":0,"enemies":"2 Louse","floor":5,"turns":1},{"damage":0,"enemies":"Lagavulin","floor":6,"turns":2},{"damage":32,"enemies":"Gremlin Nob","floor":8,"turns":4},{"damage":0,"enemies":"Small Slimes","floor":12,"turns":7},{"damage":15,"enemies":"Exordium Wildlife","floor":13,"turns":9},{"damage":46,"enemies":"Gremlin Gang","floor":14,"turns":11},{"damage":0,"enemies":"Hexaghost","floor":16,"turns":2}],"seed_played":"5014108330842741418","potions_obtained":[{"floor":1,"key":"LiquidBronze"}],"is_trial":false,"path_per_floor":["?","?","?","M"],"character_chosen":"IRONCLAD","items_purchased":[],"campfire_rested":1,"item_purchase_floors":[],"current_hp_per_floor":[78,78,74,74,74,74,74,48,48,41,41,47,50,22,44,44],"gold":186,"neow_bonus":"THREE_ENEMY_KILL","is_prod":false,"is_daily":false,"chose_seed":false,"campfire_upgraded":1,"win_rate":0,"timestamp":1551132992,"path_taken":["M","$","?","$","M","E","R","E","T","?","?","M","?","M","R","BOSS"],"build_version":"2019-01-23","purchased_purges":1,"victory":false,"max_hp_per_floor":[80,80,74,74,74,74,74,74,74,74,74,74,74,74,74,74],"card_choices":[{"not_picked":["Dropkick","Blood for Blood","Sword Boomerang"],"picked":"SKIP","floor":1},{"not_picked":["Clash","Dual Wield"],"picked":"Entrench","floor":5},{"not_picked":["Disarm","Warcry"],"picked":"Shrug It Off","floor":6},{"not_picked":["Whirlwind","Thunderclap","Blood for Blood"],"picked":"SKIP","floor":8},{"not_picked":["Twin Strike","Anger","Iron Wave"],"picked":"SKIP","floor":12},{"not_picked":["Spot Weakness","Whirlwind","Sword Boomerang"],"picked":"SKIP","floor":13},{"not_picked":["Dropkick","Feed","Twin Strike"],"picked":"SKIP","floor":14}],"player_experience":225255,"relics_obtained":[{"floor":6,"key":"Bottled Lightning"},{"floor":8,"key":"PreservedInsect"},{"floor":9,"key":"Meat on the Bone"}],"event_choices":[{"damage_healed":0,"gold_gain":0,"player_choice":"Lose Max HP","damage_taken":0,"relics_obtained":["Golden Idol"],"max_hp_gain":0,"max_hp_loss":6,"event_name":"Golden Idol","floor":3,"gold_loss":0},{"damage_healed":0,"gold_gain":0,"player_choice":"Success","damage_taken":7,"relics_obtained":["Boot"],"max_hp_gain":0,"max_hp_loss":0,"event_name":"Scrap Ooze","floor":10,"gold_loss":0},{"damage_healed":0,"gold_gain":0,"player_choice":"Searched \u00270\u0027 times","damage_taken":0,"max_hp_gain":0,"max_hp_loss":0,"event_name":"Dead Adventurer","floor":11,"gold_loss":0}],"is_beta":false,"boss_relics":[],"items_purged_floors":[2],"is_endless":false,"potions_floor_spawned":[1],"killed_by":"Hexaghost","ascension_level":6}