{"gold_per_floor":[114,134,144,160,171,171,171,171,171,184,217,167,186,200,200,303,303,319,319,154,154,167,167,167],"floor_reached":24,"playtime":2443,"items_purged":[],"score":200,"play_id":"f07d54f3-c11a-4878-ab3f-9445c5e25938","local_time":"20190204193400","is_ascension_mode":false,"campfire_choices":[{"data":"Loop","floor":6,"key":"SMITH"},{"data":"Sunder","floor":8,"key":"SMITH"},{"floor":15,"key":"DIG"},{"floor":23,"key":"DIG"}],"neow_cost":"NONE","seed_source_timestamp":285636566845499,"circlet_count":0,"master_deck":["Zap","Dualcast","Impatience","Loop+1","Cold Snap","Sunder+1","Rebound","Beam Cell","Electrodynamics","Rebound","Hologram","Biased Cognition","Barrage","Consume","FTL","Sweeping Beam","All For One","Meteor Strike","Buffer","Undo","Chrysalis","Go for the Eyes+1"],"relics":["Cracked Core","Torii","Shovel","Bottled Tornado","Thread and Needle","Pandora\u0027s Box","Enchiridion","Girya"],"potions_floor_usage":[5,16],"damage_taken":[{"damage":0,"enemies":"Cultist","floor":1,"turns":3},{"damage":3,"enemies":"Jaw Worm","floor":2,"turns":3},{"damage":0,"enemies":"Small Slimes","floor":3,"turns":3},{"damage":0,"enemies":"Exordium Wildlife","floor":4,"turns":3},{"damage":3,"enemies":"Large Slime","floor":5,"turns":4},{"damage":3,"enemies":"Lots of Slimes","floor":10,"turns":2},{"damage":1,"enemies":"Gremlin Nob","floor":11,"turns":3},{"damage":0,"enemies":"2 Fungi Beasts","floor":13,"turns":2},{"damage":1,"enemies":"3 Louse","floor":14,"turns":3},{"damage":15,"enemies":"The Guardian","floor":16,"turns":11},{"damage":0,"enemies":"Spheric Guardian","floor":18,"turns":3},{"damage":2,"enemies":"Chosen","floor":22,"turns":3},{"damage":0,"enemies":"Gremlin Leader","floor":24,"turns":2}],"seed_played":"-2537046779789359067","potions_obtained":[{"floor":2,"key":"LiquidBronze"},{"floor":5,"key":"Swift Potion"},{"floor":10,"key":"Block Potion"},{"floor":11,"key":"Explosive Potion"},{"floor":18,"key":"Strength Potion"}],"is_trial":false,"path_per_floor":["M","M","M","M","M","R","T","R","T","M","E","?","M","M","R","B",null,"M","?","$","?","M","R","E"],"character_chosen":"DEFECT","items_purchased":["Chrysalis"],"campfire_rested":0,"item_purchase_floors":[20],"current_hp_per_floor":[75,72,72,72,69,69,69,69,69,66,65,65,65,64,64,49,75,75,75,75,59,57,57,57],"gold":167,"neow_bonus":"RANDOM_COLORLESS","is_prod":false,"is_daily":false,"chose_seed":false,"campfire_upgraded":2,"win_rate":0.0,"timestamp":1549305240,"path_taken":["M","M","M","M","?","R","?","R","T","M","E","?","M","M","R","BOSS","M","?","$","?","M","R","E"],"build_version":"2019-01-23","purchased_purges":0,"victory":false,"max_hp_per_floor":[75,75,75,75,75,75,75,75,75,75,75,75,75,75,75,75,75,75,75,75,75,75,75,75],"card_choices":[{"not_picked":["Scrape","Coolheaded"],"picked":"Loop","floor":1},{"not_picked":["Ball Lightning","FTL"],"picked":"Cold Snap","floor":2},{"not_picked":["Go for the Eyes","Undo"],"picked":"Sunder","floor":3},{"not_picked":["Tempest","Compile Driver"],"picked":"Barrage","floor":4},{"not_picked":["Leap","Consume"],"picked":"Rebound","floor":5},{"not_picked":["Leap","Go for the Eyes"],"picked":"Beam Cell","floor":10},{"not_picked":["Turbo","Conserve Battery"],"picked":"Electrodynamics","floor":11},{"not_picked":["Barrage","Stack"],"picked":"Rebound","floor":13},{"not_picked":["Compile Driver","Ball Lightning"],"picked":"Hologram","floor":14},{"not_picked":["Machine Learning","Multi-Cast"],"picked":"Biased Cognition","floor":16},{"not_picked":["Genetic Algorithm","Steam"],"picked":"Undo","floor":18},{"not_picked":["Rebound","Cold Snap+1"],"picked":"Go for the Eyes+1","floor":22}],"player_experience":122989,"relics_obtained":[{"floor":7,"key":"Torii"},{"floor":9,"key":"Shovel"},{"floor":11,"key":"Bottled Tornado"},{"floor":15,"key":"Thread and Needle"},{"floor":21,"key":"Enchiridion"},{"floor":23,"key":"Girya"}],"event_choices":[{"cards_removed":["Strike_B"],"damage_healed":0,"gold_gain":0,"player_choice":"Card Removal","damage_taken":0,"max_hp_gain":0,"max_hp_loss":0,"event_name":"The Cleric","floor":12,"gold_loss":50},{"cards_removed":["Barrage"],"damage_healed":0,"gold_gain":0,"player_choice":"Elegance","damage_taken":0,"max_hp_gain":0,"max_hp_loss":0,"event_name":"Back to Basics","floor":19,"gold_loss":0},{"damage_healed":0,"gold_gain":0,"player_choice":"Obtained Book","damage_taken":16,"max_hp_gain":0,"max_hp_loss":0,"event_name":"Cursed Tome","floor":21,"gold_loss":0}],"is_beta":false,"boss_relics":[{"not_picked":["Fusion Hammer","White Beast Statue"],"picked":"Pandora\u0027s Box"}],"items_purged_floors":[],"is_endless":false,"potions_floor_spawned":[2,5,10,11,13,18],"killed_by":"Gremlin Leader","ascension_level":0}