{"gold_per_floor":[117,130,147,72,88,88,88,99,146,146,159,189,207,225,225,321,321,338,338,348,29,29,29,29,29,29,40,57,73,88,100,100,205,205,220,131,147,159,175,175,175,200,200,211,211,227,227,227,227,227],"floor_reached":51,"playtime":4379,"items_purged":["Strike_B","Strike_B+1"],"score":712,"play_id":"8c0bef35-0c2f-441d-819a-5ace50ae4914","local_time":"20190204223515","is_ascension_mode":false,"campfire_choices":[{"data":"Dualcast","floor":6.0,"key":"SMITH"},{"data":"Double Energy","floor":10.0,"key":"SMITH"},{"data":"Streamline","floor":15.0,"key":"SMITH"},{"data":"Scrape","floor":23.0,"key":"SMITH"},{"data":"Echo Form","floor":25.0,"key":"SMITH"},{"floor":32.0,"key":"REST"},{"data":"FTL","floor":40.0,"key":"SMITH"},{"data":"Machine Learning","floor":45.0,"key":"SMITH"},{"data":"Scrape","floor":47.0,"key":"SMITH"},{"data":"Chrysalis","floor":49.0,"key":"SMITH"}],"neow_cost":"NONE","seed_source_timestamp":0,"circlet_count":0,"master_deck":["Strike_B+1","Strike_B+1","Defend_B+1","Defend_B+1","Defend_B+1","Defend_B+1","Zap+1","Dualcast+1","FTL","Gash","Leap","FTL","Double Energy+1","Gash","Streamline+1","Echo Form+1","Scrape+1","FTL","Beam Cell+1","All For One","Beam Cell+1","FTL+1","All For One","Scrape+1","Writhe","Machine Learning+1","Chrysalis+1"],"special_seed":0,"relics":["Cracked Core","Dream Catcher","Pantograph","Eternal Feather","Membership Card","Shuriken","Matryoshka","Lizard Tail","Centennial Puzzle","Orichalcum","Pear"],"potions_floor_usage":[50,50,50],"damage_taken":[{"damage":2.0,"enemies":"Small Slimes","floor":1.0,"turns":3.0},{"damage":1.0,"enemies":"Jaw Worm","floor":2.0,"turns":2.0},{"damage":1.0,"enemies":"2 Louse","floor":3.0,"turns":2.0},{"damage":0.0,"enemies":"Red Slaver","floor":5.0,"turns":3.0},{"damage":1.0,"enemies":"Large Slime","floor":8.0,"turns":5.0},{"damage":2.0,"enemies":"Exordium Thugs","floor":11.0,"turns":4.0},{"damage":13.0,"enemies":"3 Sentries","floor":12.0,"turns":7.0},{"damage":0.0,"enemies":"2 Fungi Beasts","floor":13.0,"turns":3.0},{"damage":13.0,"enemies":"Large Slime","floor":14.0,"turns":5.0},{"damage":41.0,"enemies":"The Guardian","floor":16.0,"turns":11.0},{"damage":19.0,"enemies":"Shell Parasite","floor":18.0,"turns":4.0},{"damage":8.0,"enemies":"Spheric Guardian","floor":20.0,"turns":4.0},{"damage":2.0,"enemies":"Chosen and Byrds","floor":27.0,"turns":4.0},{"damage":34.0,"enemies":"Shelled Parasite and Fungi","floor":28.0,"turns":4.0},{"damage":15.0,"enemies":"3 Cultists","floor":29.0,"turns":5.0},{"damage":13.0,"enemies":"Snake Plant","floor":30.0,"turns":3.0},{"damage":12.0,"enemies":"Centurion and Healer","floor":31.0,"turns":3.0},{"damage":34.0,"enemies":"Champ","floor":33.0,"turns":6.0},{"damage":24.0,"enemies":"3 Shapes","floor":35.0,"turns":3.0},{"damage":0.0,"enemies":"Orb Walker","floor":37.0,"turns":2.0},{"damage":12.0,"enemies":"3 Darklings","floor":38.0,"turns":4.0},{"damage":0.0,"enemies":"Transient","floor":39.0,"turns":5.0},{"damage":33.0,"enemies":"Reptomancer","floor":42.0,"turns":5.0},{"damage":5.0,"enemies":"Jaw Worm Horde","floor":44.0,"turns":3.0},{"damage":15.0,"enemies":"Writhing Mass","floor":46.0,"turns":4.0},{"damage":98,"enemies":"Time Eater","floor":50,"turns":7}],"seed_played":"8088976532193671044","potions_obtained":[{"floor":3.0,"key":"Energy Potion"},{"floor":5.0,"key":"Block Potion"},{"floor":8.0,"key":"Weak Potion"},{"floor":13.0,"key":"Ancient Potion"},{"floor":14.0,"key":"Weak Potion"},{"floor":27.0,"key":"Block Potion"},{"floor":29.0,"key":"Regen Potion"},{"floor":33.0,"key":"AttackPotion"},{"floor":35.0,"key":"Regen Potion"},{"floor":38.0,"key":"Weak Potion"},{"floor":46.0,"key":"Poison Potion"}],"is_trial":false,"path_per_floor":["?","?","?","M","?","?"],"character_chosen":"DEFECT","items_purchased":["Membership Card","Shuriken","Scrape"],"campfire_rested":1,"item_purchase_floors":[21,21,36],"current_hp_per_floor":[73,72,71,71,71,71,71,70,70,70,68,55,55,42,42,26,75,56,42,34,34,60,69,69,78,78,76,42,27,23,11,47,38,80,56,56,56,44,44,56,76,43,53,48,63,48,63,63,78,6],"gold":227,"neow_bonus":"UPGRADE_CARD","is_prod":false,"is_daily":false,"chose_seed":false,"campfire_upgraded":9,"win_rate":0.0,"timestamp":1549316115,"path_taken":["M","M","M","$","M","R","$","M","T","R","M","E","M","M","R","BOSS","M","?","M","$","?","R","?","R","T","?","M","M","M","M","R","BOSS","M","$","M","M","M","R","?","E","T","M","R","M","R","?","R","BOSS"],"build_version":"2019-01-23","purchased_purges":2,"victory":true,"max_hp_per_floor":[75,75,75,75,75,75,75,75,75,75,75,75,75,75,75,75,75,75,80,80,80,80,80,80,80,80,80,80,80,80,80,80,80,80,80,80,80,80,80,80,80,80,90,90,90,90,90,90,90,90],"card_choices":[{"not_picked":["Steam","Sweeping Beam"],"picked":"FTL","floor":1.0},{"not_picked":["Redo","Beam Cell"],"picked":"Gash","floor":2.0},{"not_picked":["Fusion","Coolheaded"],"picked":"Leap","floor":3.0},{"not_picked":["Heatsinks","Turbo"],"picked":"FTL","floor":5.0},{"not_picked":["Go for the Eyes","Heatsinks"],"picked":"Double Energy","floor":8.0},{"not_picked":["Sunder","Coolheaded","Fusion"],"picked":"SKIP","floor":11.0},{"not_picked":["Sunder","Coolheaded","Fusion"],"picked":"SKIP","floor":11.0},{"not_picked":["Redo","Tempest"],"picked":"Gash","floor":12.0},{"not_picked":["Creative AI","Capacitor","Force Field"],"picked":"SKIP","floor":13.0},{"not_picked":["Auto Shields","Sweeping Beam"],"picked":"Streamline","floor":14.0},{"not_picked":["Seek","Creative AI"],"picked":"Echo Form","floor":16.0},{"not_picked":["Stack","Loop"],"picked":"Scrape","floor":18.0},{"not_picked":["Coolheaded+1","Stack"],"picked":"FTL","floor":20.0},{"not_picked":["Barrage","Ball Lightning","Go for the Eyes"],"picked":"SKIP","floor":27.0},{"not_picked":["Storm","Melter"],"picked":"Beam Cell+1","floor":28.0},{"not_picked":["Doom and Gloom+1","Aggregate"],"picked":"All For One","floor":29.0},{"not_picked":["Go for the Eyes+1","Heatsinks"],"picked":"Beam Cell+1","floor":30.0},{"not_picked":["Go for the Eyes","Hello World","Stack"],"picked":"SKIP","floor":31.0},{"not_picked":["Beam Cell","Coolheaded"],"picked":"FTL","floor":32.0},{"not_picked":["Fission","Machine Learning"],"picked":"All For One","floor":33.0},{"not_picked":["Conserve Battery","Steam+1","Ball Lightning+1"],"picked":"SKIP","floor":35.0},{"not_picked":["Rebound+1","Stack","Hello World+1"],"picked":"SKIP","floor":37.0},{"not_picked":["Barrage","Streamline+1","Compile Driver"],"picked":"SKIP","floor":38.0},{"not_picked":["Ball Lightning","Rebound+1","Auto Shields"],"picked":"SKIP","floor":39.0},{"not_picked":["Turbo","Barrage"],"picked":"Machine Learning","floor":42.0},{"not_picked":["White Noise","Leap","Barrage+1"],"picked":"SKIP","floor":44.0},{"not_picked":["Sweeping Beam+1","Reinforced Body+1","Barrage+1"],"picked":"SKIP","floor":46.0},{"not_picked":["Magnetism","Secret Technique"],"picked":"Chrysalis","floor":48.0}],"player_experience":113965,"relics_obtained":[{"floor":9.0,"key":"Dream Catcher"},{"floor":12.0,"key":"Pantograph"},{"floor":26.0,"key":"Matryoshka"},{"floor":42.0,"key":"Centennial Puzzle"},{"floor":43.0,"key":"Orichalcum"},{"floor":43.0,"key":"Pear"}],"event_choices":[{"damage_healed":0.0,"max_hp_gain":5.0,"max_hp_loss":0.0,"gold_gain":0.0,"event_name":"Forgotten Altar","player_choice":"Shed Blood","floor":19.0,"gold_loss":0.0,"damage_taken":19.0},{"damage_healed":26.0,"max_hp_gain":0.0,"max_hp_loss":0.0,"gold_gain":0.0,"event_name":"The Library","player_choice":"Heal","floor":22.0,"gold_loss":0.0,"damage_taken":0.0},{"damage_healed":0.0,"max_hp_gain":0.0,"max_hp_loss":0.0,"gold_gain":0.0,"event_name":"Back to Basics","player_choice":"Simplicity","floor":24.0,"gold_loss":0.0,"damage_taken":0.0,"cards_upgraded":["Strike_B","Strike_B","Strike_B","Defend_B","Defend_B","Defend_B","Defend_B"]},{"damage_healed":20.0,"max_hp_gain":0.0,"max_hp_loss":0.0,"gold_gain":0.0,"event_name":"Winding Halls","player_choice":"Writhe","floor":41.0,"gold_loss":0.0,"damage_taken":0.0,"cards_obtained":["Writhe"]},{"damage_healed":0.0,"max_hp_gain":0.0,"max_hp_loss":0.0,"gold_gain":0.0,"event_name":"SensoryStone","player_choice":"Memory 1","floor":48.0,"gold_loss":0.0,"damage_taken":0.0}],"is_beta":false,"boss_relics":[{"not_picked":["Busted Crown","Orrery"],"picked":"Eternal Feather"},{"not_picked":["Cursed Key","Empty Cage"],"picked":"Lizard Tail"}],"items_purged_floors":[4,36],"is_endless":false,"potions_floor_spawned":[3,5,8,13,14,27,29,33,35,38,46],"ascension_level":0}