{"gold_per_floor":[116,116,140,69,69,107,107,107,132,152,65,240,86,107,107,107],"floor_reached":16,"playtime":730,"items_purged":["Strike_G","Regret"],"score":154,"play_id":"c819de68-5338-4a62-8fe2-560a39e9775f","local_time":"20180927130758","is_ascension_mode":true,"campfire_choices":[{"data":"Phantasmal Killer","floor":8,"key":"SMITH"},{"floor":15,"key":"REST"}],"neow_cost":"NONE","seed_source_timestamp":797434870239388,"circlet_count":0,"master_deck":["Defend_G","Defend_G","Defend_G","Defend_G","Defend_G","Strike_G","Strike_G","Strike_G","Survivor","Neutralize","Flying Knee","Leg Sweep","Phantasmal Killer+1","Blur","Quick Slash","Dash","Doubt","PiercingWail","Dodge and Roll","Footwork"],"relics":["Ring of the Snake","NeowsBlessing","Golden Idol","WingedGreaves","Boot","Smiling Mask"],"potions_floor_usage":[16],"damage_taken":[{"damage":0,"enemies":"Cultist","floor":1,"turns":1},{"damage":0,"enemies":"Small Slimes","floor":3,"turns":1},{"damage":0,"enemies":"Lagavulin","floor":6,"turns":1},{"damage":5,"enemies":"2 Louse","floor":10,"turns":3},{"damage":24,"enemies":"Exordium Thugs","floor":14,"turns":11},{"damage":41,"enemies":"Hexaghost","floor":16,"turns":16}],"seed_played":"-5600064329921057810","potions_obtained":[{"floor":14,"key":"AttackPotion"}],"is_trial":false,"path_per_floor":["M","?","M","$","?","E","?","R","T","M","$","?","$","M","R"],"character_chosen":"THE_SILENT","items_purchased":["Phantasmal Killer","Dash","PiercingWail","Dodge and Roll"],"campfire_rested":1,"item_purchase_floors":[4,11,13,13],"current_hp_per_floor":[70,53,53,53,46,46,46,46,46,41,41,41,41,17,38,0],"gold":107,"neow_bonus":"THREE_ENEMY_KILL","is_prod":false,"is_daily":false,"chose_seed":false,"campfire_upgraded":1,"win_rate":0,"timestamp":1538028478,"path_taken":["M","?","M","?","?","E","?","R","T","?","$","?","$","?","R","BOSS"],"build_version":"2018-09-20","purchased_purges":2,"victory":false,"max_hp_per_floor":[70,70,70,70,70,70,70,70,70,70,70,70,70,70,70,70],"card_choices":[{"not_picked":["Outmaneuver","PiercingWail"],"picked":"Flying Knee","floor":1},{"not_picked":["Well Laid Plans","Dagger Throw"],"picked":"Leg Sweep","floor":3},{"not_picked":["Underhanded Strike","Outmaneuver"],"picked":"Blur","floor":6},{"not_picked":["Deadly Poison","Infinite Blades"],"picked":"Quick Slash","floor":10},{"not_picked":["Flechettes","Setup"],"picked":"Footwork","floor":14}],"player_experience":209834,"relics_obtained":[{"floor":6,"key":"WingedGreaves"},{"floor":9,"key":"Smiling Mask"}],"event_choices":[{"event_name":"Golden Idol","player_choice":"Take Damage","floor":2,"damage_taken":0},{"event_name":"Golden Wing","player_choice":"Card Removal","floor":5,"damage_taken":0},{"event_name":"Big Fish","player_choice":"Box","floor":7,"damage_taken":0},{"event_name":"Liars Game","player_choice":"agreed","floor":12,"damage_taken":0}],"is_beta":false,"boss_relics":[],"items_purged_floors":[11,13],"is_endless":false,"potions_floor_spawned":[14],"killed_by":"Hexaghost","ascension_level":5}