{"gold_per_floor":[112,33,43,54,132,132,160,160,160,173,204,223,241,253,253,355,355,375,250,269,184,136,136,153,153,231,250,250,250,269,283,283,388,388,407,407,427,427,137,165,165,165,165,177,177,52,52,72,72,72],"floor_reached":51,"playtime":3189,"items_purged":["Strike_B","Zap+1","Self Repair"],"score":920,"play_id":"afaf0e10-8ffc-4754-b6ac-2f06bb3fbdf5","local_time":"20190301224349","is_ascension_mode":true,"campfire_choices":[{"data":"Sunder","floor":6.0,"key":"SMITH"},{"data":"Conserve Battery","floor":8.0,"key":"SMITH"},{"data":"Leap","floor":15.0,"key":"SMITH"},{"data":"Echo Form","floor":23.0,"key":"SMITH"},{"data":"Coolheaded","floor":25.0,"key":"SMITH"},{"data":"Reinforced Body","floor":28.0,"key":"SMITH"},{"floor":32.0,"key":"REST"},{"floor":41.0,"key":"REST"},{"floor":45.0,"key":"REST"},{"floor":49.0,"key":"REST"}],"neow_cost":"NONE","seed_source_timestamp":0,"circlet_count":0,"master_deck":["Strike_B","Defend_B","Defend_B+1","Defend_B","Defend_B","Dualcast","Leap","Sunder+1","Cold Snap","Conserve Battery+1","Melter+1","Rebound+1","Leap+1","Beam Cell+1","Echo Form+1","Barrage+1","Reinforced Body+1","Coolheaded+1","Go for the Eyes+1","Coolheaded","Sweeping Beam+1","Core Surge+1","Echo Form+1","BootSequence+1"],"special_seed":0,"relics":["FrozenCore","Molten Egg 2","DataDisk","StoneCalendar","Velvet Choker","War Paint","Singing Bowl","Oddly Smooth Stone","Toxic Egg 2","Gremlin Horn"],"potions_floor_usage":[50,50,50],"damage_taken":[{"damage":4.0,"enemies":"Small Slimes","floor":1.0,"turns":3.0},{"damage":0.0,"enemies":"2 Louse","floor":3.0,"turns":1.0},{"damage":2.0,"enemies":"Jaw Worm","floor":4.0,"turns":3.0},{"damage":1.0,"enemies":"3 Sentries","floor":7.0,"turns":4.0},{"damage":0.0,"enemies":"Large Slime","floor":10.0,"turns":6.0},{"damage":14.0,"enemies":"Lagavulin","floor":11.0,"turns":7.0},{"damage":0.0,"enemies":"Exordium Wildlife","floor":12.0,"turns":4.0},{"damage":7.0,"enemies":"2 Fungi Beasts","floor":13.0,"turns":3.0},{"damage":0.0,"enemies":"3 Louse","floor":14.0,"turns":3.0},{"damage":13.0,"enemies":"The Guardian","floor":16.0,"turns":8.0},{"damage":4.0,"enemies":"Shell Parasite","floor":18.0,"turns":4.0},{"damage":0.0,"enemies":"3 Byrds","floor":20.0,"turns":5.0},{"damage":9.0,"enemies":"3 Cultists","floor":24.0,"turns":4.0},{"damage":1.0,"enemies":"Centurion and Healer","floor":27.0,"turns":5.0},{"damage":0.0,"enemies":"Colosseum Slavers","floor":29.0,"turns":6.0},{"damage":8.0,"enemies":"Snecko","floor":30.0,"turns":4.0},{"damage":1.0,"enemies":"Chosen and Byrds","floor":31.0,"turns":7.0},{"damage":59.0,"enemies":"Automaton","floor":33.0,"turns":11.0},{"damage":0.0,"enemies":"Orb Walker","floor":35.0,"turns":3.0},{"damage":18.0,"enemies":"3 Darklings","floor":37.0,"turns":6.0},{"damage":28.0,"enemies":"Reptomancer","floor":40.0,"turns":8.0},{"damage":47.0,"enemies":"4 Shapes","floor":44.0,"turns":7.0},{"damage":10.0,"enemies":"Sphere and 2 Shapes","floor":48.0,"turns":5.0},{"damage":42,"enemies":"Time Eater","floor":50,"turns":16}],"seed_played":"1578580778906876970","potions_obtained":[{"floor":3.0,"key":"AttackPotion"},{"floor":4.0,"key":"Swift Potion"},{"floor":10.0,"key":"Weak Potion"},{"floor":13.0,"key":"Fire Potion"},{"floor":14.0,"key":"SteroidPotion"},{"floor":20.0,"key":"GamblersBrew"},{"floor":31.0,"key":"SpeedPotion"},{"floor":48.0,"key":"FearPotion"}],"is_trial":false,"path_per_floor":["M","$","M","M","?","R","E","R","T","M","E","M","M","M","R","B",null,"M","$","M","?","$","R","M","R","T","M","R","?","M","M","R","B",null,"M","?","M","?","$","E","R","$","T","M","R","$","?","M","R","B",null],"character_chosen":"DEFECT","items_purchased":["Sunder","Dexterity Potion","Dexterity Potion","Self Repair","Oddly Smooth Stone"],"campfire_rested":4,"item_purchase_floors":[2,19,22,39,39],"current_hp_per_floor":[64,64,64,62,62,62,61,61,61,61,47,47,40,40,40,27,63,59,59,59,59,59,59,50,50,50,49,49,49,41,42,65,8,61,61,61,45,47,47,26,50,50,50,12,37,37,37,27,52,10],"gold":72,"neow_bonus":"REMOVE_CARD","is_prod":false,"is_daily":false,"chose_seed":false,"campfire_upgraded":6,"win_rate":0,"timestamp":1551451429,"path_taken":["M","$","M","M","?","R","E","R","T","M","E","M","M","M","R","BOSS","M","$","M","?","?","R","M","R","T","M","R","?","M","M","R","BOSS","M","?","M","?","$","E","R","?","T","M","R","$","?","M","R","BOSS"],"build_version":"2019-01-23","purchased_purges":3,"victory":true,"max_hp_per_floor":[75,75,75,75,75,75,75,75,75,75,75,75,75,75,75,75,75,75,75,75,75,75,75,75,75,75,75,75,75,75,77,77,79,79,79,79,81,83,83,83,83,83,83,85,85,85,85,85,85,85],"card_choices":[{"not_picked":["Beam Cell","Auto Shields"],"picked":"Leap","floor":1.0},{"not_picked":["Redo","Rebound"],"picked":"Cold Snap","floor":3.0},{"not_picked":["Hologram","Streamline"],"picked":"Conserve Battery","floor":4.0},{"not_picked":["Sunder","Auto Shields"],"picked":"Melter","floor":7.0},{"not_picked":["Redo","Double Energy","White Noise"],"picked":"SKIP","floor":10.0},{"not_picked":["Scrape+1","Ball Lightning+1"],"picked":"Rebound+1","floor":11.0},{"not_picked":["Streamline+1","Doom and Gloom+1"],"picked":"Leap","floor":12.0},{"not_picked":["Hologram","Stack","Steam"],"picked":"SKIP","floor":13.0},{"not_picked":["Hologram","Tempest"],"picked":"Beam Cell+1","floor":14.0},{"not_picked":["Amplify","Core Surge+1"],"picked":"Echo Form","floor":16.0},{"not_picked":["Sunder+1","Steam"],"picked":"Barrage+1","floor":18.0},{"not_picked":["Compile Driver+1","Steam Power"],"picked":"Reinforced Body","floor":20.0},{"not_picked":["White Noise","Streamline+1"],"picked":"Coolheaded","floor":24.0},{"not_picked":["Sweeping Beam+1","Recycle+1"],"picked":"Go for the Eyes+1","floor":27.0},{"not_picked":["Compile Driver+1","Conserve Battery"],"picked":"Coolheaded","floor":30.0},{"not_picked":["Streamline+1","Fusion","Tempest"],"picked":"Singing Bowl","floor":31.0},{"not_picked":["Echo Form","Biased Cognition","Creative AI"],"picked":"Singing Bowl","floor":33.0},{"not_picked":["Darkness+1","Ball Lightning+1"],"picked":"Sweeping Beam+1","floor":35.0},{"not_picked":["Beam Cell+1","Go for the Eyes+1","Turbo+1"],"picked":"Singing Bowl","floor":37.0},{"not_picked":["Finesse","Impatience","Good Instincts"],"picked":"Singing Bowl","floor":38.0},{"not_picked":["Barrage+1","Chill+1"],"picked":"Core Surge+1","floor":40.0},{"not_picked":["Compile Driver+1","Coolheaded+1","Beam Cell+1"],"picked":"Singing Bowl","floor":44.0},{"not_picked":["Undo+1","Force Field+1"],"picked":"BootSequence+1","floor":48.0}],"player_experience":653472,"relics_obtained":[{"floor":7.0,"key":"Molten Egg 2"},{"floor":9.0,"key":"DataDisk"},{"floor":11.0,"key":"StoneCalendar"},{"floor":26.0,"key":"Singing Bowl"},{"floor":40.0,"key":"Toxic Egg 2"},{"floor":43.0,"key":"Gremlin Horn"}],"event_choices":[{"damage_healed":0.0,"max_hp_gain":0.0,"max_hp_loss":0.0,"gold_gain":78.0,"event_name":"Golden Wing","player_choice":"Gained Gold","floor":5.0,"gold_loss":0.0,"damage_taken":0.0},{"damage_healed":0.0,"max_hp_gain":0.0,"max_hp_loss":0.0,"gold_gain":0.0,"event_name":"Addict","player_choice":"Obtained Relic","floor":21.0,"gold_loss":85.0,"damage_taken":0.0,"relics_obtained":["War Paint"]},{"damage_healed":0.0,"max_hp_gain":0.0,"max_hp_loss":0.0,"gold_gain":0.0,"event_name":"Colosseum","player_choice":"Fight","floor":29.0,"gold_loss":0.0,"damage_taken":0.0},{"damage_healed":0.0,"max_hp_gain":0.0,"max_hp_loss":0.0,"gold_gain":0.0,"event_name":"Colosseum","player_choice":"Fled From Nobs","floor":29.0,"gold_loss":0.0,"damage_taken":0.0},{"cards_removed":["Strike_B"],"damage_healed":0.0,"max_hp_gain":0.0,"max_hp_loss":0.0,"gold_gain":0.0,"event_name":"Falling","player_choice":"Removed Attack","floor":36.0,"gold_loss":0.0,"damage_taken":0.0},{"damage_healed":0.0,"max_hp_gain":0.0,"max_hp_loss":0.0,"gold_gain":0.0,"event_name":"SensoryStone","player_choice":"Memory 1","floor":38.0,"gold_loss":0.0,"damage_taken":0.0},{"damage_healed":0.0,"max_hp_gain":0.0,"max_hp_loss":0.0,"gold_gain":0.0,"event_name":"Duplicator","player_choice":"Copied","floor":47.0,"gold_loss":0.0,"damage_taken":0.0,"cards_obtained":["Echo Form"]}],"is_beta":false,"boss_relics":[{"not_picked":["Philosopher\u0027s Stone","Fusion Hammer"],"picked":"Velvet Choker"},{"not_picked":["Busted Crown","Eternal Feather"],"picked":"FrozenCore"}],"items_purged_floors":[19,39,46],"is_endless":false,"potions_floor_spawned":[3,4,10,13,14,20,29,31,33,40,48],"ascension_level":8}