{"gold_per_floor":[368,333,333,12,12,12,32,32,32,62,77,94,94,114,114,211,211,224,240,260,56,87,87,107,107,107,207,207,242,259,15,15,111,161,176,193,415,415,427,427,447,447,518,551,551,564,564,244,244,244],"floor_reached":50,"playtime":912,"items_purged":["Regret","Strike_R+1"],"score":515,"play_id":"f39d8cdf-39f7-42aa-bfd6-f2a2357a3d7e","local_time":"20190228234439","is_ascension_mode":false,"campfire_choices":[{"data":"Twin Strike","floor":6.0,"key":"SMITH"},{"data":"Bash","floor":8.0,"key":"SMITH"},{"data":"Intimidate","floor":13.0,"key":"SMITH"},{"data":"Sword Boomerang","floor":15.0,"key":"SMITH"},{"data":"Immolate","floor":25.0,"key":"SMITH"},{"data":"Clash","floor":32.0,"key":"SMITH"},{"floor":40.0,"key":"RECALL"},{"floor":45.0,"key":"REST"},{"floor":47.0,"key":"REST"},{"floor":49.0,"key":"REST"}],"neow_cost":"PERCENT_DAMAGE","seed_source_timestamp":5724483234499,"circlet_count":0,"master_deck":["Strike_R+1","Strike_R+1","Strike_R+1","Strike_R+1","Defend_R+1","Defend_R+1","Defend_R+1","Defend_R+1","Bash+1","Flex+1","Twin Strike+1","Clash+1","Intimidate+1","Battle Trance+1","Sword Boomerang+1","Immolate+1","Necronomicurse","Wild Strike+1","Clothesline+1","Double Tap+1","Clothesline+1","Wild Strike+1","Twin Strike+1","Disarm","Juggernaut","Trip"],"special_seed":0,"relics":["Burning Blood","Paper Frog","Happy Flower","Ancient Tea Set","Regal Pillow","Busted Crown","Membership Card","Red Mask","Necronomicon","Blood Vial","Du-Vu Doll","Letter Opener","Bronze Scales","Bottled Lightning","Molten Egg 2","Tiny House","Mark of the Bloom","Shuriken","Pen Nib","Centennial Puzzle"],"potions_floor_usage":[50,50,50],"damage_taken":[{"damage":6.0,"enemies":"2 Louse","floor":1.0,"turns":4.0},{"damage":6.0,"enemies":"Jaw Worm","floor":7.0,"turns":3.0},{"damage":21.0,"enemies":"Lagavulin","floor":10.0,"turns":4.0},{"damage":0.0,"enemies":"Cultist","floor":11.0,"turns":1.0},{"damage":9.0,"enemies":"Exordium Thugs","floor":12.0,"turns":4.0},{"damage":9.0,"enemies":"Blue Slaver","floor":14.0,"turns":2.0},{"damage":18.0,"enemies":"The Guardian","floor":16.0,"turns":8.0},{"damage":0.0,"enemies":"Spheric Guardian","floor":18.0,"turns":1.0},{"damage":10.0,"enemies":"2 Thieves","floor":19.0,"turns":3.0},{"damage":1.0,"enemies":"Snecko","floor":20.0,"turns":3.0},{"damage":0.0,"enemies":"Masked Bandits","floor":22.0,"turns":1.0},{"damage":12.0,"enemies":"Shelled Parasite and Fungi","floor":24.0,"turns":3.0},{"damage":0.0,"enemies":"Colosseum Slavers","floor":27.0,"turns":1.0},{"damage":2.0,"enemies":"Colosseum Nobs","floor":27.0,"turns":4.0},{"damage":15.0,"enemies":"Book of Stabbing","floor":29.0,"turns":3.0},{"damage":5.0,"enemies":"Snake Plant","floor":30.0,"turns":2.0},{"damage":57.0,"enemies":"Champ","floor":33.0,"turns":5.0},{"damage":1.0,"enemies":"3 Darklings","floor":35.0,"turns":2.0},{"damage":0.0,"enemies":"Orb Walker","floor":36.0,"turns":1.0},{"damage":0.0,"enemies":"3 Darklings","floor":39.0,"turns":2.0},{"damage":0.0,"enemies":"Sphere and 2 Shapes","floor":41.0,"turns":1.0},{"damage":60.0,"enemies":"Nemesis","floor":44.0,"turns":5.0},{"damage":12.0,"enemies":"Maw","floor":46.0,"turns":4.0},{"damage":13,"enemies":"Time Eater","floor":50,"turns":3}],"seed_played":"-6897332059425864555","potions_obtained":[{"floor":11.0,"key":"GamblersBrew"},{"floor":12.0,"key":"Energy Potion"},{"floor":22.0,"key":"SkillPotion"},{"floor":24.0,"key":"Poison Potion"},{"floor":30.0,"key":"SteroidPotion"},{"floor":33.0,"key":"SpeedPotion"},{"floor":41.0,"key":"GamblersBrew"},{"floor":46.0,"key":"BloodPotion"}],"is_trial":false,"path_per_floor":["M","?","?","$","?","R","M","R","T","E","M","M","R","M","R","B",null,"M","M","M","$","?","?","M","R","T","?","?","E","M","$","R","B",null,"M","M","?","?","M","R","M","?","T","E","R","M","R","$","R","B"],"character_chosen":"IRONCLAD","items_purchased":["Flex","Happy Flower","Twin Strike","Membership Card","Bottled Lightning","Molten Egg 2","Centennial Puzzle","GamblersBrew","EssenceOfSteel","Disarm","Juggernaut","Trip"],"campfire_rested":3,"item_purchase_floors":[4,4,4,21,31,31,48,48,48,48,48,48],"current_hp_per_floor":[56,76,76,76,76,76,76,76,76,61,67,64,64,61,61,49,80,80,76,80,80,80,64,58,58,58,72,72,65,68,68,68,19,85,85,85,85,85,85,85,85,85,85,25,25,13,13,13,13,0],"gold":244,"neow_bonus":"TWO_FIFTY_GOLD","is_prod":false,"is_daily":false,"chose_seed":false,"campfire_upgraded":6,"win_rate":0,"timestamp":1551419079,"path_taken":["M","?","?","$","?","R","M","R","T","E","M","M","R","M","R","BOSS","M","M","M","$","?","?","?","R","T","?","?","E","?","$","R","BOSS","M","M","?","?","M","R","M","?","T","E","R","M","R","?","R","BOSS"],"build_version":"2019-01-23","purchased_purges":2,"victory":false,"max_hp_per_floor":[80,80,80,80,80,80,80,80,80,80,80,80,80,80,80,80,80,80,80,80,80,80,80,80,80,80,80,80,80,80,80,80,80,85,85,85,85,85,85,85,85,85,85,85,85,85,85,85,85,85],"card_choices":[{"not_picked":["Warcry","Blood for Blood","Hemokinesis"],"picked":"SKIP","floor":1.0},{"not_picked":["Warcry","Clash","Perfected Strike"],"picked":"SKIP","floor":7.0},{"not_picked":["Evolve","Sentinel"],"picked":"Clash","floor":10.0},{"not_picked":["Pommel Strike","Sword Boomerang"],"picked":"Intimidate","floor":11.0},{"not_picked":["Heavy Blade","Second Wind"],"picked":"Battle Trance","floor":12.0},{"not_picked":["Armaments","Anger"],"picked":"Sword Boomerang","floor":14.0},{"not_picked":["Exhume","Bludgeon"],"picked":"Immolate","floor":16.0},{"not_picked":["Body Slam"],"picked":"SKIP","floor":18.0},{"not_picked":["Clash"],"picked":"SKIP","floor":19.0},{"not_picked":["True Grit"],"picked":"SKIP","floor":20.0},{"not_picked":["Wild Strike+1"],"picked":"SKIP","floor":24.0},{"not_picked":[],"picked":"Wild Strike+1","floor":24.0},{"not_picked":[],"picked":"Clothesline+1","floor":27.0},{"not_picked":["True Grit"],"picked":"SKIP","floor":29.0},{"not_picked":["Feel No Pain+1"],"picked":"SKIP","floor":30.0},{"not_picked":[],"picked":"Double Tap","floor":33.0},{"not_picked":[],"picked":"Clothesline+1","floor":34.0},{"not_picked":[],"picked":"Wild Strike+1","floor":35.0},{"not_picked":[],"picked":"Twin Strike+1","floor":36.0},{"not_picked":["Entrench"],"picked":"SKIP","floor":39.0},{"not_picked":["Sword Boomerang+1"],"picked":"SKIP","floor":41.0},{"not_picked":["Blood for Blood+1"],"picked":"SKIP","floor":44.0},{"not_picked":["Ghostly Armor"],"picked":"SKIP","floor":46.0}],"player_experience":952592,"relics_obtained":[{"floor":9.0,"key":"Ancient Tea Set"},{"floor":10.0,"key":"Regal Pillow"},{"floor":22.0,"key":"Red Mask"},{"floor":23.0,"key":"Necronomicon"},{"floor":26.0,"key":"Blood Vial"},{"floor":27.0,"key":"Du-Vu Doll"},{"floor":27.0,"key":"Letter Opener"},{"floor":29.0,"key":"Bronze Scales"},{"floor":43.0,"key":"Shuriken"},{"floor":44.0,"key":"Pen Nib"}],"event_choices":[{"damage_healed":20.0,"max_hp_gain":0.0,"max_hp_loss":0.0,"gold_gain":0.0,"event_name":"The Cleric","player_choice":"Healed","floor":2.0,"gold_loss":35.0,"damage_taken":0.0},{"damage_healed":0.0,"max_hp_gain":0.0,"max_hp_loss":0.0,"gold_gain":0.0,"event_name":"Big Fish","player_choice":"Box","floor":3.0,"gold_loss":0.0,"damage_taken":0.0,"relics_obtained":["Paper Frog"],"cards_obtained":["Regret"]},{"damage_healed":0.0,"max_hp_gain":0.0,"max_hp_loss":0.0,"gold_gain":0.0,"event_name":"Living Wall","player_choice":"Grow","floor":5.0,"gold_loss":0.0,"damage_taken":0.0,"cards_upgraded":["Flex"]},{"damage_healed":0.0,"max_hp_gain":0.0,"max_hp_loss":0.0,"gold_gain":0.0,"event_name":"Masked Bandits","player_choice":"Fought Bandits","floor":22.0,"gold_loss":0.0,"damage_taken":0.0},{"damage_healed":0.0,"max_hp_gain":0.0,"max_hp_loss":0.0,"gold_gain":0.0,"event_name":"Cursed Tome","player_choice":"Obtained Book","floor":23.0,"gold_loss":0.0,"damage_taken":16.0},{"damage_healed":0.0,"max_hp_gain":0.0,"max_hp_loss":0.0,"gold_gain":0.0,"event_name":"Colosseum","player_choice":"Fight","floor":27.0,"gold_loss":0.0,"damage_taken":0.0},{"damage_healed":0.0,"max_hp_gain":0.0,"max_hp_loss":0.0,"gold_gain":0.0,"event_name":"Colosseum","player_choice":"Fought Nobs","floor":27.0,"gold_loss":0.0,"damage_taken":0.0},{"damage_healed":0.0,"max_hp_gain":0.0,"max_hp_loss":0.0,"gold_gain":0.0,"event_name":"Upgrade Shrine","player_choice":"Upgraded","floor":28.0,"gold_loss":0.0,"damage_taken":0.0,"cards_upgraded":["Battle Trance"]},{"damage_healed":0.0,"max_hp_gain":0.0,"max_hp_loss":0.0,"gold_gain":222.0,"event_name":"Tomb of Lord Red Mask","player_choice":"Wore Mask","floor":37.0,"gold_loss":0.0,"damage_taken":0.0},{"damage_healed":0.0,"max_hp_gain":0.0,"max_hp_loss":0.0,"gold_gain":0.0,"event_name":"MindBloom","player_choice":"Upgrade","floor":38.0,"gold_loss":0.0,"damage_taken":0.0,"cards_upgraded":["Strike_R","Strike_R","Strike_R","Strike_R","Defend_R","Defend_R","Defend_R","Defend_R","Double Tap"],"relics_obtained":["Mark of the Bloom"]},{"damage_healed":0.0,"max_hp_gain":0.0,"max_hp_loss":0.0,"gold_gain":0.0,"event_name":"SensoryStone","player_choice":"Memory 1","floor":42.0,"gold_loss":0.0,"damage_taken":0.0}],"is_beta":false,"boss_relics":[{"not_picked":["Black Star","Velvet Choker"],"picked":"Busted Crown"},{"not_picked":["White Beast Statue","Orrery"],"picked":"Tiny House"}],"items_purged_floors":[4,48],"is_endless":false,"potions_floor_spawned":[11,12,22,24,27,30,33,41,46],"killed_by":"Time Eater","ascension_level":0}