{"gold_per_floor":[109,109,184,6,24,60,60,76,76,6,19,37,55,80,80,201,201,214,48,69,90,113,126,126,126,208,224,224,323,323,337,337,337],"floor_reached":33,"playtime":6009,"items_purged":["Strike_G"],"score":253,"play_id":"cf226887-69c8-4d18-a03a-a87ccc035bf3","local_time":"20180813184228","is_ascension_mode":false,"campfire_choices":[{"floor":7,"key":"REST"},{"floor":15,"key":"REST"},{"floor":24,"key":"REST"},{"floor":28,"key":"REST"},{"floor":32,"key":"REST"}],"neow_cost":"NONE","seed_source_timestamp":1500260366541682,"circlet_count":0,"master_deck":["Defend_G","Defend_G","Defend_G","Defend_G","Defend_G","Strike_G","Strike_G","Strike_G","Strike_G","Survivor","Neutralize","Underhanded Strike","Injury","Dagger Throw","Backflip","Dagger Throw","Noxious Fumes","Dagger Throw","Prepared","Acrobatics","Unload","Blur","Footwork","Night Terror","Backflip","Blur","Footwork","Dagger Spray","Flechettes","Tactician","Adrenaline","Well Laid Plans+1","Eviscerate","Catalyst+1"],"relics":["Ring of the Serpent","Golden Idol","Peace Pipe","Ice Cream","Toxic Egg 2"],"potions_floor_usage":[6,13,21,23,23,33],"damage_taken":[{"damage":2,"enemies":"Small Slimes","floor":1,"turns":5},{"damage":0,"enemies":"Jaw Worm","floor":5,"turns":4},{"damage":22,"enemies":"Lagavulin","floor":6,"turns":8},{"damage":2,"enemies":"2 Louse","floor":8,"turns":2},{"damage":4,"enemies":"Blue Slaver","floor":11,"turns":4},{"damage":5,"enemies":"Lots of Slimes","floor":12,"turns":3},{"damage":20,"enemies":"Exordium Thugs","floor":13,"turns":6},{"damage":0,"enemies":"Exordium Wildlife","floor":14,"turns":3},{"damage":37,"enemies":"The Guardian","floor":16,"turns":13},{"damage":22,"enemies":"Spheric Guardian","floor":18,"turns":10},{"damage":3,"enemies":"Chosen","floor":20,"turns":7},{"damage":17,"enemies":"Centurion and Healer","floor":21,"turns":14},{"damage":0,"enemies":"Snecko","floor":22,"turns":10},{"damage":31,"enemies":"Snake Plant","floor":23,"turns":7},{"damage":13,"enemies":"Centurion and Healer","floor":27,"turns":7},{"damage":22,"enemies":"Cultist and Chosen","floor":31,"turns":10},{"damage":49,"enemies":"Champ","floor":33,"turns":17}],"seed_played":"-6753767918081055903","potions_obtained":[{"floor":5,"key":"Fire Potion"},{"floor":6,"key":"Swift Potion"},{"floor":12,"key":"Energy Potion"},{"floor":16,"key":"SteroidPotion"},{"floor":20,"key":"GamblersBrew"},{"floor":23,"key":"Ancient Potion"}],"is_trial":false,"path_per_floor":["M","?","?","$","M","E","R","M","T","$","M","M","M","M","R","B",null,"M","$","M","M","M","M","R","?","T","M","R","?","?","M","R"],"character_chosen":"THE_SILENT","items_purchased":["Dagger Throw","Backflip","Dagger Throw","Prepared","Blur","Footwork","Dagger Spray"],"campfire_rested":5,"item_purchase_floors":[4,4,10,10,19,19,19],"current_hp_per_floor":[75,75,64,64,64,42,65,63,63,63,59,54,34,34,57,20,77,55,55,52,35,35,4,27,27,27,14,37,37,37,15,38,0],"gold":337,"neow_bonus":"TEN_PERCENT_HP_BONUS","is_prod":false,"is_daily":false,"chose_seed":false,"campfire_upgraded":0,"win_rate":0.0,"timestamp":1534210948,"path_taken":["M","?","?","$","M","E","R","M","T","?","?","M","M","M","R","BOSS","M","$","M","M","M","M","R","?","T","M","R","?","?","M","R","BOSS"],"build_version":"2018-08-09","purchased_purges":1,"victory":false,"max_hp_per_floor":[77,77,77,77,77,77,77,77,77,77,77,77,77,77,77,77,77,77,77,77,77,77,77,77,77,77,77,77,77,77,77,77,77],"card_choices":[{"not_picked":["Dagger Spray","Poisoned Stab"],"picked":"Underhanded Strike","floor":1},{"not_picked":["Caltrops","Bane"],"picked":"Dagger Throw","floor":5},{"not_picked":["Distraction","Footwork"],"picked":"Noxious Fumes","floor":6},{"not_picked":["Blade Dance","Slice","Malaise"],"picked":"SKIP","floor":8},{"not_picked":["Sucker Punch","Quick Slash"],"picked":"Acrobatics","floor":11},{"not_picked":["Backflip","Dagger Spray"],"picked":"Unload","floor":12},{"not_picked":["Quick Slash","Footwork"],"picked":"Blur","floor":13},{"not_picked":["Deadly Poison","Finisher"],"picked":"Footwork","floor":14},{"not_picked":["After Image","A Thousand Cuts"],"picked":"Night Terror","floor":16},{"not_picked":["Terror","Deflect"],"picked":"Backflip","floor":18},{"not_picked":["Sucker Punch+1","Dagger Spray"],"picked":"Flechettes","floor":20},{"not_picked":["PiercingWail","Poisoned Stab"],"picked":"Tactician","floor":21},{"not_picked":["Deadly Poison+1","Backstab+1"],"picked":"Adrenaline","floor":22},{"not_picked":["Deadly Poison","Flying Knee"],"picked":"Well Laid Plans+1","floor":23},{"not_picked":["Dash","Flying Knee"],"picked":"Eviscerate","floor":27},{"not_picked":["Poisoned Stab+1","Deadly Poison+1"],"picked":"Catalyst+1","floor":31}],"player_experience":73534,"relics_obtained":[{"floor":6,"key":"Peace Pipe"},{"floor":9,"key":"Ice Cream"},{"floor":26,"key":"Toxic Egg 2"}],"event_choices":[{"event_name":"Golden Idol","player_choice":"Take Wound","floor":2,"damage_taken":0},{"event_name":"World of Goop","player_choice":"Gather Gold","floor":3,"damage_taken":0},{"event_name":"Vampires","player_choice":"Ignored","floor":25,"damage_taken":0},{"event_name":"Nest","player_choice":"Stole From Cult","floor":29,"damage_taken":0},{"event_name":"Cursed Tome","player_choice":"Ignored","floor":30,"damage_taken":0}],"is_beta":false,"boss_relics":[{"not_picked":["Black Star","Snecko Eye"],"picked":"Ring of the Serpent"}],"items_purged_floors":[4],"is_endless":false,"potions_floor_spawned":[5,6,12,16,20,23],"killed_by":"Champ","ascension_level":0}