{"gold_per_floor":[110,127,143,30,40,40,103,103,103,130,130,130,305,316,316,416,416,416],"floor_reached":18,"playtime":1993,"items_purged":[],"score":179,"play_id":"cc7d6c75-bd06-441c-bc42-88b0794de549","local_time":"20190117125123","is_ascension_mode":true,"campfire_choices":[{"data":"Predator","floor":6,"key":"SMITH"},{"data":"Neutralize","floor":8,"key":"SMITH"},{"data":"Calculated Gamble","floor":11,"key":"SMITH"},{"floor":15,"key":"REST"}],"neow_cost":"NONE","seed_source_timestamp":476454915770638,"circlet_count":0,"master_deck":["Defend_G","Defend_G","Defend_G","Defend_G","Defend_G","Strike_G","Strike_G","Strike_G","Strike_G","Strike_G","Survivor","Neutralize+1","Flying Knee","Distraction","Eviscerate","Predator+1","Terror","Calculated Gamble+1","Reflex","Malaise","Doubt","Distraction","A Thousand Cuts+1"],"relics":["Ring of the Snake","NeowsBlessing","Tiny Chest","Blood Vial","Frozen Egg 2","HoveringKite"],"potions_floor_usage":[10,16],"damage_taken":[{"damage":0,"enemies":"Cultist","floor":1,"turns":1},{"damage":0,"enemies":"Jaw Worm","floor":2,"turns":1},{"damage":0,"enemies":"2 Louse","floor":3,"turns":1},{"damage":8,"enemies":"2 Fungi Beasts","floor":5,"turns":3},{"damage":22,"enemies":"3 Sentries","floor":7,"turns":8},{"damage":13,"enemies":"Lagavulin","floor":10,"turns":6},{"damage":12,"enemies":"Exordium Thugs","floor":14,"turns":6},{"damage":26,"enemies":"The Guardian","floor":16,"turns":12},{"damage":1,"enemies":"Chosen","floor":18,"turns":2}],"seed_played":"2999963309440134954","potions_obtained":[{"floor":5,"key":"LiquidBronze"},{"floor":10,"key":"AttackPotion"},{"floor":14,"key":"Strength Potion"}],"is_trial":false,"path_per_floor":["M","M","M","$","M","R","E","R","T","E","R","?","?","M","R","B",null,"M"],"character_chosen":"THE_SILENT","items_purchased":["Predator","Terror"],"campfire_rested":1,"item_purchase_floors":[4,4],"current_hp_per_floor":[70,70,70,70,62,62,40,40,40,29,29,34,34,24,46,22,75,74],"gold":416,"neow_bonus":"THREE_ENEMY_KILL","is_prod":false,"is_daily":false,"chose_seed":false,"campfire_upgraded":3,"win_rate":0,"timestamp":1547725883,"path_taken":["M","?","M","$","M","R","E","R","T","E","R","?","?","M","R","BOSS","M"],"build_version":"2019-01-10","purchased_purges":0,"victory":false,"max_hp_per_floor":[70,70,70,70,70,70,70,70,70,70,70,75,75,75,75,75,75,75],"card_choices":[{"not_picked":["Dodge and Roll","Deflect"],"picked":"Flying Knee","floor":1},{"not_picked":["Dagger Throw","Prepared"],"picked":"Distraction","floor":2},{"not_picked":["Bane","Quick Slash"],"picked":"Eviscerate","floor":3},{"not_picked":["Outmaneuver","Poisoned Stab"],"picked":"Calculated Gamble","floor":5},{"not_picked":["Underhanded Strike","Dodge and Roll"],"picked":"Reflex","floor":7},{"not_picked":["Escape Plan","Bouncing Flask"],"picked":"Malaise","floor":10},{"not_picked":["Quick Slash","Flying Knee"],"picked":"Distraction","floor":14},{"not_picked":["Venomology","After Image+1"],"picked":"A Thousand Cuts+1","floor":16}],"player_experience":64896,"relics_obtained":[{"floor":7,"key":"Tiny Chest"},{"floor":9,"key":"Blood Vial"},{"floor":10,"key":"Frozen Egg 2"}],"event_choices":[{"damage_healed":0,"gold_gain":0,"player_choice":"Donut","damage_taken":0,"max_hp_gain":5,"max_hp_loss":0,"event_name":"Big Fish","floor":12,"gold_loss":0},{"damage_healed":0,"gold_gain":175,"player_choice":"AGREE","damage_taken":0,"max_hp_gain":0,"max_hp_loss":0,"event_name":"Liars Game","floor":13,"gold_loss":0,"cards_obtained":["Doubt"]}],"is_beta":false,"boss_relics":[{"not_picked":["Fusion Hammer","Runic Dome"],"picked":"HoveringKite"}],"items_purged_floors":[],"is_endless":false,"potions_floor_spawned":[5,10,14],"killed_by":"Chosen","ascension_level":1}