{"gold_per_floor":[113,113,188,66,66,99,99,118,118,118,132,132,162,62,62,165,165,185,201,201,219,254,254,92,119,119,218,229,259,66,96,96,96],"floor_reached":33,"playtime":959,"items_purged":["Strike_B","Strike_B","Defend_B"],"score":347,"play_id":"5165d25a-42f5-4553-a172-e5073b602454","local_time":"20180708023019","is_ascension_mode":true,"campfire_choices":[{"data":"Zap","floor":7,"key":"SMITH"},{"data":"Hologram","floor":10,"key":"SMITH"},{"data":"Consume","floor":15,"key":"SMITH"},{"data":"Scrape","floor":23,"key":"SMITH"},{"floor":32,"key":"REST"}],"neow_cost":"NONE","seed_source_timestamp":969137847262526,"circlet_count":0,"master_deck":["Strike_B","Strike_B","Defend_B","Zap+1","Dualcast","Hologram+1","Beam Cell","Reboot","Scrape+1","Consume+1","Electrodynamics","Steam+1","Echo Form","Go for the Eyes+1","Coolheaded","Storm"],"relics":["Cracked Core","Strawberry","Unceasing Top","Vajra","Busted Crown","Red Mask","Kunai","Mummified Hand","Tiny Chest","Molten Egg 2"],"potions_floor_usage":[25],"damage_taken":[{"damage":12,"enemies":"Jaw Worm","floor":1,"turns":2},{"damage":33,"enemies":"3 Sentries","floor":6,"turns":7},{"damage":0,"enemies":"Cultist","floor":8,"turns":2},{"damage":0,"enemies":"2 Louse","floor":11,"turns":2},{"damage":40,"enemies":"Lagavulin","floor":13,"turns":4},{"damage":39,"enemies":"The Guardian","floor":16,"turns":9},{"damage":2,"enemies":"Chosen","floor":18,"turns":3},{"damage":12,"enemies":"2 Thieves","floor":19,"turns":2},{"damage":26,"enemies":"Snecko","floor":21,"turns":4},{"damage":0,"floor":22,"turns":2},{"damage":19,"enemies":"Slavers","floor":25,"turns":3},{"damage":2,"enemies":"Centurion and Healer","floor":28,"turns":3},{"damage":12,"enemies":"Book of Stabbing","floor":31,"turns":4},{"damage":73,"enemies":"Champ","floor":33,"turns":8}],"seed_played":"5644212603366316949","potions_obtained":[{"floor":1,"key":"Strength Potion"},{"floor":2,"key":"FairyPotion"},{"floor":2,"key":"Ancient Potion"},{"floor":8,"key":"Regen Potion"}],"is_trial":false,"path_per_floor":["M","?","?","$","?","E","R","M","T","R","M","?","E","$","R","B",null,"M","M","?","M","?","R","$","E","T","?","M","?","$","E","R"],"character_chosen":"DEFECT","items_purchased":["Beam Cell","Echo Form","Storm"],"campfire_rested":1,"item_purchase_floors":[4,24,30],"current_hp_per_floor":[63,63,52,52,57,31,31,31,31,31,31,87,47,47,47,8,87,85,73,73,47,47,47,47,37,37,37,35,35,35,23,49,0],"gold":96,"neow_bonus":"REMOVE_CARD","is_prod":false,"is_daily":false,"chose_seed":false,"campfire_upgraded":4,"win_rate":0,"timestamp":1530988219,"path_taken":["M","?","?","$","?","E","R","M","T","R","?","?","E","$","R","BOSS","M","?","?","M","?","R","$","E","T","?","M","?","?","E","R","BOSS"],"build_version":"2018-07-05","purchased_purges":3,"victory":false,"max_hp_per_floor":[75,75,75,75,80,87,87,87,87,87,87,87,87,87,87,87,87,87,87,87,87,87,87,87,87,87,87,87,87,87,87,87,87],"card_choices":[{"not_picked":["Force Field","Fusion"],"picked":"Hologram","floor":1},{"not_picked":["Stack","Undo","Rebound"],"picked":"SKIP","floor":6},{"not_picked":["Leap","Capacitor"],"picked":"Reboot","floor":8},{"not_picked":["Consume","Turbo"],"picked":"Scrape","floor":11},{"not_picked":["Skim","Reinforced Body"],"picked":"Consume","floor":13},{"not_picked":["Fission","Creative AI"],"picked":"Electrodynamics","floor":16},{"not_picked":["Lockon"],"picked":"SKIP","floor":18},{"not_picked":["Turbo+1"],"picked":"SKIP","floor":19},{"not_picked":["Sweeping Beam"],"picked":"SKIP","floor":21},{"not_picked":[],"picked":"Steam+1","floor":22},{"not_picked":[],"picked":"Go for the Eyes+1","floor":25},{"not_picked":[],"picked":"Coolheaded","floor":28},{"not_picked":["All For One"],"picked":"SKIP","floor":31}],"player_experience":469007,"relics_obtained":[{"floor":6,"key":"Strawberry"},{"floor":9,"key":"Unceasing Top"},{"floor":13,"key":"Vajra"},{"floor":22,"key":"Red Mask"},{"floor":25,"key":"Kunai"},{"floor":26,"key":"Mummified Hand"},{"floor":31,"key":"Molten Egg 2"}],"event_choices":[{"event_name":"The Lab","player_choice":"Got Potions","floor":2,"damage_taken":0},{"event_name":"World of Goop","player_choice":"Gather Gold","floor":3,"damage_taken":0},{"event_name":"Big Fish","player_choice":"Donut","floor":5,"damage_taken":0},{"event_name":"Wheel of Change","player_choice":"Full Heal","floor":12,"damage_taken":0},{"event_name":"Back to Basics","player_choice":"Elegance","floor":20,"damage_taken":0},{"event_name":"Nest","player_choice":"Stole From Cult","floor":27,"damage_taken":0},{"event_name":"The Mausoleum","player_choice":"Yes","floor":29,"damage_taken":0}],"boss_relics":[{"not_picked":["Cursed Key","Black Star"],"picked":"Busted Crown"}],"items_purged_floors":[4,14,30],"is_endless":false,"potions_floor_spawned":[1,8,11,18,21,22],"killed_by":"Champ","ascension_level":4}