{"path_per_floor":["M","?","M","?","M","E","R","E","T","E","R","E","?","$","R","B",null,"M","M","?","?","M","E","R","E","T","M","E","M","M","E","R","B",null,"M","$","T","$","M","R"],"character_chosen":"THE_SILENT","items_purchased":["Footwork","Panacea","Oddly Smooth Stone","Pear","Ice Cream"],"gold_per_floor":[114,114,129,129,144,174,174,204,229,289,289,319,319,194,194,294,294,309,324,324,324,339,369,369,399,399,414,444,459,474,504,504,604,604,619,379,379,139,154,154],"floor_reached":41,"campfire_rested":3,"playtime":1747,"current_hp_per_floor":[70,70,70,70,70,55,55,43,43,31,52,43,43,43,43,43,70,70,70,70,70,69,44,44,21,21,18,30,42,33,16,37,21,74,74,84,84,84,44,69],"items_purged":[],"gold":154,"score":597,"play_id":"324cc56d-2ad5-4e13-afb1-f1b2cff66601","local_time":"20180313015101","daily_mods":["Shiny","Elite Swarm","Lethality"],"is_prod":false,"is_daily":true,"is_ascension_mode":false,"campfire_upgraded":3,"timestamp":1520873461,"path_taken":["M","?","M","?","M","E","R","E","T","E","R","E","?","?","R","BOSS","M","M","?","?","?","E","R","E","T","M","E","M","?","E","R","BOSS","M","$","?","$","?","R","E"],"build_version":"2018-03-09","purchased_purges":2,"victory":false,"master_deck":["Survivor","Neutralize","After Image","Sucker Punch","Dagger Spray+1","Deflect","Die Die Die+1","After Image","Glass Knife","Venomology","Footwork","Panacea","Glass Knife","Predator","Poisoned Stab","Riddle With Holes+1","Well Laid Plans","Flechettes","Flying Knee","Catalyst","Poisoned Stab","Terror","Backflip","Burst","Expertise+1","Adrenaline","Tools of the Trade","Envenom","Finisher+1","Noxious Fumes+1"],"max_hp_per_floor":[70,70,70,70,70,70,70,70,70,70,70,70,70,70,70,70,70,70,70,70,70,70,70,70,70,70,70,70,70,70,72,72,74,74,74,84,84,84,86,86],"relics":["Ring of the Snake","Frozen Eye","Art of War","Pen Nib","Tiny Chest","Sundial","The Courier","Pandora\u0027s Box","Shuriken","Meat on the Bone","Peace Pipe","Snake Skull","Singing Bowl","The Specimen","Oddly Smooth Stone","Pear","Calipers","Ice Cream"],"card_choices":[{"not_picked":["Flying Knee","Blur"],"picked":"Sucker Punch"},{"not_picked":["Dodge and Roll","Bouncing Flask"],"picked":"Dagger Spray"},{"not_picked":["Acrobatics","Malaise"],"picked":"Deflect"},{"not_picked":["Phantasmal Killer","Grand Finale"],"picked":"Die Die Die"},{"not_picked":["Burst","Night Terror"],"picked":"After Image"},{"not_picked":["Grand Finale","Storm of Steel"],"picked":"Glass Knife"},{"not_picked":["Wraith Form","Bullet Time"],"picked":"Venomology"},{"not_picked":["Doppelganger","A Thousand Cuts"],"picked":"Glass Knife"},{"not_picked":["Quick Slash","Prepared"],"picked":"Terror"},{"not_picked":["Dagger Spray","Crippling Poison"],"picked":"Backflip"},{"not_picked":["Finisher","Underhanded Strike"],"picked":"Expertise"},{"not_picked":["Night Terror","Bullet Time"],"picked":"Adrenaline"},{"not_picked":["Unload","A Thousand Cuts"],"picked":"Tools of the Trade"},{"not_picked":["Tactician","Phantasmal Killer"],"picked":"Envenom"},{"not_picked":["Slice","Backflip"],"picked":"Finisher"},{"not_picked":["Expertise","Finisher"],"picked":"Noxious Fumes"}],"player_experience":606395,"potions_floor_usage":[3,6,16,18,25,28,30,30,31,33,33,35,39,41],"damage_taken":[{"damage":0,"enemies":"Small Slimes","floor":1,"turns":3},{"damage":0,"enemies":"2 Louse","floor":3,"turns":1},{"damage":0,"enemies":"Cultist","floor":5,"turns":3},{"damage":15,"enemies":"3 Sentries","floor":6,"turns":5},{"damage":12,"enemies":"Gremlin Nob","floor":8,"turns":3},{"damage":12,"enemies":"Lagavulin","floor":10,"turns":5},{"damage":9,"enemies":"3 Sentries","floor":12,"turns":4},{"damage":0,"enemies":"Slime Boss","floor":16,"turns":8},{"damage":0,"enemies":"2 Thieves","floor":18,"turns":1},{"damage":0,"enemies":"Chosen","floor":19,"turns":2},{"damage":1,"enemies":"Centurion and Healer","floor":22,"turns":5},{"damage":25,"enemies":"Gremlin Leader","floor":23,"turns":5},{"damage":23,"enemies":"Book of Stabbing","floor":25,"turns":4},{"damage":15,"enemies":"Snake Plant","floor":27,"turns":4},{"damage":0,"enemies":"Gremlin Leader","floor":28,"turns":3},{"damage":0,"enemies":"3 Cultists","floor":29,"turns":3},{"damage":21,"enemies":"Cultist and Chosen","floor":30,"turns":4},{"damage":31,"enemies":"Slavers","floor":31,"turns":3},{"damage":30,"enemies":"Automaton","floor":33,"turns":7},{"damage":0,"enemies":"Orb Walker","floor":35,"turns":1},{"damage":54,"enemies":"3 Shapes","floor":39,"turns":4},{"damage":85,"enemies":"Nemesis","floor":41,"turns":4}],"event_choices":[{"event_name":"The Cleric","player_choice":"Leave","floor":2,"damage_taken":0},{"event_name":"Bonfire Elementals","player_choice":"BASIC","floor":4,"damage_taken":0},{"event_name":"Accursed Blacksmith","player_choice":"Rummage","floor":13,"damage_taken":0},{"event_name":"The Library","player_choice":"Read","floor":20,"damage_taken":0},{"event_name":"Back to Basics","player_choice":"Elegance","floor":21,"damage_taken":0}],"boss_relics":[{"not_picked":["Tiny House","Cursed Key"],"picked":"Pandora\u0027s Box"},{"not_picked":["Runic Pyramid","White Beast Statue"],"picked":"The Specimen"}],"potions_floor_spawned":[1,3,8,16,18,27,28,29,31,33,35],"seed_played":"-3661932950863109323","killed_by":"Nemesis","ascension_level":0,"is_trial":false}