{"gold_per_floor":[109,122,137,62,62,87,87,87,140,155,55,73,73,87,87,87],"floor_reached":16,"playtime":1763,"items_purged":["Defend_G","Strike_G"],"score":102,"play_id":"16afcdf9-fe0a-4302-a8b2-21bcee25191a","local_time":"20181017121138","is_ascension_mode":false,"campfire_choices":[{"data":"Noxious Fumes","floor":7,"key":"SMITH"},{"floor":13,"key":"REST"},{"floor":15,"key":"REST"}],"neow_cost":"","seed_source_timestamp":634293028392045,"circlet_count":0,"master_deck":["Defend_G","Defend_G","Defend_G","Defend_G","Strike_G+1","Strike_G","Strike_G","Strike_G+1","Survivor","Neutralize","PiercingWail","Flechettes","Noxious Fumes+1","Regret","Backflip","Injury","PiercingWail","Unload","Backflip"],"relics":["Ring of the Snake","Boot","Whetstone","Golden Idol","Vajra"],"potions_floor_usage":[],"damage_taken":[{"damage":2,"enemies":"Jaw Worm","floor":1,"turns":5},{"damage":8,"enemies":"Small Slimes","floor":2,"turns":4},{"damage":0,"enemies":"2 Louse","floor":3,"turns":3},{"damage":29,"enemies":"Lagavulin","floor":6,"turns":8},{"damage":20,"enemies":"Large Slime","floor":10,"turns":7},{"damage":5,"enemies":"3 Louse","floor":12,"turns":3},{"damage":7,"enemies":"Exordium Wildlife","floor":14,"turns":5},{"damage":43,"enemies":"Slime Boss","floor":16,"turns":8}],"seed_played":"-4448890537378909351","potions_obtained":[{"floor":1,"key":"Energy Potion"},{"floor":12,"key":"SteroidPotion"}],"is_trial":false,"path_per_floor":["M","M","M","$","?","E","R","?","T","M","$","M","R","M","R"],"character_chosen":"THE_SILENT","items_purchased":[],"campfire_rested":2,"item_purchase_floors":[],"current_hp_per_floor":[68,60,60,60,60,31,31,31,31,11,11,6,27,20,41,0],"gold":87,"neow_bonus":"","is_prod":false,"is_daily":false,"chose_seed":false,"campfire_upgraded":1,"win_rate":0.0,"timestamp":1539803498,"path_taken":["M","M","M","$","?","E","R","?","T","M","$","M","R","M","R","BOSS"],"build_version":"2018-10-11","purchased_purges":2,"victory":false,"max_hp_per_floor":[70,70,70,70,70,70,70,70,70,70,70,70,70,70,70,70],"card_choices":[{"not_picked":["Bouncing Flask","Underhanded Strike"],"picked":"PiercingWail","floor":1},{"not_picked":["Acrobatics","Outmaneuver"],"picked":"Flechettes","floor":2},{"not_picked":["Dagger Throw","Infinite Blades"],"picked":"Noxious Fumes","floor":3},{"not_picked":["Quick Slash","Dagger Throw"],"picked":"Backflip","floor":6},{"not_picked":["Deflect","Dagger Throw"],"picked":"PiercingWail","floor":10},{"not_picked":["Masterful Stab","Dagger Throw"],"picked":"Unload","floor":12},{"not_picked":["Deadly Poison","Prepared"],"picked":"Backflip","floor":14}],"player_experience":15524,"relics_obtained":[{"floor":6,"key":"Whetstone"},{"floor":9,"key":"Vajra"}],"event_choices":[{"event_name":"Big Fish","player_choice":"Box","floor":5,"damage_taken":0},{"event_name":"Golden Idol","player_choice":"Take Wound","floor":8,"damage_taken":0}],"is_beta":false,"boss_relics":[],"items_purged_floors":[4,11],"is_endless":false,"potions_floor_spawned":[1,12],"killed_by":"Slime Boss","ascension_level":0}