{"gold_per_floor":[112,112,37,47,67,67,83,83,106,119,140,40,115,140,140,238,238,222,241,116,116,116,116,116,127,175,175,192,42,42,52,52,154,154,167,167,178,197,197,197,228,228,228,228],"floor_reached":44,"playtime":4009,"items_purged":["Strike_G","Defend_G","Strike_G","Defend_G"],"score":501,"play_id":"5b3f298a-97df-48e6-907f-dd4e946f6bf6","local_time":"20181202150357","is_ascension_mode":true,"campfire_choices":[{"floor":6,"key":"RECALL"},{"data":"Crippling Poison","floor":8,"key":"SMITH"},{"floor":15,"key":"REST"},{"data":"Malaise","floor":23,"key":"SMITH"},{"floor":32,"key":"REST"},{"floor":40,"key":"REST"}],"neow_cost":"NONE","seed_source_timestamp":681439465788491,"circlet_count":0,"master_deck":["Defend_G","Defend_G","Strike_G","Strike_G","Strike_G","Survivor","Neutralize","Crippling Poison","Bouncing Flask","Crippling Poison+1","Well Laid Plans","After Image","Crippling Poison","Malaise+1","Cloak And Dagger","Cloak And Dagger","Corpse Explosion","Cloak And Dagger+1","Dash+1"],"relics":["Ring of the Snake","NeowsBlessing","Snake Skull","Odd Mushroom","Dream Catcher","Velvet Choker","MutagenicStrength","Runic Dome","Pear","Smiling Mask"],"potions_floor_usage":[14,33,33,33],"damage_taken":[{"damage":0,"enemies":"Jaw Worm","floor":1,"turns":1},{"damage":0,"enemies":"Small Slimes","floor":4,"turns":1},{"damage":0,"enemies":"2 Louse","floor":5,"turns":1},{"damage":6,"enemies":"2 Fungi Beasts","floor":7,"turns":4},{"damage":4,"enemies":"Blue Slaver","floor":10,"turns":6},{"damage":6,"enemies":"The Mushroom Lair","floor":11,"turns":3},{"damage":26,"enemies":"Lagavulin","floor":14,"turns":6},{"damage":10,"enemies":"The Guardian","floor":16,"turns":10},{"damage":11,"enemies":"2 Thieves","floor":18,"turns":4},{"damage":9,"enemies":"Spheric Guardian","floor":19,"turns":4},{"damage":13,"enemies":"Colosseum Slavers","floor":21,"turns":4},{"damage":8,"enemies":"Centurion and Healer","floor":25,"turns":5},{"damage":6,"enemies":"Shelled Parasite and Fungi","floor":28,"turns":5},{"damage":14,"enemies":"Sentry and Sphere","floor":31,"turns":4},{"damage":36,"enemies":"Automaton","floor":33,"turns":12},{"damage":0,"enemies":"3 Shapes","floor":35,"turns":2},{"damage":19,"enemies":"3 Darklings","floor":37,"turns":3},{"damage":34,"enemies":"Jaw Worm Horde","floor":38,"turns":3},{"damage":19,"enemies":"Reptomancer","floor":41,"turns":6},{"damage":37,"enemies":"Transient","floor":44,"turns":4}],"seed_played":"7048310846516193855","potions_obtained":[{"floor":1,"key":"GamblersBrew"},{"floor":14,"key":"SteroidPotion"},{"floor":16,"key":"Poison Potion"},{"floor":25,"key":"PowerPotion"},{"floor":37,"key":"LiquidBronze"},{"floor":38,"key":"GhostInAJar"}],"is_trial":false,"path_per_floor":["M","?","$","M","M","R","M","R","T","M","?","$","?","E","R","B",null,"M","M","$","?","?","R","?","M","T","?","M","$","?","M","R","B",null,"M","?","M","M","?","R","E","?","T","M"],"character_chosen":"THE_SILENT","items_purchased":[],"campfire_rested":3,"item_purchase_floors":[],"current_hp_per_floor":[70,63,63,63,63,63,57,57,57,53,47,47,36,10,31,21,70,59,50,50,37,60,60,70,62,62,62,56,56,56,42,63,27,70,70,70,51,17,17,36,27,27,27,0],"gold":228,"neow_bonus":"THREE_ENEMY_KILL","is_prod":false,"is_daily":false,"chose_seed":false,"campfire_upgraded":2,"win_rate":0,"timestamp":1543784637,"path_taken":["M","?","$","M","M","R","M","R","T","M","?","$","?","E","R","BOSS","M","M","$","?","?","R","?","?","T","?","M","$","?","M","R","BOSS","M","?","M","M","?","R","E","?","T","M"],"build_version":"2018-11-15","purchased_purges":4,"victory":false,"max_hp_per_floor":[70,70,70,70,70,70,70,70,70,70,70,70,70,70,70,70,70,70,70,70,70,70,70,70,70,70,70,70,70,70,70,70,70,70,70,70,70,70,66,66,76,76,76,76],"card_choices":[{"not_picked":["Cloak And Dagger","Flying Knee"],"picked":"Crippling Poison","floor":1},{"not_picked":["Setup","Skewer"],"picked":"Bouncing Flask","floor":4},{"not_picked":["Backflip","Tactician","Concentrate"],"picked":"SKIP","floor":5},{"not_picked":["Flying Knee","PiercingWail"],"picked":"Crippling Poison","floor":7},{"not_picked":["Cloak And Dagger","Catalyst"],"picked":"Well Laid Plans","floor":10},{"not_picked":["Finisher","Choke"],"picked":"After Image","floor":14},{"not_picked":["Dagger Throw","Blade Dance"],"picked":"Crippling Poison","floor":15},{"not_picked":["Burst","Venomology"],"picked":"Malaise","floor":16},{"not_picked":["Setup","PiercingWail","Prepared"],"picked":"SKIP","floor":18},{"not_picked":["Blade Dance","Acrobatics","Sucker Punch+1"],"picked":"SKIP","floor":19},{"not_picked":["Die Die Die","Flechettes","Deflect"],"picked":"SKIP","floor":25},{"not_picked":["Distraction","Underhanded Strike","Acrobatics+1"],"picked":"SKIP","floor":28},{"not_picked":["Accuracy+1","Slice"],"picked":"Cloak And Dagger","floor":31},{"not_picked":["Deadly Poison","Glass Knife"],"picked":"Cloak And Dagger","floor":32},{"not_picked":["Glass Knife","Envenom"],"picked":"Corpse Explosion","floor":33},{"not_picked":["Blade Dance+1","Poisoned Stab+1"],"picked":"Cloak And Dagger+1","floor":35},{"not_picked":["Skewer","Caltrops","Deadly Poison"],"picked":"SKIP","floor":37},{"not_picked":["Deflect+1","Outmaneuver+1"],"picked":"Dash+1","floor":38},{"not_picked":["Quick Slash","Flechettes","Endless Agony+1"],"picked":"SKIP","floor":41}],"player_experience":619422,"relics_obtained":[{"floor":9,"key":"Snake Skull"},{"floor":11,"key":"Odd Mushroom"},{"floor":14,"key":"Dream Catcher"},{"floor":41,"key":"Pear"},{"floor":43,"key":"Smiling Mask"}],"event_choices":[{"cards_removed":["Defend_G"],"damage_healed":0,"gold_gain":0,"player_choice":"Card Removal","damage_taken":7,"max_hp_gain":0,"max_hp_loss":0,"event_name":"Golden Wing","floor":2,"gold_loss":0},{"damage_healed":0,"gold_gain":0,"player_choice":"Fought Mushrooms","damage_taken":0,"max_hp_gain":0,"max_hp_loss":0,"event_name":"Mushrooms","floor":11,"gold_loss":0},{"damage_healed":0,"gold_gain":75,"player_choice":"Gather Gold","damage_taken":11,"max_hp_gain":0,"max_hp_loss":0,"event_name":"World of Goop","floor":13,"gold_loss":0},{"damage_healed":0,"gold_gain":0,"player_choice":"Fight","damage_taken":0,"max_hp_gain":0,"max_hp_loss":0,"event_name":"Colosseum","floor":21,"gold_loss":0},{"damage_healed":0,"gold_gain":0,"player_choice":"Fled From Nobs","damage_taken":0,"max_hp_gain":0,"max_hp_loss":0,"event_name":"Colosseum","floor":21,"gold_loss":0},{"damage_healed":23,"gold_gain":0,"player_choice":"Heal","damage_taken":0,"max_hp_gain":0,"max_hp_loss":0,"event_name":"The Library","floor":22,"gold_loss":0},{"damage_healed":10,"gold_gain":0,"player_choice":"Full Heal","damage_taken":0,"max_hp_gain":0,"max_hp_loss":0,"event_name":"Wheel of Change","floor":24,"gold_loss":0},{"damage_healed":0,"gold_gain":0,"player_choice":"Inject Mutagens","damage_taken":0,"relics_obtained":["MutagenicStrength"],"max_hp_gain":0,"max_hp_loss":0,"event_name":"Drug Dealer","floor":27,"gold_loss":0},{"damage_healed":0,"gold_gain":0,"player_choice":"Ignored","damage_taken":0,"max_hp_gain":0,"max_hp_loss":0,"event_name":"Vampires","floor":30,"gold_loss":0},{"damage_healed":0,"gold_gain":0,"player_choice":"Memory 1","damage_taken":0,"max_hp_gain":0,"max_hp_loss":0,"event_name":"SensoryStone","floor":36,"gold_loss":0},{"damage_healed":0,"gold_gain":0,"player_choice":"Max HP","damage_taken":0,"max_hp_gain":0,"max_hp_loss":4,"event_name":"Winding Halls","floor":39,"gold_loss":0},{"damage_healed":0,"gold_gain":0,"player_choice":"Ignored","damage_taken":0,"max_hp_gain":0,"max_hp_loss":0,"event_name":"Tomb of Lord Red Mask","floor":42,"gold_loss":0}],"is_beta":false,"boss_relics":[{"not_picked":["Black Star","White Beast Statue"],"picked":"Velvet Choker"},{"not_picked":["HoveringKite","Snecko Eye"],"picked":"Runic Dome"}],"items_purged_floors":[3,12,20,29],"is_endless":false,"potions_floor_spawned":[1,14,16,25,28,31,37,38],"killed_by":"Transient","ascension_level":3}