{"gold_per_floor":[15,15,25,100,120,133,133,153,153,179,199,228,228,48,48,150,150,165,165,179,32,32,67,67,102,159,53,70,170,186,186,186,186],"floor_reached":33,"playtime":2991,"items_purged":["Strike_G"],"score":413,"play_id":"55fbced3-7d0b-4b00-ac7c-f90fed911001","local_time":"20190220221851","is_ascension_mode":true,"campfire_choices":[{"data":"Neutralize","floor":7.0,"key":"SMITH"},{"data":"Footwork","floor":13.0,"key":"SMITH"},{"floor":15.0,"key":"REST"},{"data":"Leg Sweep","floor":24.0,"key":"SMITH"},{"floor":32,"key":"REST"}],"neow_cost":"NO_GOLD","seed_source_timestamp":505088321467245,"circlet_count":0,"master_deck":["Defend_G","Defend_G","Defend_G","Defend_G","Defend_G","Strike_G","Strike_G","Strike_G","Survivor","Neutralize+1","PiercingWail","Dagger Throw","Dagger Throw","Predator","Dash","Footwork+1","Malaise","Crippling Poison","Unload","Doppelganger","Dash+1","Expertise","Cloak And Dagger","Dagger Throw","Leg Sweep+1","Footwork","Terror","Tactician","Blur+1"],"special_seed":0,"relics":["Ring of the Snake","Tough Bandages","Gremlin Horn","Bird Faced Urn","Sozu","Bag of Preparation","Letter Opener","Tiny Chest","FaceOfCleric"],"potions_floor_usage":[],"damage_taken":[{"damage":7.0,"enemies":"Jaw Worm","floor":1.0,"turns":5.0},{"damage":12.0,"enemies":"Cultist","floor":3.0,"turns":7.0},{"damage":2.0,"enemies":"2 Louse","floor":5.0,"turns":7.0},{"damage":0.0,"enemies":"Exordium Wildlife","floor":6.0,"turns":4.0},{"damage":0.0,"enemies":"2 Fungi Beasts","floor":8.0,"turns":4.0},{"damage":15.0,"enemies":"Gremlin Nob","floor":10.0,"turns":4.0},{"damage":0.0,"enemies":"Exordium Thugs","floor":11.0,"turns":5.0},{"damage":15.0,"enemies":"3 Sentries","floor":12.0,"turns":9.0},{"damage":8.0,"enemies":"Hexaghost","floor":16.0,"turns":16.0},{"damage":2.0,"enemies":"Chosen","floor":18.0,"turns":8.0},{"damage":0.0,"enemies":"3 Byrds","floor":20.0,"turns":6.0},{"damage":4.0,"enemies":"Gremlin Leader","floor":23.0,"turns":12.0},{"damage":42,"enemies":"Slavers","floor":25,"turns":8},{"damage":10,"enemies":"Centurion and Healer","floor":28,"turns":7},{"damage":6,"enemies":"Chosen and Byrds","floor":30,"turns":8},{"damage":63,"enemies":"Champ","floor":33,"turns":20}],"seed_played":"9182886479106432509","potions_obtained":[{"floor":3.0,"key":"SpeedPotion"},{"floor":6.0,"key":"AttackPotion"},{"floor":8.0,"key":"Explosive Potion"},{"floor":10.0,"key":"SpeedPotion"}],"is_trial":false,"path_per_floor":["M","?","M","?","M","M","R","M","T","E","M","E","R","$","R","B",null,"M","?","M","$","$","E","R","E","T","$","M","?","M","?","R","B"],"character_chosen":"THE_SILENT","items_purchased":["Crippling Poison","Unload","Cloak And Dagger","Dagger Throw","Terror","Tactician"],"campfire_rested":2,"item_purchase_floors":[14,14,21,21,27,27],"current_hp_per_floor":[70,70,58,47,45,45,45,45,45,30,30,15,15,15,40,34,72,72,72,74,74,74,72,72,32,32,32,26,26,24,24,49,0],"gold":186,"neow_bonus":"TWENTY_PERCENT_HP_BONUS","is_prod":false,"is_daily":false,"chose_seed":false,"campfire_upgraded":3,"win_rate":0,"timestamp":1550729931,"path_taken":["M","?","?","?","M","M","R","M","T","E","M","E","R","?","R","BOSS","M","?","M","?","$","E","R","E","T","$","M","?","?","?","R","BOSS"],"build_version":"2019-01-23","purchased_purges":1,"victory":false,"max_hp_per_floor":[84,84,84,84,84,84,84,84,84,84,84,84,84,84,84,84,84,84,84,84,84,84,84,84,84,84,84,84,84,84,84,84,84],"card_choices":[{"not_picked":["Poisoned Stab","Finisher"],"picked":"PiercingWail","floor":1.0},{"not_picked":["Prepared","Eviscerate","Slice"],"picked":"SKIP","floor":3.0},{"not_picked":["Poisoned Stab","PiercingWail"],"picked":"Dagger Throw","floor":5.0},{"not_picked":["Bane","Underhanded Strike"],"picked":"Dagger Throw","floor":6.0},{"not_picked":["Slice","Underhanded Strike"],"picked":"Predator","floor":8.0},{"not_picked":["Skewer","Slice"],"picked":"Dash","floor":10.0},{"not_picked":["Cloak And Dagger","Slice"],"picked":"Footwork","floor":11.0},{"not_picked":["Slice","Eviscerate"],"picked":"Malaise","floor":12.0},{"not_picked":["Burst","Bullet Time"],"picked":"Doppelganger","floor":16.0},{"not_picked":["Choke","Eviscerate"],"picked":"Dash+1","floor":18.0},{"not_picked":["Slice","Poisoned Stab"],"picked":"Expertise","floor":20.0},{"not_picked":["Blur","Deflect"],"picked":"Leg Sweep","floor":23.0},{"not_picked":["Prepared","Slice"],"picked":"Footwork","floor":25},{"not_picked":["Dash","Blade Dance","Sucker Punch"],"picked":"SKIP","floor":28},{"not_picked":["Outmaneuver+1","Dagger Spray+1"],"picked":"Blur+1","floor":30}],"player_experience":454254,"relics_obtained":[{"floor":9.0,"key":"Tough Bandages"},{"floor":10.0,"key":"Gremlin Horn"},{"floor":12.0,"key":"Bird Faced Urn"},{"floor":23.0,"key":"Bag of Preparation"},{"floor":25,"key":"Letter Opener"},{"floor":26,"key":"Tiny Chest"}],"event_choices":[{"damage_healed":0.0,"max_hp_gain":0.0,"max_hp_loss":0.0,"gold_gain":0.0,"event_name":"WeMeetAgain","player_choice":"Ignored","floor":2.0,"gold_loss":0.0,"damage_taken":0.0},{"damage_healed":0.0,"max_hp_gain":0.0,"max_hp_loss":0.0,"gold_gain":75.0,"event_name":"World of Goop","player_choice":"Gather Gold","floor":4.0,"gold_loss":0.0,"damage_taken":11.0},{"cards_removed":["Strike_G"],"damage_healed":0.0,"max_hp_gain":0.0,"max_hp_loss":0.0,"gold_gain":0.0,"event_name":"Purifier","player_choice":"Purged","floor":19.0,"gold_loss":0.0,"damage_taken":0.0},{"damage_healed":0,"gold_gain":100,"player_choice":"Pray","damage_taken":0,"max_hp_gain":0,"max_hp_loss":0,"event_name":"Golden Shrine","floor":29,"gold_loss":0},{"damage_healed":0,"gold_gain":0,"player_choice":"Trade","damage_taken":0,"relics_obtained":["FaceOfCleric"],"max_hp_gain":0,"max_hp_loss":0,"event_name":"FaceTrader","floor":31,"gold_loss":0}],"is_beta":false,"boss_relics":[{"not_picked":["Cursed Key","Velvet Choker"],"picked":"Sozu"}],"items_purged_floors":[21],"is_endless":false,"potions_floor_spawned":[3,6,8,10,25,28,30],"killed_by":"Champ","ascension_level":8}