{"gold_per_floor":[362,374,374,388,2,2,12,12,37,14,31,79,126,140,140,243,243,262,273,273,173,173,173,207,4,27,52,52,85,85,103,103,207,207,223,223,323,334,334,334,360,360,360,376,396,425,425,445,445,445,445,445,10,41,41],"floor_reached":56,"playtime":7452,"items_purged":["Regret","Normality","Bash","Dropkick"],"score":1403,"play_id":"995f57be-aa4e-4a71-9b0b-33f7b5c15975","local_time":"20190213033709","is_ascension_mode":true,"campfire_choices":[{"data":"Searing Blow","floor":6.0,"key":"SMITH"},{"data":"Searing Blow+1","floor":8.0,"key":"SMITH"},{"data":"Searing Blow+2","floor":15.0,"key":"SMITH"},{"floor":23.0,"key":"REST"},{"data":"Heavy Blade","floor":28.0,"key":"SMITH"},{"data":"Searing Blow+3","floor":30.0,"key":"SMITH"},{"data":"Searing Blow+4","floor":32.0,"key":"SMITH"},{"data":"Flex","floor":40.0,"key":"SMITH"},{"floor":42.0,"key":"RECALL"},{"data":"Bloodletting","floor":47.0,"key":"SMITH"},{"data":"Offering","floor":49.0,"key":"SMITH"},{"data":"Warcry","floor":52.0,"key":"SMITH"}],"neow_cost":"CURSE","seed_source_timestamp":0,"circlet_count":0,"master_deck":["Heavy Blade+1","Searing Blow+5","Flex+1","Flex+1","Metallicize","Offering+1","Warcry+1","Necronomicurse","Dual Wield+1","Burning Pact+1","Inflame","Rupture","Inflame+1","Reaper","Battle Trance","Sword Boomerang","Searing Blow","Inflame","Inflame","Bloodletting+1","Rage","Inflame","Battle Trance","Limit Break"],"special_seed":0,"relics":["Burning Blood","Red Skull","Tiny Chest","Orichalcum","Juzu Bracelet","Oddly Smooth Stone","War Paint","Velvet Choker","Necronomicon","Art of War","Centennial Puzzle","Anchor","Pear","Pandora\u0027s Box","FossilizedHelix","Blood Vial","PreservedInsect","Pen Nib","Blue Candle"],"potions_floor_usage":[55,55,55],"damage_taken":[{"damage":1.0,"enemies":"Cultist","floor":1.0,"turns":3.0},{"damage":0.0,"enemies":"Small Slimes","floor":2.0,"turns":3.0},{"damage":4.0,"enemies":"Jaw Worm","floor":4.0,"turns":3.0},{"damage":6.0,"enemies":"Blue Slaver","floor":7.0,"turns":4.0},{"damage":8.0,"enemies":"Exordium Wildlife","floor":11.0,"turns":5.0},{"damage":7.0,"enemies":"Red Slaver","floor":14.0,"turns":4.0},{"damage":53.0,"enemies":"Hexaghost","floor":16.0,"turns":10.0},{"damage":9.0,"enemies":"Chosen","floor":18.0,"turns":4.0},{"damage":23.0,"enemies":"Spheric Guardian","floor":19.0,"turns":5.0},{"damage":33.0,"enemies":"Book of Stabbing","floor":24.0,"turns":4.0},{"damage":10.0,"enemies":"Slavers","floor":27.0,"turns":4.0},{"damage":0.0,"enemies":"Gremlin Leader","floor":29.0,"turns":2.0},{"damage":3.0,"enemies":"Chosen and Byrds","floor":31.0,"turns":4.0},{"damage":41.0,"enemies":"Collector","floor":33.0,"turns":6.0},{"damage":24.0,"enemies":"3 Darklings","floor":35.0,"turns":5.0},{"damage":40.0,"enemies":"Mind Bloom Boss Battle","floor":37.0,"turns":6.0},{"damage":9.0,"enemies":"3 Shapes","floor":38.0,"turns":3.0},{"damage":7.0,"enemies":"Giant Head","floor":41.0,"turns":4.0},{"damage":29.0,"enemies":"Jaw Worm Horde","floor":44.0,"turns":4.0},{"damage":23.0,"enemies":"Sphere and 2 Shapes","floor":45.0,"turns":3.0},{"damage":0.0,"enemies":"Reptomancer","floor":46.0,"turns":2.0},{"damage":31.0,"enemies":"4 Shapes","floor":48.0,"turns":5.0},{"damage":42.0,"enemies":"Time Eater","floor":50.0,"turns":5.0},{"damage":20.0,"enemies":"Shield and Spear","floor":54.0,"turns":4.0},{"damage":127,"enemies":"The Heart","floor":55,"turns":7}],"seed_played":"-8044620575238368429","potions_obtained":[{"floor":1.0,"key":"Block Potion"},{"floor":2.0,"key":"AttackPotion"},{"floor":4.0,"key":"PowerPotion"},{"floor":24.0,"key":"Strength Potion"},{"floor":29.0,"key":"Regen Potion"},{"floor":33.0,"key":"Swift Potion"},{"floor":37.0,"key":"AttackPotion"},{"floor":45.0,"key":"Block Potion"},{"floor":48.0,"key":"Fire Potion"}],"is_trial":false,"path_per_floor":["M","M","?","M","$","R","M","R","T","$","M","T","T","M","R","B",null,"M","M","?","$","?","R","E","$","T","E","R","E","R","M","R","B",null,"M","?","?","M","?","R","E","R","T","M","M","E","R","M","R","B",null,"R","$","E","B",null],"character_chosen":"IRONCLAD","items_purchased":["Tiny Chest","Orichalcum","Flex","Flex","Inflame","Pen Nib","Battle Trance","Strength Potion","SkillPotion"],"campfire_rested":1,"item_purchase_floors":[5,5,5,10,25,53,53,53,53],"current_hp_per_floor":[80,80,80,80,80,80,80,80,80,80,78,78,78,77,77,30,80,77,60,44,44,44,68,41,41,41,37,37,53,53,56,56,26,90,90,90,90,90,90,90,90,90,90,90,73,81,81,88,88,66,90,90,90,90,15],"gold":41,"neow_bonus":"TWO_FIFTY_GOLD","is_prod":false,"is_daily":false,"chose_seed":false,"campfire_upgraded":10,"win_rate":0,"timestamp":1550025429,"path_taken":["M","?","?","M","$","R","M","R","T","$","M","?","?","M","R","BOSS","M","M","?","$","?","R","E","$","T","E","R","E","R","M","R","BOSS","M","?","?","M","?","R","E","R","T","M","M","E","R","M","R","BOSS","R","$","E","BOSS"],"build_version":"2019-01-23","purchased_purges":4,"victory":true,"max_hp_per_floor":[80,80,80,80,80,80,80,80,80,80,80,80,80,80,80,80,80,80,80,80,80,80,80,80,80,80,80,80,90,90,90,90,90,90,90,90,90,90,90,90,90,90,90,90,90,90,90,90,90,90,90,90,90,90,90],"card_choices":[{"not_picked":["Seeing Red","Rupture"],"picked":"Heavy Blade","floor":1.0},{"not_picked":["Evolve","Fire Breathing","Wild Strike"],"picked":"SKIP","floor":2.0},{"not_picked":["Sentinel","Pommel Strike"],"picked":"Searing Blow","floor":4.0},{"not_picked":["Heavy Blade","Seeing Red","Perfected Strike"],"picked":"SKIP","floor":7.0},{"not_picked":["Perfected Strike","Shockwave","Sword Boomerang"],"picked":"SKIP","floor":11.0},{"not_picked":["Perfected Strike","Flame Barrier"],"picked":"Metallicize","floor":14.0},{"not_picked":["Dark Embrace","Fiend Fire"],"picked":"Offering","floor":16.0},{"not_picked":["Perfected Strike","Sever Soul"],"picked":"Warcry","floor":18.0},{"not_picked":["Clash","Twin Strike","Armaments"],"picked":"SKIP","floor":19.0},{"not_picked":["True Grit","Cleave+1"],"picked":"Burning Pact+1","floor":24.0},{"not_picked":["Thunderclap","Iron Wave+1","Blood for Blood"],"picked":"SKIP","floor":27.0},{"not_picked":["Warcry","Clash+1"],"picked":"Rupture","floor":29.0},{"not_picked":["Rupture","Warcry"],"picked":"Inflame+1","floor":31.0},{"not_picked":["Reaper","Berserk"],"picked":"Demon Form","floor":33.0},{"not_picked":["Cleave","Clash+1","Havoc+1"],"picked":"SKIP","floor":35.0},{"not_picked":["Sword Boomerang+1","Intimidate","Combust+1"],"picked":"SKIP","floor":38.0},{"not_picked":["Clothesline","Flame Barrier+1","Evolve"],"picked":"SKIP","floor":41.0},{"not_picked":["Ghostly Armor+1","Perfected Strike","Shrug It Off"],"picked":"SKIP","floor":44.0},{"not_picked":["Reckless Charge","Searing Blow","Wild Strike+1"],"picked":"SKIP","floor":45.0},{"not_picked":["Body Slam","Feel No Pain+1"],"picked":"Inflame","floor":46.0},{"not_picked":["Anger+1","Twin Strike","Clash"],"picked":"SKIP","floor":48.0},{"not_picked":["Heavy Blade+1","Disarm"],"picked":"Limit Break","floor":54.0}],"player_experience":171494,"relics_obtained":[{"floor":9.0,"key":"Juzu Bracelet"},{"floor":12.0,"key":"Oddly Smooth Stone"},{"floor":13.0,"key":"War Paint"},{"floor":20.0,"key":"Necronomicon"},{"floor":24.0,"key":"Art of War"},{"floor":26.0,"key":"Centennial Puzzle"},{"floor":27.0,"key":"Anchor"},{"floor":29.0,"key":"Pear"},{"floor":37.0,"key":"FossilizedHelix"},{"floor":41.0,"key":"Blood Vial"},{"floor":46.0,"key":"PreservedInsect"},{"floor":54.0,"key":"Blue Candle"}],"event_choices":[{"damage_healed":0.0,"max_hp_gain":0.0,"max_hp_loss":0.0,"gold_gain":0.0,"event_name":"Big Fish","player_choice":"Box","floor":3.0,"gold_loss":0.0,"damage_taken":0.0,"relics_obtained":["Red Skull"],"cards_obtained":["Regret"]},{"damage_healed":0.0,"max_hp_gain":0.0,"max_hp_loss":0.0,"gold_gain":0.0,"event_name":"Cursed Tome","player_choice":"Obtained Book","floor":20.0,"gold_loss":0.0,"damage_taken":16.0},{"damage_healed":0.0,"max_hp_gain":0.0,"max_hp_loss":0.0,"gold_gain":0.0,"event_name":"The Library","player_choice":"Read","floor":22.0,"gold_loss":0.0,"damage_taken":0.0,"cards_obtained":["Dual Wield"]},{"damage_healed":0.0,"max_hp_gain":0.0,"max_hp_loss":0.0,"gold_gain":0.0,"event_name":"Upgrade Shrine","player_choice":"Upgraded","floor":36.0,"gold_loss":0.0,"damage_taken":0.0,"cards_upgraded":["Dual Wield"]},{"damage_healed":0.0,"max_hp_gain":0.0,"max_hp_loss":0.0,"gold_gain":0.0,"event_name":"MindBloom","player_choice":"Fight","floor":37.0,"gold_loss":0.0,"damage_taken":0.0},{"cards_removed":["Demon Form"],"damage_healed":0.0,"max_hp_gain":0.0,"max_hp_loss":0.0,"gold_gain":0.0,"event_name":"Falling","player_choice":"Removed Power","floor":39.0,"gold_loss":0.0,"damage_taken":0.0}],"is_beta":false,"boss_relics":[{"not_picked":["White Beast Statue","Mark of Pain"],"picked":"Velvet Choker"},{"not_picked":["Cursed Key","Coffee Dripper"],"picked":"Pandora\u0027s Box"}],"items_purged_floors":[5,21,25,53],"is_endless":false,"potions_floor_spawned":[1,2,4,24,29,33,37,38,45,48],"ascension_level":2}