{"gold_per_floor":[119,136,136,86,86,114,126,126,199,216,216,8,24,43,43,146,446,460,460,475,475,40,69,69,69,69,169,169,169,88,100,100,199,199,216,89,141,69,85,85,185,185,212,19,37,37,37,53,53,53],"floor_reached":51,"playtime":11718,"items_purged":["Normality","Decay"],"score":736,"play_id":"f020fe2b-8631-4143-803a-8b38107e0e61","local_time":"20190102234846","is_ascension_mode":false,"campfire_choices":[{"data":"Calculated Gamble","floor":8,"key":"SMITH"},{"data":"Die Die Die","floor":11,"key":"SMITH"},{"data":"Infinite Blades","floor":15,"key":"SMITH"},{"floor":29,"key":"REST"},{"data":"Terror","floor":32,"key":"SMITH"},{"data":"Finisher","floor":40,"key":"SMITH"},{"data":"Crippling Poison","floor":42,"key":"SMITH"},{"data":"All Out Attack","floor":49,"key":"SMITH"}],"neow_cost":"NONE","seed_source_timestamp":51209549552038,"circlet_count":0,"master_deck":["Defend_G","Defend_G","Defend_G","Defend_G","Strike_G+1","Strike_G","Strike_G+1","Strike_G","Survivor","Neutralize","Acrobatics","Calculated Gamble+1","Masterful Stab","Backflip","Die Die Die+1","All Out Attack+1","Infinite Blades+1","Slice","Poisoned Stab","Unload","Parasite","Dagger Spray+1","Crippling Poison+1","Flying Knee","Enlightenment","Dagger Throw+1","Terror+1","Endless Agony","Tactician+1","Finisher+1","Malaise+1","Blur+1","Backflip+1","Blade Dance+1","Expertise+1","Eviscerate+1","Crippling Poison+1","Deflect+1","Apotheosis+1","Distraction+1"],"relics":["Ring of the Serpent","NeowsBlessing","Boot","Mercury Hourglass","Calling Bell","Juzu Bracelet","Mummified Hand","Old Coin","MutagenicStrength","PreservedInsect","Lee\u0027s Waffle","Tough Bandages","Paper Crane","Gambling Chip","Pantograph","Toxic Egg 2","Mango","Calipers","Whetstone","Toolbox"],"potions_floor_usage":[18,31,33,50,50],"damage_taken":[{"damage":0,"enemies":"2 Louse","floor":1,"turns":1},{"damage":0,"enemies":"Cultist","floor":2,"turns":1},{"damage":0,"enemies":"Gremlin Nob","floor":6,"turns":1},{"damage":1,"enemies":"Jaw Worm","floor":7,"turns":3},{"damage":0,"enemies":"Lots of Slimes","floor":10,"turns":3},{"damage":6,"enemies":"Exordium Thugs","floor":13,"turns":3},{"damage":0,"enemies":"Exordium Wildlife","floor":14,"turns":2},{"damage":30,"enemies":"The Guardian","floor":16,"turns":12},{"damage":29,"enemies":"Shell Parasite","floor":18,"turns":5},{"damage":0,"enemies":"3 Byrds","floor":20,"turns":3},{"damage":19,"enemies":"Book of Stabbing","floor":23,"turns":4},{"damage":12,"enemies":"Colosseum Slavers","floor":27,"turns":2},{"damage":14,"enemies":"Colosseum Nobs","floor":27,"turns":3},{"damage":15,"enemies":"Centurion and Healer","floor":31,"turns":3},{"damage":44,"enemies":"Automaton","floor":33,"turns":11},{"damage":0,"enemies":"Orb Walker","floor":35,"turns":3},{"damage":22,"enemies":"2 Orb Walkers","floor":37,"turns":5},{"damage":8,"enemies":"3 Darklings","floor":39,"turns":3},{"damage":0,"enemies":"Mind Bloom Boss Battle","floor":41,"turns":5},{"damage":1,"enemies":"Jaw Worm Horde","floor":45,"turns":4},{"damage":17,"enemies":"Writhing Mass","floor":48,"turns":4},{"damage":84,"enemies":"Time Eater","floor":50,"turns":14}],"seed_played":"-6060688845390668692","potions_obtained":[{"floor":6,"key":"Fire Potion"},{"floor":10,"key":"PowerPotion"},{"floor":18,"key":"LiquidBronze"},{"floor":31,"key":"GhostInAJar"},{"floor":33,"key":"LiquidBronze"},{"floor":35,"key":"Block Potion"},{"floor":37,"key":"SpeedPotion"}],"is_trial":false,"path_per_floor":["M","M","?","?","?","E","M","R","T","M","R","$","M","M","R","B",null,"M","?","M","?","$","E","$","?","T","?","T","R","$","M","R","B",null,"M","$","?","$","M","R","?","R","T","$","M","?","?","M","R","B",null],"character_chosen":"THE_SILENT","items_purchased":["All Out Attack","FairyPotion","Infinite Blades","Caltrops","Flying Knee","Enlightenment","Lee\u0027s Waffle","Tactician+1","Backflip+1","Expertise+1","Toolbox"],"campfire_rested":1,"item_purchase_floors":[12,12,12,22,22,22,22,30,36,38,44],"current_hp_per_floor":[70,70,70,70,70,70,69,69,69,69,69,69,63,63,63,33,70,41,41,41,41,77,58,58,58,58,32,32,55,55,40,40,21,77,77,77,69,69,61,61,86,86,86,86,85,85,85,68,68,7],"gold":53,"neow_bonus":"THREE_ENEMY_KILL","is_prod":false,"is_daily":false,"chose_seed":false,"campfire_upgraded":7,"win_rate":0.0,"timestamp":1546469326,"path_taken":["M","M","?","?","?","E","M","R","T","?","R","$","M","M","R","BOSS","M","?","M","?","$","E","?","?","T","?","?","R","$","M","R","BOSS","M","$","?","$","M","R","?","R","T","?","M","?","?","M","R","BOSS"],"build_version":"2018-12-20","purchased_purges":2,"victory":true,"max_hp_per_floor":[70,70,70,70,70,70,70,70,70,70,70,70,70,70,70,70,70,70,70,70,70,77,77,77,77,77,77,77,77,77,77,77,77,77,77,77,91,91,91,91,91,91,91,91,91,91,91,91,91,91],"card_choices":[{"not_picked":["Dodge and Roll","Deadly Poison"],"picked":"Acrobatics","floor":1},{"not_picked":["Backflip","Blade Dance"],"picked":"Calculated Gamble","floor":2},{"not_picked":["Bouncing Flask","Prepared"],"picked":"Masterful Stab","floor":6},{"not_picked":["PiercingWail","Acrobatics"],"picked":"Backflip","floor":7},{"not_picked":["Poisoned Stab","Bouncing Flask"],"picked":"Die Die Die","floor":10},{"not_picked":["Escape Plan","Deadly Poison"],"picked":"Slice","floor":13},{"not_picked":["Reflex","Dagger Throw"],"picked":"Poisoned Stab","floor":14},{"not_picked":["Glass Knife","After Image"],"picked":"Unload","floor":16},{"not_picked":["Backflip","Dagger Throw"],"picked":"Dagger Spray+1","floor":18},{"not_picked":["Expertise","Quick Slash+1"],"picked":"Crippling Poison","floor":20},{"not_picked":["Masterful Stab","Prepared"],"picked":"Dagger Throw+1","floor":23},{"not_picked":["Skewer","Deflect"],"picked":"Endless Agony","floor":27},{"not_picked":["Slice","Footwork"],"picked":"Finisher","floor":31},{"not_picked":["Unload","Bullet Time+1"],"picked":"Malaise+1","floor":33},{"not_picked":["Slice+1","Deflect+1"],"picked":"Blur+1","floor":35},{"not_picked":["Dagger Throw+1","Crippling Poison+1"],"picked":"Blade Dance+1","floor":37},{"not_picked":["Backflip+1","Crippling Poison+1"],"picked":"Eviscerate+1","floor":39},{"not_picked":["Caltrops+1","Bouncing Flask+1"],"picked":"Crippling Poison+1","floor":41},{"not_picked":["Eviscerate+1","Bouncing Flask+1"],"picked":"Deflect+1","floor":45},{"not_picked":["Finesse+1","Bandage Up+1"],"picked":"Apotheosis+1","floor":47},{"not_picked":["Dagger Spray","Prepared+1"],"picked":"Distraction+1","floor":48}],"player_experience":17859,"relics_obtained":[{"floor":6,"key":"Boot"},{"floor":9,"key":"Mercury Hourglass"},{"floor":17,"key":"Juzu Bracelet"},{"floor":17,"key":"Mummified Hand"},{"floor":17,"key":"Old Coin"},{"floor":23,"key":"Tough Bandages"},{"floor":26,"key":"Paper Crane"},{"floor":27,"key":"Gambling Chip"},{"floor":27,"key":"Pantograph"},{"floor":28,"key":"Toxic Egg 2"},{"floor":37,"key":"Mango"},{"floor":41,"key":"Calipers"},{"floor":43,"key":"Whetstone"}],"event_choices":[{"damage_healed":0,"gold_gain":0,"player_choice":"Ignored","damage_taken":0,"max_hp_gain":0,"max_hp_loss":0,"event_name":"Golden Wing","floor":3,"gold_loss":0},{"cards_removed":["Defend_G"],"damage_healed":0,"gold_gain":0,"player_choice":"Card Removal","damage_taken":0,"max_hp_gain":0,"max_hp_loss":0,"event_name":"The Cleric","floor":4,"gold_loss":50},{"cards_removed":["Strike_G"],"damage_healed":0,"gold_gain":0,"player_choice":"Card Removal","damage_taken":0,"max_hp_gain":0,"max_hp_loss":0,"event_name":"Wheel of Change","floor":5,"gold_loss":0},{"damage_healed":0,"gold_gain":0,"player_choice":"Inject Mutagens","damage_taken":0,"relics_obtained":["MutagenicStrength"],"max_hp_gain":0,"max_hp_loss":0,"event_name":"Drug Dealer","floor":19,"gold_loss":0},{"damage_healed":0,"gold_gain":0,"player_choice":"Opened","damage_taken":0,"relics_obtained":["PreservedInsect"],"max_hp_gain":0,"max_hp_loss":0,"event_name":"The Mausoleum","floor":21,"gold_loss":0},{"damage_healed":0,"gold_gain":0,"player_choice":"Read","damage_taken":0,"max_hp_gain":0,"max_hp_loss":0,"event_name":"The Library","floor":25,"gold_loss":0,"cards_obtained":["Terror"]},{"damage_healed":0,"gold_gain":0,"player_choice":"Fight","damage_taken":0,"max_hp_gain":0,"max_hp_loss":0,"event_name":"Colosseum","floor":27,"gold_loss":0},{"damage_healed":0,"gold_gain":0,"player_choice":"Fought Nobs","damage_taken":0,"max_hp_gain":0,"max_hp_loss":0,"event_name":"Colosseum","floor":27,"gold_loss":0},{"damage_healed":0,"gold_gain":0,"player_choice":"Fight","damage_taken":0,"max_hp_gain":0,"max_hp_loss":0,"event_name":"Mysterious Sphere","floor":37,"gold_loss":0},{"damage_healed":0,"gold_gain":0,"player_choice":"Fight","damage_taken":0,"max_hp_gain":0,"max_hp_loss":0,"event_name":"MindBloom","floor":41,"gold_loss":0},{"cards_removed":["Caltrops"],"damage_healed":0,"gold_gain":0,"player_choice":"Removed Power","damage_taken":0,"max_hp_gain":0,"max_hp_loss":0,"event_name":"Falling","floor":46,"gold_loss":0},{"damage_healed":0,"gold_gain":0,"player_choice":"Memory 1","damage_taken":0,"max_hp_gain":0,"max_hp_loss":0,"event_name":"SensoryStone","floor":47,"gold_loss":0}],"is_beta":false,"boss_relics":[{"not_picked":["Runic Dome","Velvet Choker"],"picked":"Calling Bell"},{"not_picked":["Sozu","Snecko Eye"],"picked":"Ring of the Serpent"}],"items_purged_floors":[22,36],"is_endless":false,"potions_floor_spawned":[6,10,13,18,23,27,31,33,35,37,39,45],"ascension_level":0}