{"gold_per_floor":[110,123,137,155,170,200,200,225,225,237,266,266,266,17,17,117,117,117,117,117,117,0,0,0,0,0,0,0,0,0,0,0,0,0,0,0,0,0,0,0,0,0,0,0,0,0,0,0,0,0],"floor_reached":51,"playtime":5261,"items_purged":[],"score":637,"play_id":"776a6c92-9491-4a58-889b-f707c9c3d684","local_time":"20190301231418","is_ascension_mode":false,"campfire_choices":[{"floor":7.0,"key":"REST"},{"floor":12.0,"key":"REST"},{"floor":13.0,"key":"REST"},{"data":"Defragment","floor":15.0,"key":"SMITH"},{"floor":23,"key":"REST"},{"data":"Buffer","floor":25,"key":"SMITH"},{"data":"Creative AI","floor":30,"key":"SMITH"},{"floor":32,"key":"REST"},{"floor":40,"key":"REST"},{"data":"Echo Form","floor":42,"key":"SMITH"},{"data":"Sunder","floor":45,"key":"SMITH"},{"data":"Defragment","floor":49,"key":"SMITH"}],"neow_cost":"NONE","seed_source_timestamp":0,"circlet_count":0,"master_deck":["Strike_B","Strike_B","Strike_B","Defend_B","Defend_B","Defend_B","Zap","Dualcast","Compile Driver","Go for the Eyes","Aggregate","Defragment+1","Ball Lightning","Creative AI+1","Skim","Ball Lightning","Undo","Buffer+1","Hologram","Aggregate+1","Conserve Battery","White Noise","Ball Lightning","Echo Form+1","Leap","Hello World+1","Loop+1","Sunder+1","Conserve Battery+1","Defragment+1"],"special_seed":0,"relics":["Cracked Core","Pen Nib","WingedGreaves","Dodecahedron","Orichalcum","Matryoshka","Ectoplasm","Peace Pipe","Darkstone Periapt","Meat on the Bone","MutagenicStrength","Bronze Scales","Philosopher\u0027s Stone","Red Mask","FossilizedHelix","Sundial","Bottled Flame"],"potions_floor_usage":[31,33,33,37,37,50,50,50],"damage_taken":[{"damage":0.0,"enemies":"Jaw Worm","floor":1.0,"turns":5.0},{"damage":0.0,"enemies":"2 Louse","floor":2.0,"turns":3.0},{"damage":3.0,"enemies":"Small Slimes","floor":3.0,"turns":3.0},{"damage":12.0,"enemies":"Red Slaver","floor":4.0,"turns":4.0},{"damage":4.0,"enemies":"3 Louse","floor":5.0,"turns":5.0},{"damage":21.0,"enemies":"Lagavulin","floor":6.0,"turns":5.0},{"damage":36.0,"enemies":"3 Sentries","floor":8.0,"turns":5.0},{"damage":0.0,"enemies":"Looter","floor":10.0,"turns":4.0},{"damage":21.0,"enemies":"Lagavulin","floor":11.0,"turns":5.0},{"damage":29.0,"enemies":"Hexaghost","floor":16.0,"turns":10.0},{"damage":14.0,"enemies":"Spheric Guardian","floor":18.0,"turns":4.0},{"damage":0,"enemies":"Chosen","floor":20,"turns":5},{"damage":15,"enemies":"Snake Plant","floor":21,"turns":5},{"damage":6,"enemies":"Snecko","floor":24,"turns":5},{"damage":44,"enemies":"Slavers","floor":31,"turns":6},{"damage":11,"enemies":"Champ","floor":33,"turns":9},{"damage":24,"enemies":"3 Shapes","floor":35,"turns":6},{"damage":0,"enemies":"Orb Walker","floor":36,"turns":2},{"damage":0,"enemies":"Writhing Mass","floor":37,"turns":4},{"damage":0,"enemies":"Mind Bloom Boss Battle","floor":39,"turns":5},{"damage":0,"enemies":"Maw","floor":41,"turns":6},{"damage":0,"enemies":"Jaw Worm Horde","floor":47,"turns":2},{"damage":0,"enemies":"3 Darklings","floor":48,"turns":3},{"damage":69,"enemies":"Awakened One","floor":50,"turns":9}],"seed_played":"260083613075223431","potions_obtained":[{"floor":3.0,"key":"Explosive Potion"},{"floor":5.0,"key":"Regen Potion"},{"floor":6.0,"key":"FearPotion"},{"floor":11.0,"key":"Poison Potion"},{"floor":16.0,"key":"FearPotion"},{"floor":18.0,"key":"Fire Potion"},{"floor":24,"key":"FocusPotion"},{"floor":31,"key":"Block Potion"},{"floor":33,"key":"Energy Potion"},{"floor":35,"key":"Energy Potion"},{"floor":37,"key":"AttackPotion"},{"floor":39,"key":"SpeedPotion"},{"floor":41,"key":"Regen Potion"}],"is_trial":false,"path_per_floor":["M","M","M","M","M","E","R","E","T","M","E","R","R","$","R","B",null,"M","?","M","M","?","R","M","R","T","$","?","?","R","E","R","B",null,"M","M","M","?","?","R","M","R","T","?","R","$","M","M","R","B",null],"character_chosen":"DEFECT","items_purchased":["Matryoshka"],"campfire_rested":6,"item_purchase_floors":[14],"current_hp_per_floor":[82,82,79,67,63,56,80,44,44,44,23,47,71,71,71,42,82,68,68,68,53,53,77,71,71,71,71,71,71,71,39,63,52,82,58,58,58,58,58,82,82,82,82,82,82,82,82,82,82,40],"gold":0,"neow_bonus":"TEN_PERCENT_HP_BONUS","is_prod":false,"is_daily":false,"chose_seed":false,"campfire_upgraded":6,"win_rate":0.0,"timestamp":1551500058,"path_taken":["M","M","M","M","M","E","R","E","T","M","E","R","R","$","R","BOSS","M","?","M","M","?","R","M","R","T","$","?","?","R","E","R","BOSS","M","M","M","?","?","R","M","R","T","?","R","$","M","M","R","BOSS"],"build_version":"2019-01-23","purchased_purges":0,"victory":true,"max_hp_per_floor":[82,82,82,82,82,82,82,82,82,82,82,82,82,82,82,82,82,82,82,82,82,82,82,82,82,82,82,82,82,82,82,82,82,82,82,82,82,82,82,82,82,82,82,82,82,82,82,82,82,82],"card_choices":[{"not_picked":["Steam","Force Field"],"picked":"Compile Driver","floor":1.0},{"not_picked":["Ball Lightning","Sweeping Beam"],"picked":"Go for the Eyes","floor":2.0},{"not_picked":["Beam Cell","Scrape"],"picked":"Aggregate","floor":3.0},{"not_picked":["Compile Driver","Go for the Eyes"],"picked":"Defragment","floor":4.0},{"not_picked":["Turbo","Scrape"],"picked":"Ball Lightning","floor":5.0},{"not_picked":["Fusion","Conserve Battery"],"picked":"Creative AI","floor":6.0},{"not_picked":["Heatsinks","Leap"],"picked":"Skim","floor":8.0},{"not_picked":["Gash","White Noise"],"picked":"Ball Lightning","floor":10.0},{"not_picked":["Auto Shields","Go for the Eyes"],"picked":"Undo","floor":11.0},{"not_picked":["Thunder Strike","Amplify"],"picked":"Buffer","floor":16.0},{"not_picked":["Turbo","Leap"],"picked":"Hologram","floor":18.0},{"not_picked":["Storm","Tempest"],"picked":"Aggregate+1","floor":20},{"not_picked":["Blizzard+1","Leap"],"picked":"Conserve Battery","floor":21},{"not_picked":["Static Discharge","Leap"],"picked":"White Noise","floor":24},{"not_picked":["Scrape","Thunder Strike"],"picked":"Ball Lightning","floor":31},{"not_picked":["All For One","Reboot"],"picked":"Echo Form","floor":33},{"not_picked":["Streamline","Compile Driver"],"picked":"Leap","floor":35},{"not_picked":["Scrape+1","Leap+1"],"picked":"Hello World+1","floor":36},{"not_picked":["Compile Driver","Rebound+1"],"picked":"Loop+1","floor":37},{"not_picked":["Melter","Redo"],"picked":"Sunder","floor":39},{"not_picked":["Coolheaded","Capacitor"],"picked":"Conserve Battery+1","floor":41},{"not_picked":["Rebound","Ball Lightning"],"picked":"Defragment","floor":47},{"not_picked":["Reprogram","Aggregate","Streamline"],"picked":"SKIP","floor":48}],"player_experience":52835,"relics_obtained":[{"floor":6.0,"key":"Pen Nib"},{"floor":8.0,"key":"WingedGreaves"},{"floor":9.0,"key":"Dodecahedron"},{"floor":11.0,"key":"Orichalcum"},{"floor":26,"key":"Darkstone Periapt"},{"floor":26,"key":"Meat on the Bone"},{"floor":31,"key":"Bronze Scales"},{"floor":39,"key":"FossilizedHelix"},{"floor":43,"key":"Sundial"},{"floor":43,"key":"Bottled Flame"}],"event_choices":[{"damage_healed":0.0,"max_hp_gain":0.0,"max_hp_loss":0.0,"gold_gain":0.0,"event_name":"The Mausoleum","player_choice":"Opened","floor":19.0,"gold_loss":0.0,"damage_taken":0.0,"relics_obtained":["Peace Pipe"]},{"damage_healed":0,"gold_gain":0,"player_choice":"Paid Fearfully","damage_taken":0,"max_hp_gain":0,"max_hp_loss":0,"event_name":"Masked Bandits","floor":22,"gold_loss":117},{"damage_healed":0,"gold_gain":0,"player_choice":"Inject Mutagens","damage_taken":0,"relics_obtained":["MutagenicStrength"],"max_hp_gain":0,"max_hp_loss":0,"event_name":"Drug Dealer","floor":28,"gold_loss":0},{"cards_removed":["Strike_B"],"damage_healed":0,"gold_gain":0,"player_choice":"Purged","damage_taken":0,"max_hp_gain":0,"max_hp_loss":0,"event_name":"Purifier","floor":29,"gold_loss":0},{"damage_healed":0,"gold_gain":0,"player_choice":"Paid","damage_taken":0,"relics_obtained":["Red Mask"],"max_hp_gain":0,"max_hp_loss":0,"event_name":"Tomb of Lord Red Mask","floor":38,"gold_loss":0},{"damage_healed":0,"gold_gain":0,"player_choice":"Fight","damage_taken":0,"max_hp_gain":0,"max_hp_loss":0,"event_name":"MindBloom","floor":39,"gold_loss":0},{"cards_removed":["Defend_B"],"damage_healed":0,"gold_gain":0,"player_choice":"Removed Skill","damage_taken":0,"max_hp_gain":0,"max_hp_loss":0,"event_name":"Falling","floor":44,"gold_loss":0}],"is_beta":false,"boss_relics":[{"not_picked":["Empty Cage","Black Star"],"picked":"Ectoplasm"},{"not_picked":["Runic Pyramid","Calling Bell"],"picked":"Philosopher\u0027s Stone"}],"items_purged_floors":[],"is_endless":false,"potions_floor_spawned":[3,5,6,11,16,18,24,31,33,35,37,39,41],"ascension_level":0}