{"gold_per_floor":[116,128,138,138,138,138,155,171,254,267,217,217,227,242,242,346,346,363,363,351,351,370,370,380,380,380,380,393,418,431,26,26,26],"floor_reached":33,"playtime":1849,"items_purged":["Normality"],"score":292,"play_id":"8a7653ea-70fb-4b90-873a-7501c0a26c8a","local_time":"20190116194932","is_ascension_mode":true,"campfire_choices":[{"data":"Flame Barrier","floor":6.0,"key":"SMITH"},{"floor":15.0,"key":"REST"},{"floor":23,"key":"REST"},{"floor":25,"key":"REST"},{"data":"Metallicize","floor":27,"key":"SMITH"},{"floor":32,"key":"REST"}],"neow_cost":"NONE","seed_source_timestamp":0,"circlet_count":0,"master_deck":["Strike_R+1","Strike_R","Strike_R","Strike_R","Strike_R","Defend_R","Defend_R","Defend_R+1","Defend_R","Flame Barrier+1","Uppercut+1","Metallicize+1","Uppercut","Injury","Whirlwind","Master of Strategy"],"special_seed":0,"relics":["Eternal Feather","Ornamental Fan","Tiny Chest","Cursed Key","Gremlin Horn","Ancient Tea Set","Anchor"],"potions_floor_usage":[33,33,33],"damage_taken":[{"damage":2.0,"enemies":"Jaw Worm","floor":1.0,"turns":3.0},{"damage":9.0,"enemies":"Cultist","floor":2.0,"turns":5.0},{"damage":3.0,"enemies":"Small Slimes","floor":3.0,"turns":4.0},{"damage":8.0,"enemies":"Blue Slaver","floor":7.0,"turns":5.0},{"damage":0.0,"enemies":"Large Slime","floor":8.0,"turns":6.0},{"damage":7.0,"enemies":"Lots of Slimes","floor":10.0,"turns":5.0},{"damage":10.0,"enemies":"Exordium Thugs","floor":13.0,"turns":7.0},{"damage":2.0,"enemies":"3 Louse","floor":14.0,"turns":4.0},{"damage":20.0,"enemies":"The Guardian","floor":16.0,"turns":16.0},{"damage":7.0,"enemies":"3 Byrds","floor":18.0,"turns":4.0},{"damage":34.0,"enemies":"Colosseum Slavers","floor":19.0,"turns":7.0},{"damage":11.0,"enemies":"2 Thieves","floor":20.0,"turns":4.0},{"damage":0.0,"enemies":"Snecko","floor":22.0,"turns":5.0},{"damage":23,"enemies":"Snake Plant","floor":24,"turns":5},{"damage":28,"enemies":"Shelled Parasite and Fungi","floor":28,"turns":8},{"damage":29,"enemies":"Sentry and Sphere","floor":30,"turns":10},{"damage":56,"enemies":"Champ","floor":33,"turns":11}],"seed_played":"-155719606759279617","potions_obtained":[{"floor":1.0,"key":"SteroidPotion"},{"floor":3.0,"key":"EntropicBrew"},{"floor":8.0,"key":"BloodPotion"},{"floor":16.0,"key":"SmokeBomb"},{"floor":18.0,"key":"FearPotion"},{"floor":30,"key":"PowerPotion"}],"is_trial":false,"path_per_floor":["M","M","M","?","T","R","M","M","T","M","?","?","M","M","R","B",null,"M","?","M","?","M","R","M","R","T","R","M","T","M","$","R","B"],"character_chosen":"IRONCLAD","items_purchased":["Master of Strategy","Anchor"],"campfire_rested":4,"item_purchase_floors":[31,31],"current_hp_per_floor":[78,69,66,66,66,72,64,64,64,57,57,41,31,29,59,47,80,73,39,28,28,28,58,35,65,65,71,43,43,14,14,47,0],"gold":26,"neow_bonus":"BOSS_RELIC","is_prod":false,"is_daily":false,"chose_seed":false,"campfire_upgraded":2,"win_rate":0,"timestamp":1547689772,"path_taken":["M","M","M","?","?","R","M","M","T","?","?","?","M","M","R","BOSS","M","?","M","?","M","R","M","R","T","R","?","?","M","$","R","BOSS"],"build_version":"2019-01-10","purchased_purges":1,"victory":false,"max_hp_per_floor":[80,80,80,80,80,80,80,80,80,80,80,80,80,80,80,80,80,80,80,80,80,80,80,80,80,80,80,80,80,80,80,80,80],"card_choices":[{"not_picked":["Burning Pact","Havoc","Cleave"],"picked":"SKIP","floor":1.0},{"not_picked":["Flex","Headbutt","Combust"],"picked":"SKIP","floor":2.0},{"not_picked":["Pommel Strike","Sentinel"],"picked":"Flame Barrier","floor":3.0},{"not_picked":["Twin Strike","Dropkick","Rupture"],"picked":"SKIP","floor":7.0},{"not_picked":["Thunderclap","Havoc","Clothesline"],"picked":"SKIP","floor":8.0},{"not_picked":["Corruption","Wild Strike","Anger"],"picked":"SKIP","floor":10.0},{"not_picked":["Double Tap","Rage"],"picked":"Uppercut","floor":13.0},{"not_picked":["Havoc","Pommel Strike","Wild Strike"],"picked":"SKIP","floor":14.0},{"not_picked":["Feel No Pain","Pommel Strike","Combust"],"picked":"SKIP","floor":18.0},{"not_picked":["Burning Pact","Armaments","Pommel Strike"],"picked":"SKIP","floor":20.0},{"not_picked":["Burning Pact","Havoc+1","Heavy Blade"],"picked":"SKIP","floor":22},{"not_picked":["Fire Breathing","Heavy Blade"],"picked":"Metallicize","floor":24},{"not_picked":["Anger","Warcry"],"picked":"Uppercut","floor":28},{"not_picked":["Flex","Heavy Blade+1"],"picked":"Whirlwind","floor":30}],"player_experience":1051090,"relics_obtained":[{"floor":5.0,"key":"Ornamental Fan"},{"floor":9.0,"key":"Tiny Chest"},{"floor":26,"key":"Gremlin Horn"},{"floor":29,"key":"Ancient Tea Set"}],"event_choices":[{"damage_healed":0.0,"max_hp_gain":0.0,"max_hp_loss":0.0,"gold_gain":0.0,"event_name":"Liars Game","player_choice":"Ignored","floor":4.0,"gold_loss":0.0,"damage_taken":0.0},{"cards_removed":["Bash"],"damage_healed":0.0,"max_hp_gain":0.0,"max_hp_loss":0.0,"gold_gain":0.0,"event_name":"The Cleric","player_choice":"Card Removal","floor":11.0,"gold_loss":50.0,"damage_taken":0.0},{"damage_healed":0.0,"max_hp_gain":0.0,"max_hp_loss":0.0,"gold_gain":0.0,"event_name":"Shining Light","player_choice":"Entered Light","floor":12.0,"gold_loss":0.0,"damage_taken":16.0,"cards_upgraded":["Defend_R","Strike_R"]},{"damage_healed":0.0,"max_hp_gain":0.0,"max_hp_loss":0.0,"gold_gain":0.0,"event_name":"Colosseum","player_choice":"Fight","floor":19.0,"gold_loss":0.0,"damage_taken":0.0},{"damage_healed":0.0,"max_hp_gain":0.0,"max_hp_loss":0.0,"gold_gain":0.0,"event_name":"Colosseum","player_choice":"Fled From Nobs","floor":19.0,"gold_loss":0.0,"damage_taken":0.0},{"damage_healed":0.0,"max_hp_gain":0.0,"max_hp_loss":0.0,"gold_gain":0.0,"event_name":"Upgrade Shrine","player_choice":"Upgraded","floor":21.0,"gold_loss":0.0,"damage_taken":0.0,"cards_upgraded":["Uppercut"]}],"is_beta":false,"boss_relics":[{"not_picked":["Tiny House","Ectoplasm"],"picked":"Cursed Key"}],"items_purged_floors":[31],"is_endless":false,"potions_floor_spawned":[1,3,8,16,18,24,30],"killed_by":"Champ","ascension_level":4}