{"gold_per_floor":[117,117,130,146,146,146,165,340,363,131,155,178,178,178,178,298,298,313,403,403],"floor_reached":20,"playtime":1613,"items_purged":["Parasite"],"score":213,"play_id":"3dbec15c-ca8b-411a-86ce-4ce9a3cb80a8","local_time":"20190225230757","is_ascension_mode":true,"campfire_choices":[{"data":"True Grit","floor":6,"key":"SMITH"},{"data":"Battle Trance","floor":13,"key":"SMITH"},{"data":"Sever Soul","floor":15,"key":"SMITH"}],"neow_cost":"NONE","seed_source_timestamp":882078021061448,"circlet_count":0,"master_deck":["Strike_R","Strike_R","Strike_R","Strike_R","Strike_R","Defend_R","Defend_R","Defend_R","Defend_R","Bash","True Grit+1","Doubt","Sever Soul+1","Battle Trance+1","Demon Form","PanicButton"],"relics":["Cursed Key","Golden Idol","Regal Pillow","Omamori","Mark of Pain"],"potions_floor_usage":[16,16,20],"damage_taken":[{"damage":0,"enemies":"Small Slimes","floor":1,"turns":4},{"damage":2,"enemies":"Jaw Worm","floor":3,"turns":4},{"damage":3,"enemies":"2 Louse","floor":4,"turns":2},{"damage":16,"enemies":"Gremlin Gang","floor":7,"turns":7},{"damage":2,"enemies":"Large Slime","floor":11,"turns":7},{"damage":10,"enemies":"Exordium Thugs","floor":12,"turns":5},{"damage":9,"enemies":"Slime Boss","floor":16,"turns":10},{"damage":26,"enemies":"Shell Parasite","floor":18,"turns":7},{"damage":31,"enemies":"Chosen","floor":20,"turns":5}],"seed_played":"-1172574988623847596","potions_obtained":[{"floor":3,"key":"BloodPotion"},{"floor":11,"key":"AttackPotion"},{"floor":12,"key":"Swift Potion"}],"is_trial":false,"path_per_floor":["?","?","?","M","?","?","M"],"character_chosen":"IRONCLAD","items_purchased":["Omamori"],"campfire_rested":0,"item_purchase_floors":[10],"current_hp_per_floor":[72,72,70,67,60,60,44,44,44,44,42,32,32,51,51,42,68,42,21,0],"gold":403,"neow_bonus":"BOSS_RELIC","is_prod":false,"is_daily":false,"chose_seed":false,"campfire_upgraded":3,"win_rate":0,"timestamp":1551132477,"path_taken":["M","?","M","M","?","R","M","?","T","$","M","?","R","?","R","BOSS","M","?","?"],"build_version":"2019-01-23","purchased_purges":1,"victory":false,"max_hp_per_floor":[80,80,80,80,80,80,80,80,80,77,77,77,77,77,77,77,77,77,77,77],"card_choices":[{"not_picked":["Clash","Feel No Pain"],"picked":"True Grit","floor":1},{"not_picked":["Infernal Blade","Thunderclap","Flex"],"picked":"SKIP","floor":3},{"not_picked":["Clash","Heavy Blade","True Grit"],"picked":"SKIP","floor":4},{"not_picked":["Twin Strike","Bloodletting","Pommel Strike"],"picked":"SKIP","floor":7},{"not_picked":["Twin Strike","Bloodletting","Pommel Strike"],"picked":"SKIP","floor":7},{"not_picked":["Berserk","Sword Boomerang"],"picked":"Sever Soul","floor":11},{"not_picked":["Second Wind","Burning Pact"],"picked":"Battle Trance","floor":12},{"not_picked":["Immolate","Brutality"],"picked":"Demon Form","floor":16},{"not_picked":["Sword Boomerang","Dropkick","Disarm+1"],"picked":"SKIP","floor":18}],"player_experience":223642,"relics_obtained":[{"floor":9,"key":"Regal Pillow"}],"event_choices":[{"damage_healed":0,"gold_gain":0,"player_choice":"Take Wound","damage_taken":0,"relics_obtained":["Golden Idol"],"max_hp_gain":0,"max_hp_loss":0,"event_name":"Golden Idol","floor":2,"gold_loss":0,"cards_obtained":["Injury"]},{"cards_removed":["Injury"],"damage_healed":0,"gold_gain":0,"player_choice":"Card Removal","damage_taken":7,"max_hp_gain":0,"max_hp_loss":0,"event_name":"Golden Wing","floor":5,"gold_loss":0},{"damage_healed":0,"gold_gain":175,"player_choice":"AGREE","damage_taken":0,"max_hp_gain":0,"max_hp_loss":0,"event_name":"Liars Game","floor":8,"gold_loss":0,"cards_obtained":["Doubt"]},{"damage_healed":19,"gold_gain":0,"player_choice":"Healed and dodged fight","damage_taken":0,"max_hp_gain":0,"max_hp_loss":0,"event_name":"Mushrooms","floor":14,"gold_loss":0,"cards_obtained":["Parasite"]},{"damage_healed":0,"gold_gain":90,"player_choice":"CARD GOLD ","damage_taken":21,"max_hp_gain":0,"max_hp_loss":0,"event_name":"Knowing Skull","floor":19,"potions_obtained":[],"gold_loss":0,"cards_obtained":["PanicButton"]}],"is_beta":false,"boss_relics":[{"not_picked":["Runic Dome","Sozu"],"picked":"Mark of Pain"}],"items_purged_floors":[10],"is_endless":false,"potions_floor_spawned":[3,11,12],"killed_by":"Chosen","ascension_level":6}