{"gold_per_floor":[115,33,47,67,79,79,95,95,165,185,214,244],"floor_reached":12,"playtime":589,"items_purged":[],"score":144,"play_id":"04c08c4e-99af-48ab-a983-5febbd2c5089","local_time":"20190201231558","is_ascension_mode":true,"campfire_choices":[{"data":"Prepared","floor":6,"key":"SMITH"},{"data":"Bouncing Flask","floor":8,"key":"SMITH"}],"neow_cost":"NONE","seed_source_timestamp":707494669631800,"circlet_count":0,"master_deck":["AscendersBane","Defend_G","Defend_G","Defend_G","Defend_G","Defend_G","Strike_G","Strike_G","Strike_G","Strike_G","Strike_G","Survivor","Neutralize+1","Bouncing Flask+1","Outmaneuver","Prepared+1","Well Laid Plans","Dodge and Roll","Calculated Gamble"],"relics":["Ring of the Snake","Dead Branch","The Courier","Juzu Bracelet"],"potions_floor_usage":[5,12],"damage_taken":[{"damage":0,"enemies":"Small Slimes","floor":1,"turns":4},{"damage":0,"enemies":"Cultist","floor":3,"turns":4},{"damage":4,"enemies":"Jaw Worm","floor":4,"turns":3},{"damage":0,"enemies":"Large Slime","floor":5,"turns":3},{"damage":6,"enemies":"2 Fungi Beasts","floor":7,"turns":4},{"damage":3,"enemies":"Looter","floor":10,"turns":4},{"damage":23,"enemies":"3 Sentries","floor":11,"turns":5},{"damage":34,"enemies":"Lagavulin Event","floor":12,"turns":5}],"seed_played":"-4907180042752769332","potions_obtained":[{"floor":3,"key":"AttackPotion"},{"floor":5,"key":"GamblersBrew"},{"floor":10,"key":"Swift Potion"},{"floor":11,"key":"Weak Potion"}],"is_trial":false,"path_per_floor":["M","?","M","M","M","R","M","R","T","M","E","?"],"character_chosen":"THE_SILENT","items_purchased":[],"campfire_rested":0,"item_purchase_floors":[],"current_hp_per_floor":[59,59,59,55,55,55,49,49,49,46,23,0],"gold":244,"neow_bonus":"UPGRADE_CARD","is_prod":false,"is_daily":false,"chose_seed":false,"campfire_upgraded":2,"win_rate":0,"timestamp":1549034158,"path_taken":["M","?","M","M","M","R","M","R","T","M","E","?"],"build_version":"2019-01-23","purchased_purges":0,"victory":false,"max_hp_per_floor":[66,66,66,66,66,66,66,66,66,66,66,66],"card_choices":[{"not_picked":["Backflip","Masterful Stab"],"picked":"Bouncing Flask","floor":1},{"not_picked":["Prepared","Outmaneuver","All Out Attack"],"picked":"SKIP","floor":3},{"not_picked":["Prepared","Expertise"],"picked":"Outmaneuver","floor":4},{"not_picked":["Slice","Infinite Blades"],"picked":"Prepared","floor":5},{"not_picked":["Flying Knee","Blade Dance"],"picked":"Well Laid Plans","floor":7},{"not_picked":["Deflect","Sucker Punch"],"picked":"Dodge and Roll","floor":10},{"not_picked":["Expertise","Outmaneuver"],"picked":"Calculated Gamble","floor":11}],"player_experience":681501,"relics_obtained":[{"floor":9,"key":"The Courier"},{"floor":11,"key":"Juzu Bracelet"}],"event_choices":[{"damage_healed":0,"gold_gain":0,"player_choice":"Paid Gold","damage_taken":0,"relics_obtained":["Dead Branch"],"max_hp_gain":0,"max_hp_loss":0,"event_name":"WeMeetAgain","floor":2,"gold_loss":82},{"damage_healed":0,"gold_gain":30,"player_choice":"Searched \u00273\u0027 times","damage_taken":0,"max_hp_gain":0,"max_hp_loss":0,"event_name":"Dead Adventurer","floor":12,"gold_loss":0}],"is_beta":false,"boss_relics":[],"items_purged_floors":[],"is_endless":false,"potions_floor_spawned":[3,5,10,11],"killed_by":"Lagavulin Event","ascension_level":15}