{"gold_per_floor":[144,189,234,279,324,414,459,459,509,599,644,758,708,753,753,1053,1053,1098,1023,152,152,24,69,114,159,159,204,204,4,49,94,94,394,394,439,51,51,96,198,243,288,333,333,378,35,80,125,125,125,125],"floor_reached":51,"playtime":4031,"items_purged":["Strike_R","Strike_R"],"score":846,"play_id":"bf7930d9-fe02-40c5-9e4b-d2721d7ef2ae","local_time":"20180927042502","daily_mods":["Brewmaster","Midas","Terminal"],"is_ascension_mode":false,"campfire_choices":[{"floor":15,"key":"REST"},{"floor":28,"key":"REST"},{"floor":32,"key":"REST"},{"floor":49,"key":"REST"}],"neow_cost":"","seed_source_timestamp":755227484392052,"circlet_count":0,"master_deck":["Strike_R+1","Strike_R+1","Defend_R+1","Defend_R+1","Defend_R+1","Bash+1","Venomology+1","Venomology+1","Venomology+1","Venomology+1","Venomology+1","Barricade+1","Ghostly Armor+1","Battle Trance+1","Corruption+1","Feed+1","Armaments+1","Flash of Steel+1","RitualDagger+1","Inflame+1","Anger+1","Dual Wield+1","Impervious+1","Intimidate+1","Seeing Red+1","Armaments+1","Barricade+1","Body Slam+1","Inflame+1","RitualDagger+1","Body Slam+1","Inflame+1","Headbutt+1","Pommel Strike+1","Juggernaut+1","Writhe","Pommel Strike+1","Disarm+1","Feel No Pain+1","Spot Weakness+1","Sword Boomerang+1","Dropkick+1","Twin Strike+1"],"special_seed":17800,"relics":["Burning Blood","White Beast Statue","Kunai","Anchor","Frozen Egg 2","Bag of Marbles","Fusion Hammer","Toy Ornithopter","Pear","Molten Egg 2","Mummified Hand","Sling","Cursed Key","Potion Belt","DollysMirror","Du-Vu Doll","Whetstone","Mark of the Bloom"],"potions_floor_usage":[1,1,1,2,3,3,3,4,4,4,4,4,4,5,5,5,5,5,5,5,6,6,6,6,6,7,7,7,10,10,10,10,11,11,11,12,12,12,12,12,12,14,14,14,14,14,16,16,16,16,16,16,18,18,18,18,18,18,23,23,23,23,24,24,24,25,25,25,25,27,27,27,27,30,30,30,30,30,31,31,31,31,31,33,33,33,33,33,33,33,33,35,35,35,35,38,39,40,40,40,40,40,40,40,41,41,41,41,41,42,42,42,42,42,42,44,44,44,44,46,46,46,46,46,47,47,47,47,50,50,50,50,50,50,50],"damage_taken":[{"damage":0,"enemies":"Small Slimes","floor":1,"turns":4},{"damage":1,"enemies":"Cultist","floor":2,"turns":3},{"damage":1,"enemies":"Jaw Worm","floor":3,"turns":3},{"damage":0,"enemies":"Exordium Thugs","floor":4,"turns":4},{"damage":21,"enemies":"Exordium Wildlife","floor":5,"turns":5},{"damage":33,"enemies":"3 Sentries","floor":6,"turns":12},{"damage":0,"enemies":"Blue Slaver","floor":7,"turns":2},{"damage":13,"enemies":"Lagavulin","floor":10,"turns":6},{"damage":1,"enemies":"2 Fungi Beasts","floor":11,"turns":4},{"damage":0,"enemies":"Lagavulin Event","floor":12,"turns":9},{"damage":0,"enemies":"Large Slime","floor":14,"turns":14},{"damage":0,"enemies":"Slime Boss","floor":16,"turns":9},{"damage":14,"enemies":"Shell Parasite","floor":18,"turns":8},{"damage":0,"enemies":"2 Thieves","floor":23,"turns":3},{"damage":0,"enemies":"Shelled Parasite and Fungi","floor":24,"turns":6},{"damage":7,"enemies":"Centurion and Healer","floor":25,"turns":4},{"damage":0,"enemies":"Snecko","floor":27,"turns":7},{"damage":0,"enemies":"Snake Plant","floor":30,"turns":5},{"damage":1,"enemies":"3 Cultists","floor":31,"turns":5},{"damage":0,"enemies":"Automaton","floor":33,"turns":9},{"damage":8,"enemies":"Orb Walker","floor":35,"turns":6},{"damage":0,"enemies":"3 Shapes","floor":38,"turns":5},{"damage":2,"enemies":"Mysterious Sphere","floor":39,"turns":3},{"damage":9,"enemies":"Reptomancer","floor":40,"turns":6},{"damage":2,"enemies":"Spire Growth","floor":41,"turns":5},{"damage":18,"enemies":"4 Shapes","floor":42,"turns":6},{"damage":8,"enemies":"Maw","floor":44,"turns":5},{"damage":3,"enemies":"Transient","floor":46,"turns":5},{"damage":0,"enemies":"Reptomancer","floor":47,"turns":6},{"damage":37,"enemies":"Time Eater","floor":50,"turns":9}],"seed_played":"-9213636199092254619","potions_obtained":[{"floor":1,"key":"FearPotion"},{"floor":2,"key":"PowerPotion"},{"floor":3,"key":"PowerPotion"},{"floor":4,"key":"SteroidPotion"},{"floor":5,"key":"FairyPotion"},{"floor":6,"key":"Fire Potion"},{"floor":7,"key":"Strength Potion"},{"floor":10,"key":"Swift Potion"},{"floor":11,"key":"BloodPotion"},{"floor":12,"key":"LiquidBronze"},{"floor":16,"key":"PowerPotion"},{"floor":18,"key":"AttackPotion"},{"floor":23,"key":"Ancient Potion"},{"floor":24,"key":"LiquidBronze"},{"floor":25,"key":"Block Potion"},{"floor":27,"key":"Regen Potion"},{"floor":30,"key":"Fire Potion"},{"floor":31,"key":"Explosive Potion"},{"floor":33,"key":"SteroidPotion"},{"floor":35,"key":"Fire Potion"},{"floor":38,"key":"Block Potion"},{"floor":39,"key":"Weak Potion"},{"floor":40,"key":"Regen Potion"},{"floor":41,"key":"Energy Potion"},{"floor":42,"key":"SpeedPotion"},{"floor":44,"key":"BloodPotion"},{"floor":46,"key":"Dexterity Potion"},{"floor":47,"key":"AttackPotion"}],"is_trial":false,"path_per_floor":["M","M","M","M","M","E","M","?","T","E","M","?","?","M","R","B",null,"M","?","$","?","$","M","M","M","T","M","R","$","M","M","R","B",null,"M","$","?","M","?","M","M","M","T","M","$","M","M","?","R","B"],"character_chosen":"IRONCLAD","items_purchased":["Toy Ornithopter","Pear","Molten Egg 2","Flash of Steel+1","Inflame+1","Anger+1","Sling","Inflame+1","Potion Belt","DollysMirror","Disarm","Feel No Pain+1","Spot Weakness","Sword Boomerang+1"],"campfire_rested":4,"item_purchase_floors":[20,20,20,20,22,22,29,36,36,36,45,45,45,45],"current_hp_per_floor":[78,77,76,75,68,56,62,48,48,41,46,58,58,64,64,63,62,64,63,72,66,66,69,71,73,72,74,73,72,71,70,69,72,71,74,73,72,71,74,73,75,77,76,77,77,76,75,74,73,36],"gold":125,"neow_bonus":"","is_prod":false,"is_daily":true,"chose_seed":false,"campfire_upgraded":0,"win_rate":0,"timestamp":1537997102,"path_taken":["M","M","M","M","M","E","M","?","T","E","M","?","?","M","R","BOSS","M","?","$","?","$","M","M","M","T","?","R","$","M","M","R","BOSS","M","$","?","M","?","M","M","M","T","?","$","M","M","?","R","BOSS"],"build_version":"2018-09-20","purchased_purges":2,"victory":true,"max_hp_per_floor":[78,77,76,75,74,73,72,71,70,69,68,67,66,65,64,63,62,64,63,72,71,70,69,71,73,72,74,73,72,71,70,69,72,71,74,73,72,71,74,73,75,77,76,78,77,76,75,74,73,72],"card_choices":[{"not_picked":["Iron Wave","Pommel Strike"],"picked":"Armaments","floor":1},{"not_picked":["Searing Blow","Heavy Blade","Headbutt"],"picked":"SKIP","floor":2},{"not_picked":["Anger","Entrench","Armaments"],"picked":"SKIP","floor":3},{"not_picked":["Twin Strike","Intimidate","Thunderclap"],"picked":"SKIP","floor":4},{"not_picked":["Hemokinesis","True Grit","Feel No Pain"],"picked":"SKIP","floor":5},{"not_picked":["Warcry","Pommel Strike"],"picked":"Barricade","floor":6},{"not_picked":["Clothesline","Rupture"],"picked":"Ghostly Armor","floor":7},{"not_picked":["Twin Strike","Shrug It Off"],"picked":"Battle Trance","floor":10},{"not_picked":["Pummel","Armaments","Power Through"],"picked":"SKIP","floor":11},{"not_picked":["Sword Boomerang","Headbutt"],"picked":"Corruption+1","floor":14},{"not_picked":["Demon Form+1","Double Tap"],"picked":"Feed","floor":16},{"not_picked":["Anger","Body Slam"],"picked":"Armaments+1","floor":18},{"not_picked":["Seeing Red+1","True Grit"],"picked":"Dual Wield+1","floor":23},{"not_picked":["Havoc","True Grit","Shrug It Off"],"picked":"SKIP","floor":24},{"not_picked":["Shrug It Off+1","Seeing Red"],"picked":"Impervious","floor":25},{"not_picked":["Thunderclap+1","Wild Strike+1"],"picked":"Intimidate+1","floor":27},{"not_picked":["True Grit","Blood for Blood+1"],"picked":"Seeing Red+1","floor":30},{"not_picked":["Warcry","Sever Soul+1"],"picked":"Armaments+1","floor":31},{"not_picked":["Brutality+1","Impervious"],"picked":"Barricade+1","floor":33},{"not_picked":["Cleave+1","Clash+1"],"picked":"Body Slam+1","floor":35},{"not_picked":["Havoc+1","Fire Breathing+1"],"picked":"Body Slam+1","floor":38},{"not_picked":["Clothesline+1","Clash+1"],"picked":"Inflame+1","floor":39},{"not_picked":["Sword Boomerang+1","Flex"],"picked":"Headbutt+1","floor":40},{"not_picked":["Iron Wave+1","Sword Boomerang+1"],"picked":"Pommel Strike+1","floor":41},{"not_picked":["Shockwave+1","Entrench"],"picked":"Juggernaut+1","floor":42},{"not_picked":["Clothesline+1","Battle Trance"],"picked":"Pommel Strike+1","floor":44},{"not_picked":["Evolve+1","Rupture+1"],"picked":"Dropkick+1","floor":46},{"not_picked":["Second Wind","Rage"],"picked":"Twin Strike+1","floor":47}],"player_experience":193157,"relics_obtained":[{"floor":6,"key":"Kunai"},{"floor":9,"key":"Anchor"},{"floor":10,"key":"Frozen Egg 2"},{"floor":26,"key":"Mummified Hand"},{"floor":39,"key":"Du-Vu Doll"},{"floor":43,"key":"Whetstone"}],"event_choices":[{"event_name":"Shining Light","player_choice":"Entered Light","floor":8,"damage_taken":0},{"event_name":"Dead Adventurer","player_choice":"Searched \u00273\u0027 times","floor":12,"damage_taken":0},{"event_name":"The Cleric","player_choice":"Card Removal","floor":13,"damage_taken":0},{"event_name":"Beggar","player_choice":"Gave Gold","floor":19,"damage_taken":0},{"event_name":"Nest","player_choice":"Joined the Cult","floor":21,"damage_taken":0},{"event_name":"Falling","player_choice":"Removed Skill","floor":37,"damage_taken":0},{"event_name":"Mysterious Sphere","player_choice":"Fight","floor":39,"damage_taken":0},{"event_name":"MindBloom","player_choice":"Upgrade","floor":48,"damage_taken":0}],"is_beta":false,"boss_relics":[{"not_picked":["Astrolabe","Pandora\u0027s Box"],"picked":"Fusion Hammer"},{"not_picked":["Runic Cube","Lizard Tail"],"picked":"Cursed Key"}],"items_purged_floors":[20,45],"is_endless":false,"potions_floor_spawned":[1,2,3,4,5,6,7,10,11,12,14,16,18,23,24,25,27,30,31,33,35,38,39,40,41,42,44,46,47],"ascension_level":0}