{"gold_per_floor":[210,229,249,269,285,285,316,316,316,316,316,334,351,365,365,365],"floor_reached":16,"playtime":531,"items_purged":[],"score":122,"play_id":"7814156c-c050-4b2f-a9fe-970ac97eee45","local_time":"20181120231804","is_ascension_mode":true,"campfire_choices":[{"floor":6,"key":"RECALL"},{"floor":10,"key":"REST"},{"floor":15,"key":"REST"}],"neow_cost":"NONE","seed_source_timestamp":541253566362284,"circlet_count":0,"master_deck":["Strike_R","Strike_R+1","Strike_R","Strike_R","Strike_R","Defend_R","Defend_R","Defend_R","Defend_R+1","Bash","Whirlwind","Whirlwind+1"],"relics":["Burning Blood","Pocketwatch"],"potions_floor_usage":[16,16,16],"damage_taken":[{"damage":4,"enemies":"Cultist","floor":1,"turns":5},{"damage":6,"enemies":"2 Louse","floor":2,"turns":3},{"damage":12,"enemies":"Small Slimes","floor":3,"turns":2},{"damage":9,"enemies":"3 Louse","floor":4,"turns":2},{"damage":12,"enemies":"Exordium Wildlife","floor":5,"turns":6},{"damage":48,"enemies":"Gremlin Nob","floor":7,"turns":5},{"damage":0,"enemies":"Large Slime","floor":12,"turns":4},{"damage":18,"enemies":"Exordium Thugs","floor":13,"turns":3},{"damage":16,"enemies":"Gremlin Gang","floor":14,"turns":2},{"damage":39,"enemies":"Hexaghost","floor":16,"turns":10}],"seed_played":"1343696035054295283","potions_obtained":[{"floor":1,"key":"Explosive Potion"},{"floor":2,"key":"EssenceOfSteel"},{"floor":7,"key":"FearPotion"},{"floor":13,"key":"FearPotion"}],"is_trial":false,"path_per_floor":["M","M","M","M","M","R","E","?","T","R","?","M","M","M","R","B"],"character_chosen":"IRONCLAD","items_purchased":[],"campfire_rested":2,"item_purchase_floors":[],"current_hp_per_floor":[80,80,74,71,65,65,23,7,7,31,31,37,25,15,39,0],"gold":365,"neow_bonus":"HUNDRED_GOLD","is_prod":false,"is_daily":false,"chose_seed":false,"campfire_upgraded":0,"win_rate":0,"timestamp":1542777484,"path_taken":["M","M","M","M","M","R","E","?","T","R","?","M","M","M","R","BOSS"],"build_version":"2018-11-15","purchased_purges":0,"victory":false,"max_hp_per_floor":[80,80,80,80,80,80,80,80,80,80,80,80,80,80,80,80],"card_choices":[{"not_picked":["Entrench","Carnage"],"picked":"Whirlwind","floor":1},{"not_picked":["Cleave","Wild Strike","Thunderclap"],"picked":"SKIP","floor":2},{"not_picked":["Wild Strike","Hemokinesis"],"picked":"Whirlwind","floor":3},{"not_picked":["Second Wind","Pommel Strike","Perfected Strike"],"picked":"SKIP","floor":4},{"not_picked":["Clash","Reckless Charge","Clothesline"],"picked":"SKIP","floor":5},{"not_picked":["Brutality","Dual Wield","Thunderclap"],"picked":"SKIP","floor":7},{"not_picked":["Flex","Blood for Blood","Twin Strike"],"picked":"SKIP","floor":12},{"not_picked":["Dual Wield","Anger","True Grit"],"picked":"SKIP","floor":13},{"not_picked":["Warcry","Sentinel","Juggernaut"],"picked":"SKIP","floor":14}],"player_experience":464927,"relics_obtained":[{"floor":7,"key":"Pocketwatch"}],"event_choices":[{"damage_healed":0,"gold_gain":0,"player_choice":"Entered Light","damage_taken":16,"max_hp_gain":0,"max_hp_loss":0,"event_name":"Shining Light","floor":8,"gold_loss":0,"cards_upgraded":["Strike_R","Defend_R"]},{"damage_healed":0,"gold_gain":0,"player_choice":"Forge","damage_taken":0,"max_hp_gain":0,"max_hp_loss":0,"event_name":"Accursed Blacksmith","floor":11,"gold_loss":0,"cards_upgraded":["Whirlwind"]}],"is_beta":false,"boss_relics":[],"items_purged_floors":[],"is_endless":false,"potions_floor_spawned":[1,2,7,13],"killed_by":"Hexaghost","ascension_level":3}