{"gold_per_floor":[111,111,111,127,127,127,142,153,153,41,58,5,5,20,20,122,122,142,67,67,67,67,67,31,31,31,48,48,60,71,90,90,189,189,208,308,308,319,329,329,161,161,161,181,200,200,214,234,234,234],"floor_reached":50,"playtime":5330,"items_purged":["Strike_B","Defend_B"],"score":461,"play_id":"887094cd-1b57-4406-a918-302aa07d51a2","local_time":"20190204190853","is_ascension_mode":false,"campfire_choices":[{"data":"Zap","floor":6.0,"key":"SMITH"},{"data":"Coolheaded","floor":13.0,"key":"SMITH"},{"data":"Dualcast","floor":15.0,"key":"SMITH"},{"data":"Capacitor","floor":23.0,"key":"SMITH"},{"data":"Storm","floor":25.0,"key":"SMITH"},{"data":"Loop","floor":28.0,"key":"SMITH"},{"floor":32.0,"key":"REST"},{"data":"Darkness","floor":40.0,"key":"SMITH"},{"data":"Heatsinks","floor":42.0,"key":"SMITH"},{"data":"Darkness","floor":46.0,"key":"SMITH"},{"data":"Seek","floor":49.0,"key":"SMITH"}],"neow_cost":"NONE","seed_source_timestamp":0,"circlet_count":0,"master_deck":["Defend_B","Defend_B","Defend_B","Zap+1","Dualcast+1","Leap","Darkness+1","Storm+1","Compile Driver","Coolheaded+1","Amplify","Darkness+1","Capacitor+1","Loop+1","Chaos","Self Repair+1","Compile Driver","Double Energy+1","Heatsinks+1","Doom and Gloom","Fusion+1","Double Energy+1","Seek+1"],"special_seed":0,"relics":["FrozenCore","Happy Flower","Dead Branch","MutagenicStrength","Incense Burner","Empty Cage","Ice Cream","Bag of Marbles"],"potions_floor_usage":[],"damage_taken":[{"damage":6.0,"enemies":"Jaw Worm","floor":1.0,"turns":4.0},{"damage":2.0,"enemies":"2 Louse","floor":4.0,"turns":3.0},{"damage":0.0,"enemies":"Small Slimes","floor":7.0,"turns":3.0},{"damage":0.0,"enemies":"Looter","floor":8.0,"turns":3.0},{"damage":3.0,"enemies":"Exordium Wildlife","floor":11.0,"turns":3.0},{"damage":5.0,"enemies":"3 Louse","floor":14.0,"turns":3.0},{"damage":25.0,"enemies":"Slime Boss","floor":16.0,"turns":12.0},{"damage":3.0,"enemies":"3 Byrds","floor":18.0,"turns":6.0},{"damage":1.0,"enemies":"Spheric Guardian","floor":27.0,"turns":3.0},{"damage":2.0,"enemies":"Cultist and Chosen","floor":29.0,"turns":5.0},{"damage":23.0,"enemies":"Snake Plant","floor":30.0,"turns":4.0},{"damage":18.0,"enemies":"Sentry and Sphere","floor":31.0,"turns":5.0},{"damage":60.0,"enemies":"Collector","floor":33.0,"turns":16.0},{"damage":17.0,"enemies":"Orb Walker","floor":35.0,"turns":4.0},{"damage":3.0,"enemies":"Mind Bloom Boss Battle","floor":36.0,"turns":7.0},{"damage":20.0,"enemies":"3 Darklings","floor":38.0,"turns":7.0},{"damage":0.0,"enemies":"Maw","floor":39.0,"turns":7.0},{"damage":7.0,"enemies":"Sphere and 2 Shapes","floor":44.0,"turns":5.0},{"damage":8.0,"enemies":"3 Darklings","floor":45.0,"turns":5.0},{"damage":14.0,"enemies":"Spire Growth","floor":47.0,"turns":4.0},{"damage":2.0,"enemies":"Transient","floor":48.0,"turns":5.0},{"damage":87,"enemies":"Awakened One","floor":50,"turns":6}],"seed_played":"6600724352519517039","potions_obtained":[{"floor":1.0,"key":"SkillPotion"},{"floor":14.0,"key":"SteroidPotion"},{"floor":27.0,"key":"Weak Potion"},{"floor":29.0,"key":"EssenceOfSteel"},{"floor":36.0,"key":"FearPotion"},{"floor":39.0,"key":"SkillPotion"}],"is_trial":false,"path_per_floor":["?","?","?","$","?","?","?","?","$"],"character_chosen":"DEFECT","items_purchased":["Storm","Coolheaded","Capacitor","Loop","Heatsinks"],"campfire_rested":1,"item_purchase_floors":[10,12,19,24,41],"current_hp_per_floor":[69,69,74,72,72,72,72,72,72,72,69,69,69,64,64,39,80,77,77,77,77,77,77,77,77,77,76,76,74,51,43,67,17,80,73,80,76,76,76,76,76,76,76,76,76,76,72,76,76,0],"gold":234,"neow_bonus":"RANDOM_COMMON_RELIC","is_prod":false,"is_daily":false,"chose_seed":false,"campfire_upgraded":10,"win_rate":0.0,"timestamp":1549303733,"path_taken":["M","?","?","M","?","R","M","M","T","?","M","$","R","M","R","BOSS","M","$","?","?","$","R","$","R","T","M","R","M","M","M","R","BOSS","M","?","?","M","M","R","?","R","T","M","M","R","M","M","R","BOSS"],"build_version":"2019-01-23","purchased_purges":2,"victory":false,"max_hp_per_floor":[75,75,80,80,80,80,80,80,80,80,80,80,80,80,80,80,80,80,80,80,80,80,80,80,80,80,80,80,80,80,80,80,80,80,80,80,76,76,76,76,76,76,76,76,76,76,76,76,76,76],"card_choices":[{"not_picked":["Melter","Turbo","Gash"],"picked":"SKIP","floor":1.0},{"not_picked":["Turbo","Force Field","Redo"],"picked":"SKIP","floor":4.0},{"not_picked":["Steam","Beam Cell"],"picked":"Leap","floor":7.0},{"not_picked":["Auto Shields","Beam Cell"],"picked":"Darkness","floor":8.0},{"not_picked":["Stack","Streamline"],"picked":"Compile Driver","floor":11.0},{"not_picked":["Gash","Hologram","Stack"],"picked":"SKIP","floor":14.0},{"not_picked":["Core Surge","Thunder Strike"],"picked":"Amplify","floor":16.0},{"not_picked":["Leap","Sunder"],"picked":"Darkness","floor":18.0},{"not_picked":["Gash","Consume+1","Go for the Eyes"],"picked":"SKIP","floor":27.0},{"not_picked":["Static Discharge+1","Ball Lightning+1"],"picked":"Chaos","floor":29.0},{"not_picked":["Coolheaded+1","Beam Cell"],"picked":"Self Repair+1","floor":30.0},{"not_picked":["Barrage","Hologram","Go for the Eyes"],"picked":"SKIP","floor":31.0},{"not_picked":["Coolheaded","Streamline","Steam+1"],"picked":"SKIP","floor":35.0},{"not_picked":["Stack","Leap+1"],"picked":"Compile Driver","floor":36.0},{"not_picked":["Hologram","Static Discharge"],"picked":"Double Energy+1","floor":38.0},{"not_picked":["Cold Snap","Skim","Sweeping Beam+1"],"picked":"SKIP","floor":39.0},{"not_picked":["Force Field+1","Stack+1"],"picked":"Doom and Gloom","floor":44.0},{"not_picked":["Rebound","Barrage+1"],"picked":"Fusion+1","floor":45.0},{"not_picked":["Turbo","Compile Driver"],"picked":"Double Energy+1","floor":47.0},{"not_picked":["Sunder+1","Sweeping Beam+1"],"picked":"Seek","floor":48.0}],"player_experience":108635,"relics_obtained":[{"floor":9.0,"key":"Dead Branch"},{"floor":26.0,"key":"Incense Burner"},{"floor":36.0,"key":"Ice Cream"},{"floor":43.0,"key":"Bag of Marbles"}],"event_choices":[{"damage_healed":0.0,"max_hp_gain":0.0,"max_hp_loss":0.0,"gold_gain":0.0,"event_name":"Shining Light","player_choice":"Ignored","floor":2.0,"gold_loss":0.0,"damage_taken":0.0},{"damage_healed":0.0,"max_hp_gain":5.0,"max_hp_loss":0.0,"gold_gain":0.0,"event_name":"Big Fish","player_choice":"Donut","floor":3.0,"gold_loss":0.0,"damage_taken":0.0},{"cards_removed":["Strike_B"],"damage_healed":0.0,"max_hp_gain":0.0,"max_hp_loss":0.0,"gold_gain":0.0,"event_name":"Living Wall","player_choice":"Forget","floor":5.0,"gold_loss":0.0,"damage_taken":0.0},{"damage_healed":0.0,"max_hp_gain":0.0,"max_hp_loss":0.0,"gold_gain":0.0,"event_name":"Cursed Tome","player_choice":"Ignored","floor":20.0,"gold_loss":0.0,"damage_taken":0.0},{"damage_healed":0.0,"max_hp_gain":0.0,"max_hp_loss":0.0,"gold_gain":0.0,"event_name":"Drug Dealer","player_choice":"Inject Mutagens","floor":21.0,"gold_loss":0.0,"damage_taken":0.0,"relics_obtained":["MutagenicStrength"]},{"damage_healed":0.0,"max_hp_gain":0.0,"max_hp_loss":0.0,"gold_gain":0.0,"event_name":"MindBloom","player_choice":"Fight","floor":36.0,"gold_loss":0.0,"damage_taken":0.0},{"damage_healed":0.0,"max_hp_gain":0.0,"max_hp_loss":4.0,"gold_gain":0.0,"event_name":"Winding Halls","player_choice":"Max HP","floor":37.0,"gold_loss":0.0,"damage_taken":0.0}],"is_beta":false,"boss_relics":[{"not_picked":["Runic Dome","Astrolabe"],"picked":"FrozenCore"},{"not_picked":["Black Star","White Beast Statue"],"picked":"Empty Cage"}],"items_purged_floors":[10,41],"is_endless":false,"potions_floor_spawned":[1,14,27,29,36,39],"killed_by":"Awakened One","ascension_level":0}