{"gold_per_floor":[119,139,150,162,162,192,202,230,230,245,245,260,275,294,294,389,389,402,415,428,200,200,235,235,235,235,235,150,184,184,201,201,304,304,314,120,134,134,152,152],"floor_reached":40,"playtime":3143,"items_purged":["Strike_R"],"score":467,"play_id":"5b807e2e-a659-428d-a839-cd74ae3486a6","local_time":"20190215232332","is_ascension_mode":false,"campfire_choices":[{"data":"Body Slam","floor":11.0,"key":"SMITH"},{"data":"Entrench","floor":15.0,"key":"SMITH"},{"data":"Double Tap","floor":24.0,"key":"SMITH"},{"data":"Bludgeon","floor":27.0,"key":"SMITH"},{"data":"Metallicize","floor":30.0,"key":"SMITH"},{"data":"Bite","floor":32.0,"key":"SMITH"}],"neow_cost":"NONE","seed_source_timestamp":0,"circlet_count":0,"master_deck":["Defend_R+1","Defend_R+1","Defend_R","Defend_R+1","Bash","Body Slam+1","Second Wind","Bludgeon+1","Entrench+1","Ghostly Armor","Double Tap+1","Metallicize+1","Bite+1","Bite","Bite","Bite","Bite","Rage+1","Decay","Armaments+1"],"special_seed":0,"relics":["Burning Blood","Dodecahedron","PreservedInsect","Thread and Needle","Black Star","Red Skull","Darkstone Periapt","StoneCalendar","Bronze Scales","Juzu Bracelet","War Paint","White Beast Statue","HandDrill"],"potions_floor_usage":[40,40],"damage_taken":[{"damage":4.0,"enemies":"2 Louse","floor":1.0,"turns":3.0},{"damage":5.0,"enemies":"Cultist","floor":2.0,"turns":4.0},{"damage":2.0,"enemies":"Jaw Worm","floor":3.0,"turns":5.0},{"damage":0.0,"enemies":"3 Louse","floor":4.0,"turns":4.0},{"damage":28.0,"enemies":"3 Sentries","floor":6.0,"turns":9.0},{"damage":0.0,"enemies":"Looter","floor":7.0,"turns":2.0},{"damage":8.0,"enemies":"Gremlin Nob","floor":8.0,"turns":4.0},{"damage":4.0,"enemies":"Exordium Thugs","floor":10.0,"turns":6.0},{"damage":4.0,"enemies":"2 Fungi Beasts","floor":12.0,"turns":4.0},{"damage":0.0,"enemies":"Large Slime","floor":13.0,"turns":6.0},{"damage":7.0,"enemies":"Exordium Wildlife","floor":14.0,"turns":6.0},{"damage":57.0,"enemies":"Hexaghost","floor":16.0,"turns":14.0},{"damage":4.0,"enemies":"Spheric Guardian","floor":18.0,"turns":4.0},{"damage":0.0,"enemies":"3 Byrds","floor":19.0,"turns":6.0},{"damage":20.0,"enemies":"Cultist and Chosen","floor":20.0,"turns":8.0},{"damage":37.0,"enemies":"Slavers","floor":23.0,"turns":8.0},{"damage":11.0,"enemies":"Gremlin Leader","floor":29.0,"turns":7.0},{"damage":10.0,"enemies":"Chosen and Byrds","floor":31.0,"turns":7.0},{"damage":90.0,"enemies":"Automaton","floor":33.0,"turns":14.0},{"damage":3.0,"enemies":"3 Shapes","floor":35.0,"turns":4.0},{"damage":13.0,"enemies":"3 Darklings","floor":37.0,"turns":7.0},{"damage":9.0,"enemies":"Sphere and 2 Shapes","floor":39.0,"turns":7.0},{"damage":70,"enemies":"Reptomancer","floor":40,"turns":7}],"seed_played":"-2003614407233747965","potions_obtained":[{"floor":1.0,"key":"Dexterity Potion"},{"floor":3.0,"key":"Explosive Potion"},{"floor":6.0,"key":"PowerPotion"},{"floor":7.0,"key":"Energy Potion"},{"floor":10.0,"key":"Swift Potion"},{"floor":16.0,"key":"Energy Potion"},{"floor":18.0,"key":"GamblersBrew"},{"floor":20.0,"key":"Block Potion"},{"floor":29.0,"key":"Weak Potion"},{"floor":35.0,"key":"SpeedPotion"},{"floor":37.0,"key":"SteroidPotion"},{"floor":39.0,"key":"FearPotion"}],"is_trial":false,"path_per_floor":["?","?","?","?","?"],"character_chosen":"IRONCLAD","items_purchased":["Red Skull","HandDrill"],"campfire_rested":0,"item_purchase_floors":[21,36],"current_hp_per_floor":[80,80,80,80,80,58,64,62,62,64,64,66,72,71,71,20,80,80,80,66,66,56,51,51,57,57,57,57,62,62,61,61,11,62,62,62,62,62,62,0],"gold":152,"neow_bonus":"UPGRADE_CARD","is_prod":false,"is_daily":false,"chose_seed":false,"campfire_upgraded":6,"win_rate":0,"timestamp":1550269412,"path_taken":["M","M","M","M","?","E","M","E","T","M","R","M","M","M","R","BOSS","M","M","M","$","?","E","R","?","T","R","?","E","R","M","R","BOSS","M","$","M","?","M","E"],"build_version":"2019-01-23","purchased_purges":1,"victory":false,"max_hp_per_floor":[80,80,80,80,80,80,80,80,80,80,80,80,80,80,80,80,80,80,80,80,80,56,56,56,62,62,62,62,62,62,62,62,62,62,62,62,62,62,62,62],"card_choices":[{"not_picked":["Bloodletting","Rage","Blood for Blood"],"picked":"SKIP","floor":1.0},{"not_picked":["Intimidate","Reckless Charge","Sever Soul"],"picked":"SKIP","floor":2.0},{"not_picked":["Flex","Dual Wield"],"picked":"Body Slam","floor":3.0},{"not_picked":["Thunderclap","Wild Strike"],"picked":"Second Wind","floor":4.0},{"not_picked":["Infernal Blade","Armaments"],"picked":"Entrench","floor":6.0},{"not_picked":["Clothesline","Rage","Warcry"],"picked":"SKIP","floor":7.0},{"not_picked":["Whirlwind","Cleave"],"picked":"Ghostly Armor","floor":8.0},{"not_picked":["Armaments","Heavy Blade","Burning Pact"],"picked":"SKIP","floor":10.0},{"not_picked":["Body Slam","Limit Break","Seeing Red"],"picked":"SKIP","floor":12.0},{"not_picked":["Body Slam","Warcry","Headbutt"],"picked":"SKIP","floor":13.0},{"not_picked":["Havoc","Second Wind","Pommel Strike"],"picked":"SKIP","floor":14.0},{"not_picked":["Feed","Bludgeon"],"picked":"Double Tap","floor":16.0},{"not_picked":["Pommel Strike","Havoc","Headbutt"],"picked":"SKIP","floor":18.0},{"not_picked":["True Grit","Power Through"],"picked":"Metallicize","floor":19.0},{"not_picked":["Corruption+1","Bloodletting","Dual Wield"],"picked":"SKIP","floor":20.0},{"not_picked":["Whirlwind+1","Sever Soul"],"picked":"Rage+1","floor":23.0},{"not_picked":["Reaper","Searing Blow","Fire Breathing"],"picked":"SKIP","floor":29.0},{"not_picked":["Clothesline+1","Thunderclap","Cleave+1"],"picked":"SKIP","floor":31.0},{"not_picked":["Warcry","True Grit"],"picked":"Armaments+1","floor":35.0},{"not_picked":["Rupture+1","Clothesline","Blood for Blood"],"picked":"SKIP","floor":37.0},{"not_picked":["Pommel Strike","Bloodletting+1","Burning Pact"],"picked":"SKIP","floor":39.0}],"player_experience":195742,"relics_obtained":[{"floor":6.0,"key":"Dodecahedron"},{"floor":8.0,"key":"PreservedInsect"},{"floor":9.0,"key":"Thread and Needle"},{"floor":23.0,"key":"Darkstone Periapt"},{"floor":23.0,"key":"StoneCalendar"},{"floor":29.0,"key":"Juzu Bracelet"},{"floor":29.0,"key":"War Paint"}],"event_choices":[{"damage_healed":0.0,"max_hp_gain":0.0,"max_hp_loss":0.0,"gold_gain":0.0,"cards_transformed":["Strike_R"],"event_name":"Transmorgrifier","player_choice":"Transformed","floor":5.0,"gold_loss":0.0,"damage_taken":0.0,"cards_obtained":["Bludgeon"]},{"damage_healed":0.0,"max_hp_gain":0.0,"max_hp_loss":24.0,"gold_gain":0.0,"event_name":"Vampires","player_choice":"Became a vampire","floor":22.0,"gold_loss":0.0,"damage_taken":0.0,"cards_obtained":["Bite","Bite","Bite","Bite","Bite"]},{"damage_healed":0.0,"max_hp_gain":0.0,"max_hp_loss":0.0,"gold_gain":0.0,"event_name":"Forgotten Altar","player_choice":"Smashed Altar","floor":25.0,"gold_loss":0.0,"damage_taken":0.0,"cards_obtained":["Decay"]},{"damage_healed":0.0,"max_hp_gain":0.0,"max_hp_loss":0.0,"gold_gain":0.0,"event_name":"Addict","player_choice":"Obtained Relic","floor":28.0,"gold_loss":85.0,"damage_taken":0.0,"relics_obtained":["Bronze Scales"]},{"damage_healed":0.0,"max_hp_gain":0.0,"max_hp_loss":0.0,"gold_gain":0.0,"event_name":"NoteForYourself","player_choice":"Ignored","floor":38.0,"gold_loss":0.0,"damage_taken":0.0}],"is_beta":false,"boss_relics":[{"not_picked":["Pandora\u0027s Box","Runic Dome"],"picked":"Black Star"},{"not_picked":["Tiny House","Orrery"],"picked":"White Beast Statue"}],"items_purged_floors":[21],"is_endless":false,"potions_floor_spawned":[1,3,6,7,10,16,18,20,29,35,37,39],"killed_by":"Reptomancer","ascension_level":0}