{"gold_per_floor":[12,0,11,11,25,25,54,73,73,90,11,22,22,33,33,138,138,158,34,34,47,47,47,58,77,77,89,17,17,30,110,110,110],"floor_reached":33,"playtime":3330,"items_purged":["Strike_B","Zap"],"score":243,"play_id":"c4b998d4-2c9b-45b9-b92f-212531d7770d","local_time":"20190202173043","is_ascension_mode":false,"campfire_choices":[{"floor":6,"key":"DIG"},{"floor":13,"key":"REST"},{"floor":15,"key":"DIG"},{"data":"Chill","floor":23,"key":"SMITH"},{"data":"Defragment","floor":32,"key":"SMITH"}],"neow_cost":"NO_GOLD","seed_source_timestamp":1308315650977058,"circlet_count":0,"master_deck":["Strike_B","Strike_B","Defend_B","Defend_B","Defend_B","Defend_B","Dualcast","Gash","Barrage","Cold Snap","White Noise","Lockon","Blizzard","Self Repair","Coolheaded","Chill+1","Multi-Cast","Self Repair","Blizzard","Coolheaded","Capacitor","Defragment+1","Redo","Coolheaded"],"relics":["Cracked Core","Shovel","Ornamental Fan","Odd Mushroom","Smiling Mask","Eternal Feather","Sundial","Dodecahedron"],"potions_floor_usage":[10,16,22,25,29,33],"damage_taken":[{"damage":1,"enemies":"2 Louse","floor":1,"turns":2},{"damage":8,"enemies":"Small Slimes","floor":3,"turns":3},{"damage":1,"enemies":"Jaw Worm","floor":5,"turns":3},{"damage":12,"enemies":"The Mushroom Lair","floor":7,"turns":4},{"damage":0,"enemies":"3 Louse","floor":8,"turns":4},{"damage":19,"enemies":"Gremlin Gang","floor":10,"turns":5},{"damage":9,"enemies":"Red Slaver","floor":12,"turns":2},{"damage":8,"enemies":"Exordium Wildlife","floor":14,"turns":3},{"damage":21,"enemies":"Slime Boss","floor":16,"turns":11},{"damage":8,"enemies":"3 Byrds","floor":18,"turns":6},{"damage":12,"enemies":"Spheric Guardian","floor":21,"turns":5},{"damage":27,"enemies":"Snecko","floor":24,"turns":9},{"damage":25,"enemies":"Chosen and Byrds","floor":25,"turns":7},{"damage":17,"enemies":"Centurion and Healer","floor":27,"turns":13},{"damage":11,"enemies":"3 Cultists","floor":29,"turns":4},{"damage":17,"enemies":"Sentry and Sphere","floor":30,"turns":10},{"damage":63,"enemies":"Automaton","floor":33,"turns":12}],"seed_played":"-6176284325754454502","potions_obtained":[{"floor":1,"key":"GamblersBrew"},{"floor":8,"key":"Regen Potion"},{"floor":12,"key":"FearPotion"},{"floor":14,"key":"Dexterity Potion"},{"floor":18,"key":"EssenceOfSteel"},{"floor":22,"key":"Fruit Juice"},{"floor":22,"key":"SmokeBomb"},{"floor":24,"key":"Regen Potion"}],"is_trial":false,"path_per_floor":["?","?","?","?","?","M","$","T"],"character_chosen":"DEFECT","items_purchased":["Self Repair","Blizzard","Redo"],"campfire_rested":1,"item_purchase_floors":[11,19,28],"current_hp_per_floor":[74,74,66,66,65,65,53,53,53,48,48,39,61,60,60,46,75,74,74,60,62,67,79,66,67,67,64,64,53,50,50,62,0],"gold":110,"neow_bonus":"ONE_RARE_RELIC","is_prod":false,"is_daily":false,"chose_seed":false,"campfire_upgraded":2,"win_rate":0.0,"timestamp":1549125043,"path_taken":["M","?","M","?","M","R","?","M","T","M","$","M","R","M","R","BOSS","M","$","?","M","?","R","M","M","T","?","?","M","M","?","R","BOSS"],"build_version":"2019-01-23","purchased_purges":2,"victory":false,"max_hp_per_floor":[75,75,75,75,75,75,75,75,75,75,75,75,75,75,75,75,75,75,75,80,80,85,85,85,85,85,85,85,85,85,85,85,85],"card_choices":[{"not_picked":["Reprogram","Force Field","Aggregate"],"picked":"SKIP","floor":1},{"not_picked":["Aggregate","Barrage"],"picked":"Gash","floor":3},{"not_picked":["Barrage","Go for the Eyes"],"picked":"Cold Snap","floor":5},{"not_picked":["Storm","Fusion"],"picked":"White Noise","floor":7},{"not_picked":["Undo","Beam Cell"],"picked":"Lockon","floor":8},{"not_picked":["Gash","Stack"],"picked":"Blizzard","floor":10},{"not_picked":["Reboot","Conserve Battery"],"picked":"Coolheaded","floor":12},{"not_picked":["Barrage","Ball Lightning"],"picked":"Chill","floor":14},{"not_picked":["Biased Cognition","Reboot"],"picked":"Multi-Cast","floor":16},{"not_picked":["Rebound","Tempest"],"picked":"Self Repair","floor":18},{"not_picked":["Conserve Battery","Compile Driver+1"],"picked":"Coolheaded","floor":21},{"not_picked":["Hologram","Go for the Eyes","Steam+1"],"picked":"SKIP","floor":24},{"not_picked":["Gash","Reprogram"],"picked":"Capacitor","floor":25},{"not_picked":["Echo Form","Leap"],"picked":"Defragment","floor":27},{"not_picked":["Rebound","Hologram"],"picked":"Coolheaded","floor":30}],"player_experience":72930,"relics_obtained":[{"floor":6,"key":"Ornamental Fan"},{"floor":7,"key":"Odd Mushroom"},{"floor":9,"key":"Smiling Mask"},{"floor":26,"key":"Sundial"},{"floor":31,"key":"Dodecahedron"}],"event_choices":[{"damage_healed":0,"gold_gain":0,"player_choice":"Left Gold","damage_taken":0,"max_hp_gain":0,"max_hp_loss":0,"event_name":"World of Goop","floor":2,"gold_loss":12},{"damage_healed":0,"gold_gain":0,"cards_transformed":["Strike_B"],"player_choice":"Change","damage_taken":0,"max_hp_gain":0,"max_hp_loss":0,"event_name":"Living Wall","floor":4,"gold_loss":0,"cards_obtained":["Barrage"]},{"damage_healed":0,"gold_gain":0,"player_choice":"Fought Mushrooms","damage_taken":0,"max_hp_gain":0,"max_hp_loss":0,"event_name":"Mushrooms","floor":7,"gold_loss":0},{"damage_healed":0,"gold_gain":0,"player_choice":"Shed Blood","damage_taken":19,"max_hp_gain":5,"max_hp_loss":0,"event_name":"Forgotten Altar","floor":20,"gold_loss":0},{"damage_healed":0,"gold_gain":0,"player_choice":"Got Potions","damage_taken":0,"max_hp_gain":0,"max_hp_loss":0,"event_name":"Lab","floor":22,"gold_loss":0}],"is_beta":false,"boss_relics":[{"not_picked":["Black Star","Runic Pyramid"],"picked":"Eternal Feather"}],"items_purged_floors":[19,28],"is_endless":false,"potions_floor_spawned":[1,8,12,14,18,24],"killed_by":"Automaton","ascension_level":0}