{"gold_per_floor":[110,110,129,129,141,141,167,167,167,167,181,199,199,226,226,331,331,351,251,261,281,141,141,141,158,208,227,239,269,269,95,95,199,199,217,35,55,69,89,89,89,89,89,89,89,89,105,105,105,105],"floor_reached":51,"playtime":4630,"items_purged":["Strike_R","Strike_R","Decay"],"score":777,"play_id":"77511d0f-0b77-4858-9c9d-0816a64b666e","local_time":"20181201115809","is_ascension_mode":true,"campfire_choices":[{"data":"Armaments","floor":6.0,"key":"SMITH"},{"floor":8.0,"key":"REST"},{"data":"True Grit","floor":13.0,"key":"SMITH"},{"floor":15.0,"key":"REST"},{"floor":23.0,"key":"REST"},{"floor":32.0,"key":"REST"},{"floor":40.0,"key":"REST"},{"floor":42.0,"key":"REST"},{"floor":49,"key":"REST"}],"neow_cost":"NONE","seed_source_timestamp":0,"circlet_count":0,"master_deck":["Strike_R+1","Defend_R+1","Defend_R+1","Defend_R+1","Bash","Dramatic Entrance","Armaments+1","Cleave","Shrug It Off","True Grit+1","Headbutt","Juggernaut","Pommel Strike","Shrug It Off","Warcry+1","Uppercut","Shockwave","Body Slam","Barricade","Apotheosis","Entrench+1","Madness","Madness"],"special_seed":0,"relics":["Burning Blood","Centennial Puzzle","Singing Bowl","Art of War","Fusion Hammer","War Paint","Bronze Scales","Sozu","Bottled Tornado"],"potions_floor_usage":[],"damage_taken":[{"damage":5.0,"enemies":"Small Slimes","floor":1.0,"turns":3.0},{"damage":2.0,"enemies":"2 Louse","floor":3.0,"turns":2.0},{"damage":1.0,"enemies":"Jaw Worm","floor":5.0,"turns":5.0},{"damage":31.0,"enemies":"Gremlin Nob","floor":7.0,"turns":5.0},{"damage":0.0,"enemies":"Blue Slaver","floor":11.0,"turns":5.0},{"damage":8.0,"enemies":"Large Slime","floor":12.0,"turns":9.0},{"damage":15.0,"enemies":"Lagavulin","floor":14.0,"turns":10.0},{"damage":26.0,"enemies":"The Guardian","floor":16.0,"turns":17.0},{"damage":7.0,"enemies":"Chosen","floor":18.0,"turns":5.0},{"damage":2.0,"enemies":"3 Byrds","floor":20.0,"turns":2.0},{"damage":21.0,"enemies":"Centurion and Healer","floor":21.0,"turns":8.0},{"damage":3.0,"enemies":"Snake Plant","floor":25.0,"turns":5.0},{"damage":1.0,"enemies":"Cultist and Chosen","floor":27.0,"turns":6.0},{"damage":15.0,"enemies":"3 Cultists","floor":28.0,"turns":5.0},{"damage":21.0,"enemies":"Slavers","floor":29.0,"turns":6.0},{"damage":78.0,"enemies":"Collector","floor":33.0,"turns":11.0},{"damage":4.0,"enemies":"3 Shapes","floor":35.0,"turns":5.0},{"damage":0.0,"enemies":"Orb Walker","floor":37.0,"turns":3.0},{"damage":13.0,"enemies":"3 Darklings","floor":38.0,"turns":6.0},{"damage":16.0,"enemies":"Jaw Worm Horde","floor":39.0,"turns":6.0},{"damage":28,"enemies":"Sphere and 2 Shapes","floor":47,"turns":5},{"damage":43,"enemies":"Time Eater","floor":50,"turns":12}],"seed_played":"-2712616916808247892","potions_obtained":[{"floor":5.0,"key":"SneckoOil"},{"floor":7.0,"key":"Explosive Potion"},{"floor":14.0,"key":"SkillPotion"},{"floor":16.0,"key":"LiquidBronze"},{"floor":20.0,"key":"Fire Potion"},{"floor":28.0,"key":"Ancient Potion"},{"floor":29.0,"key":"FearPotion"}],"is_trial":false,"path_per_floor":["M","M","?","M","?","M","R","E","R","T","?","M","M","R","E","R","B","B",null,"M","$","M","M","$","R","?","M","T","M","M","E","?","$","R","B","B",null,"M","$","M","M","M","R","$","R","T","$","?","?","M","?","R","B",null],"character_chosen":"IRONCLAD","items_purchased":["Shrug It Off","Uppercut","Dexterity Potion","Apotheosis"],"campfire_rested":7,"item_purchase_floors":[19,22,31,36],"current_hp_per_floor":[80,80,80,64,69,69,44,68,68,61,67,65,65,58,82,62,82,81,81,82,69,69,84,84,86,86,86,79,66,66,66,90,18,90,92,92,94,89,79,96,96,96,96,96,96,84,64,64,93,56],"gold":105,"neow_bonus":"RANDOM_COLORLESS","is_prod":false,"is_daily":false,"chose_seed":false,"campfire_upgraded":2,"win_rate":0,"timestamp":1543694289,"path_taken":["M","?","M","?","M","R","E","R","T","?","M","?","R","E","R","BOSS","BOSS","M","$","M","M","$","R","?","M","T","M","M","E","?","$","R","BOSS","BOSS","M","$","M","M","M","R","$","R","T","$","?","?","M","?","R","BOSS"],"build_version":"2018-11-15","purchased_purges":3,"victory":true,"max_hp_per_floor":[80,80,80,80,80,80,80,80,80,80,80,80,80,82,82,82,82,82,82,82,84,84,84,84,86,86,86,88,90,90,90,90,90,90,92,92,94,96,96,96,96,96,96,96,96,96,98,98,98,98],"card_choices":[{"not_picked":["Wild Strike","Anger"],"picked":"Armaments","floor":1.0},{"not_picked":["Pummel","Immolate"],"picked":"Cleave","floor":3.0},{"not_picked":["Pummel","Battle Trance"],"picked":"Shrug It Off","floor":5.0},{"not_picked":["Cleave","Reckless Charge","Perfected Strike"],"picked":"SKIP","floor":7.0},{"not_picked":["Cleave","Anger"],"picked":"True Grit","floor":11.0},{"not_picked":["Feel No Pain","Cleave"],"picked":"Headbutt","floor":12.0},{"not_picked":["Inflame","Heavy Blade","Feed"],"picked":"Singing Bowl","floor":14.0},{"not_picked":["Dark Embrace","Exhume"],"picked":"Juggernaut","floor":16.0},{"not_picked":["Havoc","Clothesline+1"],"picked":"Pommel Strike","floor":18.0},{"not_picked":["Anger","True Grit"],"picked":"Warcry+1","floor":20.0},{"not_picked":["Warcry+1","Armaments","Shrug It Off"],"picked":"Singing Bowl","floor":21.0},{"not_picked":["Perfected Strike","Blood for Blood","Spot Weakness+1"],"picked":"Singing Bowl","floor":25.0},{"not_picked":["Spot Weakness","Iron Wave+1"],"picked":"Body Slam","floor":27.0},{"not_picked":["Pummel+1","Immolate","Heavy Blade"],"picked":"Singing Bowl","floor":28.0},{"not_picked":["Sever Soul","Juggernaut","Havoc"],"picked":"Singing Bowl","floor":29.0},{"not_picked":["Double Tap","Immolate"],"picked":"Barricade","floor":33.0},{"not_picked":["Pommel Strike+1","True Grit","Flex+1"],"picked":"Singing Bowl","floor":35.0},{"not_picked":["Headbutt+1","Sword Boomerang","Sever Soul"],"picked":"Singing Bowl","floor":37.0},{"not_picked":["Intimidate+1","Spot Weakness+1","Pommel Strike+1"],"picked":"Singing Bowl","floor":38.0},{"not_picked":["Infernal Blade","Wild Strike"],"picked":"Entrench+1","floor":39.0},{"not_picked":["Dual Wield+1","Flex","Rage"],"picked":"Singing Bowl","floor":47}],"player_experience":306528,"relics_obtained":[{"floor":7.0,"key":"Centennial Puzzle"},{"floor":9.0,"key":"Singing Bowl"},{"floor":14.0,"key":"Art of War"},{"floor":26.0,"key":"War Paint"},{"floor":29.0,"key":"Bronze Scales"},{"floor":43.0,"key":"Bottled Tornado"}],"event_choices":[{"cards_removed":["Strike_R"],"damage_healed":0.0,"max_hp_gain":0.0,"max_hp_loss":0.0,"gold_gain":0.0,"event_name":"Living Wall","player_choice":"Forget","floor":2.0,"gold_loss":0.0,"damage_taken":0.0},{"damage_healed":0.0,"max_hp_gain":0.0,"max_hp_loss":0.0,"gold_gain":0.0,"event_name":"Shining Light","player_choice":"Entered Light","floor":4.0,"gold_loss":0.0,"damage_taken":16.0,"cards_upgraded":["Strike_R","Defend_R"]},{"cards_removed":["Strike_R"],"damage_healed":0.0,"max_hp_gain":0.0,"max_hp_loss":0.0,"gold_gain":0.0,"event_name":"Golden Wing","player_choice":"Card Removal","floor":10.0,"gold_loss":0.0,"damage_taken":7.0},{"damage_healed":0.0,"max_hp_gain":0.0,"max_hp_loss":0.0,"gold_gain":0.0,"event_name":"The Library","player_choice":"Read","floor":24.0,"gold_loss":0.0,"damage_taken":0.0,"cards_obtained":["Shockwave"]},{"damage_healed":0.0,"max_hp_gain":0.0,"max_hp_loss":0.0,"gold_gain":0.0,"event_name":"Forgotten Altar","player_choice":"Smashed Altar","floor":30.0,"gold_loss":0.0,"damage_taken":0.0,"cards_obtained":["Decay"]},{"cards_removed":["Defend_R"],"damage_healed":0.0,"max_hp_gain":0.0,"max_hp_loss":0.0,"gold_gain":0.0,"event_name":"Falling","player_choice":"Removed Skill","floor":45.0,"gold_loss":0.0,"damage_taken":0.0},{"damage_healed":0.0,"max_hp_gain":0.0,"max_hp_loss":0.0,"gold_gain":0.0,"event_name":"Winding Halls","player_choice":"Embrace Madness","floor":46.0,"gold_loss":0.0,"damage_taken":12.0,"cards_obtained":["Madness","Madness"]},{"damage_healed":0,"gold_gain":0,"player_choice":"Ignored","damage_taken":0,"max_hp_gain":0,"max_hp_loss":0,"event_name":"Mysterious Sphere","floor":48,"gold_loss":0}],"is_beta":false,"boss_relics":[{"not_picked":["Runic Pyramid","Coffee Dripper"],"picked":"Fusion Hammer"},{"not_picked":["Black Blood","Astrolabe"],"picked":"Sozu"}],"items_purged_floors":[19,22,31],"is_endless":false,"potions_floor_spawned":[5,7,14,16,20,28,29,35,37,47],"ascension_level":4}