{"gold_per_floor":[18,18,18,18,37,37,77,25,25,40,53,53,93,108,108,207,207,225,140,140,320,343,343,343],"floor_reached":24,"playtime":638,"items_purged":[],"score":398,"play_id":"8c0f92de-cb32-4192-8753-4ead6b077ecc","local_time":"20181231123749","is_ascension_mode":true,"campfire_choices":[{"data":"Defragment","floor":6.0,"key":"SMITH"},{"floor":15.0,"key":"REST"},{"floor":23.0,"key":"REST"}],"neow_cost":"NO_GOLD","seed_source_timestamp":5088874133963,"circlet_count":0,"master_deck":["AscendersBane","Strike_B","Strike_B","Strike_B","Defend_B","Defend_B","Defend_B","Zap","Dualcast","Ball Lightning","Defragment+1","Biased Cognition","Coolheaded","Go for the Eyes","Go for the Eyes","Rainbow","Conserve Battery","Fission","Redo+1","Leap"],"special_seed":0,"relics":["Cracked Core","Golden Idol","Letter Opener","Sundial","Kunai","Potion Belt","Philosopher\u0027s Stone","Unceasing Top","MutagenicStrength"],"potions_floor_usage":[24,24],"damage_taken":[{"damage":2.0,"enemies":"2 Louse","floor":1.0,"turns":3.0},{"damage":2.0,"enemies":"Jaw Worm","floor":5.0,"turns":3.0},{"damage":25.0,"enemies":"Lagavulin","floor":7.0,"turns":5.0},{"damage":2.0,"enemies":"Cultist","floor":10.0,"turns":3.0},{"damage":5.0,"enemies":"Red Slaver","floor":11.0,"turns":4.0},{"damage":7.0,"enemies":"Gremlin Nob","floor":13.0,"turns":3.0},{"damage":4.0,"enemies":"3 Louse","floor":14.0,"turns":3.0},{"damage":4.0,"enemies":"Slime Boss","floor":16.0,"turns":7.0},{"damage":10.0,"enemies":"3 Byrds","floor":18.0,"turns":4.0},{"damage":1.0,"enemies":"Spheric Guardian","floor":22.0,"turns":3.0},{"damage":47,"enemies":"Slavers","floor":24,"turns":4}],"seed_played":"-75515658410097633","potions_obtained":[{"floor":5.0,"key":"GamblersBrew"},{"floor":10.0,"key":"Explosive Potion"},{"floor":13.0,"key":"SkillPotion"},{"floor":14.0,"key":"Weak Potion"},{"floor":16.0,"key":"Block Potion"},{"floor":18.0,"key":"Dexterity Potion"}],"is_trial":false,"path_per_floor":["M","?","?","T","M","R","$","T","M","M","?","E","M","R","B",null,"M","?","?","M","R"],"character_chosen":"DEFECT","items_purchased":["Coolheaded"],"campfire_rested":2,"item_purchase_floors":[8],"current_hp_per_floor":[62,62,67,67,65,65,40,40,40,38,33,33,26,22,42,38,61,51,51,51,33,32,52,5],"gold":343,"neow_bonus":"REMOVE_TWO","is_prod":false,"is_daily":false,"chose_seed":false,"campfire_upgraded":1,"win_rate":0,"timestamp":1546256269,"path_taken":["M","?","?","?","?","R","E","?","T","M","?","?","E","M","R","BOSS","M","?","?","?","?","R","E"],"build_version":"2018-12-25","purchased_purges":0,"victory":false,"max_hp_per_floor":[71,64,69,69,69,69,69,69,69,69,69,69,69,69,69,69,69,69,69,69,69,69,69,69],"card_choices":[{"not_picked":["Stack","Scrape"],"picked":"Ball Lightning","floor":1.0},{"not_picked":["Compile Driver","Sweeping Beam"],"picked":"Defragment","floor":5.0},{"not_picked":["Rebound","Conserve Battery"],"picked":"Biased Cognition","floor":7.0},{"not_picked":["Skim","Redo"],"picked":"Go for the Eyes","floor":10.0},{"not_picked":["Ball Lightning","Turbo"],"picked":"Go for the Eyes","floor":11.0},{"not_picked":["Fusion","Hello World"],"picked":"Rainbow","floor":13.0},{"not_picked":["Fusion","Recycle"],"picked":"Conserve Battery","floor":14.0},{"not_picked":["Meteor Strike","Machine Learning"],"picked":"Fission","floor":16.0},{"not_picked":["Conserve Battery","Compile Driver"],"picked":"Redo+1","floor":18.0},{"not_picked":["Turbo+1","Chaos"],"picked":"Leap","floor":22.0}],"player_experience":882452,"relics_obtained":[{"floor":4.0,"key":"Letter Opener"},{"floor":7.0,"key":"Sundial"},{"floor":9.0,"key":"Kunai"},{"floor":13.0,"key":"Potion Belt"}],"event_choices":[{"damage_healed":0.0,"max_hp_gain":0.0,"max_hp_loss":7.0,"gold_gain":0.0,"event_name":"Golden Idol","player_choice":"Lose Max HP","floor":2.0,"gold_loss":0.0,"damage_taken":0.0,"relics_obtained":["Golden Idol"]},{"damage_healed":0.0,"max_hp_gain":5.0,"max_hp_loss":0.0,"gold_gain":0.0,"event_name":"Big Fish","player_choice":"Donut","floor":3.0,"gold_loss":0.0,"damage_taken":0.0},{"damage_healed":0.0,"max_hp_gain":0.0,"max_hp_loss":0.0,"gold_gain":0.0,"event_name":"Golden Wing","player_choice":"Ignored","floor":12.0,"gold_loss":0.0,"damage_taken":0.0},{"damage_healed":0.0,"max_hp_gain":0.0,"max_hp_loss":0.0,"gold_gain":0.0,"event_name":"Addict","player_choice":"Obtained Relic","floor":19.0,"gold_loss":85.0,"damage_taken":0.0,"relics_obtained":["Unceasing Top"]},{"damage_healed":0.0,"max_hp_gain":0.0,"max_hp_loss":0.0,"gold_gain":0.0,"event_name":"Drug Dealer","player_choice":"Inject Mutagens","floor":20.0,"gold_loss":0.0,"damage_taken":0.0,"relics_obtained":["MutagenicStrength"]},{"damage_healed":0.0,"max_hp_gain":0.0,"max_hp_loss":0.0,"gold_gain":180.0,"event_name":"Knowing Skull","player_choice":"GOLD GOLD ","floor":21.0,"potions_obtained":[],"gold_loss":0.0,"damage_taken":18.0,"cards_obtained":[]}],"is_beta":true,"boss_relics":[{"not_picked":["Calling Bell","FrozenCore"],"picked":"Philosopher\u0027s Stone"}],"items_purged_floors":[],"is_endless":false,"potions_floor_spawned":[5,10,13,14,16,18],"killed_by":"Slavers","ascension_level":19}