{"gold_per_floor":[359,378,393,393,468,468,482,513,539,539,539,539,551,551,551,551],"floor_reached":16,"playtime":978,"items_purged":[],"score":120,"play_id":"f33ad01a-c997-425b-9d25-df8e6c1914c5","local_time":"20181019221418","is_ascension_mode":true,"campfire_choices":[{"floor":6,"key":"REST"},{"data":"Cleave","floor":11,"key":"SMITH"},{"data":"Shockwave","floor":15,"key":"SMITH"}],"neow_cost":"PERCENT_DAMAGE","seed_source_timestamp":365723419015404,"circlet_count":0,"master_deck":["Strike_R","Strike_R","Strike_R","Strike_R+1","Strike_R+1","Defend_R+1","Defend_R","Defend_R","Defend_R","Bash+1","Pommel Strike","Armaments","Cleave+1","Shockwave+1"],"special_seed":0,"relics":["Burning Blood","Anchor","Whetstone","Question Card","Golden Idol"],"potions_floor_usage":[8],"damage_taken":[{"damage":5.0,"enemies":"2 Louse","floor":1.0,"turns":3.0},{"damage":0.0,"enemies":"Small Slimes","floor":2.0,"turns":3.0},{"damage":4,"enemies":"Jaw Worm","floor":3,"turns":5},{"damage":0,"enemies":"Large Slime","floor":7,"turns":4},{"damage":28,"enemies":"Gremlin Nob","floor":8,"turns":4},{"damage":0,"enemies":"3 Louse","floor":13,"turns":2},{"damage":58,"enemies":"Slime Boss","floor":16,"turns":9}],"seed_played":"161548008746076853","potions_obtained":[{"floor":2,"key":"LiquidBronze"},{"floor":7,"key":"Energy Potion"},{"floor":8,"key":"FearPotion"}],"is_trial":false,"path_per_floor":["M","M","M","?","?","R","M","E","T","?","R","T","M","?","R"],"character_chosen":"IRONCLAD","items_purchased":[],"campfire_rested":1,"item_purchase_floors":[],"current_hp_per_floor":[57,63,65,49,38,62,68,46,46,72,72,72,78,58,58,0],"gold":551,"neow_bonus":"TWO_FIFTY_GOLD","is_prod":false,"is_daily":false,"chose_seed":false,"campfire_upgraded":2,"win_rate":0,"timestamp":1540012458,"path_taken":["M","M","M","?","?","R","?","E","T","?","R","?","?","?","R","BOSS"],"build_version":"2018-10-18","purchased_purges":0,"victory":false,"max_hp_per_floor":[80,80,80,80,80,80,80,80,80,80,80,80,80,80,80,80],"card_choices":[{"not_picked":["Headbutt","Fire Breathing"],"picked":"Pommel Strike","floor":1.0},{"not_picked":["Clothesline","Searing Blow"],"picked":"Armaments","floor":2},{"not_picked":["Havoc","Brutality","Heavy Blade"],"picked":"SKIP","floor":3},{"not_picked":["Perfected Strike","Spot Weakness"],"picked":"Cleave","floor":7},{"not_picked":["Flex","Spot Weakness","Wild Strike"],"picked":"SKIP","floor":8},{"not_picked":["Wild Strike","Flame Barrier","Rupture"],"picked":"Shockwave","floor":13}],"player_experience":271213,"relics_obtained":[{"floor":8,"key":"Anchor"},{"floor":9,"key":"Whetstone"},{"floor":12,"key":"Question Card"}],"event_choices":[{"damage_healed":0,"gold_gain":0,"player_choice":"Entered Light","damage_taken":16,"max_hp_gain":0,"max_hp_loss":0,"event_name":"Shining Light","floor":4,"gold_loss":0,"cards_upgraded":["Bash","Defend_R"]},{"damage_healed":0,"gold_gain":75,"player_choice":"Gather Gold","damage_taken":11,"max_hp_gain":0,"max_hp_loss":0,"event_name":"World of Goop","floor":5,"gold_loss":0},{"damage_healed":26,"gold_gain":0,"player_choice":"Banana","damage_taken":0,"max_hp_gain":0,"max_hp_loss":0,"event_name":"Big Fish","floor":10,"gold_loss":0},{"damage_healed":0,"gold_gain":0,"player_choice":"Take Damage","damage_taken":20,"relics_obtained":["Golden Idol"],"max_hp_gain":0,"max_hp_loss":0,"event_name":"Golden Idol","floor":14,"gold_loss":0}],"is_beta":false,"boss_relics":[],"items_purged_floors":[],"is_endless":false,"potions_floor_spawned":[2,7,8],"killed_by":"Slime Boss","ascension_level":4}