{"gold_per_floor":[118,68,81,6,21,21,38,55,55,5,19,19,32,52,52,153,153,170,85,85,157,7,7,38,38,61,61,77,5,23,41,41,146,146,166,177,177,177],"floor_reached":38,"playtime":4417,"items_purged":["Defend_R"],"score":413,"play_id":"0a776258-4b61-4f4b-a66f-3cd0e56d7e49","local_time":"20190228235055","is_ascension_mode":false,"campfire_choices":[{"data":"Armaments","floor":6,"key":"SMITH"},{"data":"Anger","floor":15,"key":"SMITH"},{"data":"Demon Form","floor":23,"key":"SMITH"},{"floor":25,"key":"REST"},{"floor":27,"key":"REST"},{"floor":32,"key":"REST"}],"neow_cost":"NONE","seed_source_timestamp":543377601854498,"circlet_count":0,"master_deck":["Strike_R","Strike_R","Strike_R","Defend_R","Defend_R","Bash","Anger+1","Heavy Blade","Armaments+1","Flex","Shrug It Off","Shrug It Off","Iron Wave","Ghostly Armor","Intimidate","Demon Form+1","Feed+1","Flex","Fire Breathing","Carnage+1","Inflame","Barricade","Armaments+1","Spot Weakness+1"],"relics":["Black Blood","Dodecahedron","StoneCalendar","Empty Cage","Molten Egg 2","Gremlin Horn","Ice Cream","Anchor"],"potions_floor_usage":[16,16,18,24,31,33],"damage_taken":[{"damage":1,"enemies":"Jaw Worm","floor":1,"turns":4},{"damage":1,"enemies":"Cultist","floor":3,"turns":3},{"damage":0,"enemies":"Small Slimes","floor":5,"turns":3},{"damage":5,"enemies":"Looter","floor":7,"turns":4},{"damage":6,"enemies":"Exordium Wildlife","floor":8,"turns":4},{"damage":1,"enemies":"2 Fungi Beasts","floor":11,"turns":3},{"damage":0,"enemies":"Blue Slaver","floor":13,"turns":3},{"damage":5,"enemies":"3 Louse","floor":14,"turns":3},{"damage":31,"enemies":"Hexaghost","floor":16,"turns":8},{"damage":8,"enemies":"Shell Parasite","floor":18,"turns":7},{"damage":61,"enemies":"Book of Stabbing","floor":24,"turns":8},{"damage":0,"enemies":"3 Byrds","floor":28,"turns":7},{"damage":20,"enemies":"Snake Plant","floor":30,"turns":5},{"damage":15,"enemies":"Shelled Parasite and Fungi","floor":31,"turns":6},{"damage":67,"enemies":"Champ","floor":33,"turns":9},{"damage":20,"enemies":"3 Darklings","floor":35,"turns":7},{"damage":32,"enemies":"3 Shapes","floor":36,"turns":5},{"damage":76,"enemies":"Jaw Worm Horde","floor":38,"turns":6}],"seed_played":"7529607036009585378","potions_obtained":[{"floor":1,"key":"BloodPotion"},{"floor":5,"key":"GamblersBrew"},{"floor":13,"key":"PowerPotion"},{"floor":16,"key":"SkillPotion"},{"floor":28,"key":"Poison Potion"}],"is_trial":false,"path_per_floor":["M","?","M","$","M","R","M","M","T","$","M","?","M","M","R","B",null,"M","?","?","T","$","R","E","R","T","R","M","$","M","M","R","B",null,"M","M","?","M"],"character_chosen":"IRONCLAD","items_purchased":["Strength Potion","Feed+1","Regen Potion"],"campfire_rested":3,"item_purchase_floors":[10,22,29],"current_hp_per_floor":[80,80,80,80,80,80,80,80,80,80,80,80,80,80,80,55,80,78,78,78,78,78,78,23,47,47,71,81,81,71,78,92,35,96,86,68,68,0],"gold":177,"neow_bonus":"THREE_CARDS","is_prod":false,"is_daily":false,"chose_seed":false,"campfire_upgraded":3,"win_rate":0.0,"timestamp":1551423055,"path_taken":["M","?","M","$","M","R","M","M","T","$","M","?","M","M","R","BOSS","M","?","?","?","?","R","E","R","T","R","M","$","?","M","R","BOSS","M","M","?","M"],"build_version":"2019-01-23","purchased_purges":1,"victory":false,"max_hp_per_floor":[80,80,80,80,80,80,80,80,80,80,80,80,80,80,80,80,80,80,80,80,80,80,80,80,80,80,80,84,84,88,92,92,96,96,96,100,100,100],"card_choices":[{"not_picked":["Twin Strike","Warcry"],"picked":"Anger","floor":0},{"not_picked":["Power Through","Body Slam"],"picked":"Heavy Blade","floor":1},{"not_picked":["Headbutt","Warcry"],"picked":"Armaments","floor":3},{"not_picked":["Heavy Blade","Sword Boomerang"],"picked":"Flex","floor":5},{"not_picked":["Rampage","Whirlwind"],"picked":"Shrug It Off","floor":7},{"not_picked":["Pommel Strike","Headbutt"],"picked":"Shrug It Off","floor":8},{"not_picked":["Perfected Strike","Intimidate"],"picked":"Iron Wave","floor":11},{"not_picked":["True Grit","Iron Wave"],"picked":"Ghostly Armor","floor":13},{"not_picked":["Warcry","Sword Boomerang"],"picked":"Intimidate","floor":14},{"not_picked":["Juggernaut","Brutality"],"picked":"Demon Form","floor":16},{"not_picked":["Shrug It Off","Thunderclap+1","Power Through"],"picked":"SKIP","floor":18},{"not_picked":["Corruption+1","Blood for Blood+1"],"picked":"Flex","floor":24},{"not_picked":["Pummel+1","Headbutt+1"],"picked":"Fire Breathing","floor":28},{"not_picked":["Headbutt+1","Sword Boomerang+1"],"picked":"Carnage+1","floor":30},{"not_picked":["Flex","Thunderclap+1"],"picked":"Inflame","floor":31},{"not_picked":["Juggernaut","Offering"],"picked":"Barricade","floor":33},{"not_picked":["Sword Boomerang+1","Perfected Strike+1"],"picked":"Armaments","floor":35},{"not_picked":["Cleave+1","Clash+1"],"picked":"Spot Weakness+1","floor":36}],"player_experience":14826,"relics_obtained":[{"floor":9,"key":"Dodecahedron"},{"floor":21,"key":"Gremlin Horn"},{"floor":24,"key":"Ice Cream"},{"floor":26,"key":"Anchor"}],"event_choices":[{"cards_removed":["Strike_R"],"damage_healed":0,"gold_gain":0,"player_choice":"Card Removal","damage_taken":0,"max_hp_gain":0,"max_hp_loss":0,"event_name":"The Cleric","floor":2,"gold_loss":50},{"damage_healed":0,"gold_gain":0,"player_choice":"Gave Potion","damage_taken":0,"relics_obtained":["StoneCalendar"],"max_hp_gain":0,"max_hp_loss":0,"event_name":"WeMeetAgain","floor":12,"gold_loss":0},{"damage_healed":0,"gold_gain":0,"player_choice":"Obtained Relic","damage_taken":0,"relics_obtained":["Molten Egg 2"],"max_hp_gain":0,"max_hp_loss":0,"event_name":"Addict","floor":19,"gold_loss":85},{"damage_healed":0,"gold_gain":0,"player_choice":"Ignored","damage_taken":0,"max_hp_gain":0,"max_hp_loss":0,"event_name":"Cursed Tome","floor":20,"gold_loss":0},{"damage_healed":0,"gold_gain":0,"player_choice":"Forge","damage_taken":0,"max_hp_gain":0,"max_hp_loss":0,"event_name":"Accursed Blacksmith","floor":37,"gold_loss":0,"cards_upgraded":["Armaments"]}],"is_beta":false,"boss_relics":[{"not_picked":["Lizard Tail","Orrery"],"picked":"Empty Cage"},{"not_picked":["Runic Cube","Velvet Choker"],"picked":"Black Blood"}],"items_purged_floors":[4],"is_endless":false,"potions_floor_spawned":[1,5,13,16,28],"killed_by":"Jaw Worm Horde","ascension_level":0}