{"gold_per_floor":[114,132,28,28,43,43,43,43,43,54,32,48,48,48,48,48],"floor_reached":16,"playtime":1010,"items_purged":[],"score":95,"play_id":"d5935cbf-7e78-47d6-9857-47d4e254a9b3","local_time":"20190213203535","is_ascension_mode":true,"campfire_choices":[{"floor":6.0,"key":"REST"},{"floor":8.0,"key":"REST"},{"data":"Creative AI","floor":13,"key":"SMITH"},{"data":"Streamline","floor":15,"key":"SMITH"}],"neow_cost":"PERCENT_DAMAGE","seed_source_timestamp":0,"circlet_count":0,"master_deck":["Strike_B","Strike_B","Strike_B","Strike_B","Defend_B","Defend_B","Defend_B","Defend_B","Zap","Dualcast","Coolheaded","Creative AI+1","Capacitor","Streamline+1","Rebound","Hologram","Rebound","Regret"],"special_seed":0,"relics":["Cracked Core","WingedGreaves","Kunai","Calipers","Gambling Chip"],"potions_floor_usage":[12],"damage_taken":[{"damage":1.0,"enemies":"Cultist","floor":1.0,"turns":4.0},{"damage":1.0,"enemies":"2 Louse","floor":2.0,"turns":2.0},{"damage":0.0,"enemies":"Small Slimes","floor":5.0,"turns":2.0},{"damage":3.0,"enemies":"3 Louse","floor":10.0,"turns":4.0},{"damage":6,"enemies":"Gremlin Gang","floor":12,"turns":5},{"damage":48,"enemies":"The Guardian","floor":16,"turns":4}],"seed_played":"-6812218416913855031","potions_obtained":[{"floor":2.0,"key":"Fire Potion"},{"floor":5.0,"key":"SteroidPotion"}],"is_trial":false,"path_per_floor":["M","M","$","?","M","R","$","R","T","M","?","M","R","?","R","B"],"character_chosen":"DEFECT","items_purchased":["Capacitor","Streamline"],"campfire_rested":2,"item_purchase_floors":[3,3],"current_hp_per_floor":[53,52,52,10,10,32,32,54,54,51,51,45,45,45,45,0],"gold":48,"neow_bonus":"ONE_RARE_RELIC","is_prod":false,"is_daily":false,"chose_seed":false,"campfire_upgraded":2,"win_rate":0,"timestamp":1550086535,"path_taken":["M","M","$","?","M","R","$","R","T","M","?","M","R","?","R","BOSS"],"build_version":"2019-01-23","purchased_purges":0,"victory":false,"max_hp_per_floor":[75,75,75,75,75,75,75,75,75,75,75,75,75,75,75,75],"card_choices":[{"not_picked":["Barrage","Leap"],"picked":"Coolheaded","floor":1.0},{"not_picked":["Streamline","Beam Cell"],"picked":"Creative AI","floor":2.0},{"not_picked":["Streamline","Go for the Eyes"],"picked":"Rebound","floor":5.0},{"not_picked":["Hello World","Redo"],"picked":"Hologram","floor":10.0},{"not_picked":["Go for the Eyes","Tempest"],"picked":"Rebound","floor":12}],"player_experience":178946,"relics_obtained":[{"floor":9.0,"key":"Calipers"}],"event_choices":[{"damage_healed":0.0,"max_hp_gain":0.0,"max_hp_loss":0.0,"gold_gain":0.0,"event_name":"Scrap Ooze","player_choice":"Success","floor":4.0,"gold_loss":0.0,"damage_taken":42.0,"relics_obtained":["Kunai"]},{"damage_healed":0.0,"max_hp_gain":0.0,"max_hp_loss":0.0,"gold_gain":0.0,"event_name":"World of Goop","player_choice":"Left Gold","floor":11.0,"gold_loss":22.0,"damage_taken":0.0},{"damage_healed":0,"gold_gain":0,"player_choice":"Box","damage_taken":0,"relics_obtained":["Gambling Chip"],"max_hp_gain":0,"max_hp_loss":0,"event_name":"Big Fish","floor":14,"gold_loss":0,"cards_obtained":["Regret"]}],"is_beta":false,"boss_relics":[],"items_purged_floors":[],"is_endless":false,"potions_floor_spawned":[2,5],"killed_by":"The Guardian","ascension_level":1}