{"gold_per_floor":[117,128,128,148,148,148,35,35,113,113,145,162,181,43,43,142,142,155,74,74,86,102,102,159,173,173,201,201,236,256,276,276,380,380,398,112,163,163,175,175,187,213,239,259,269,93,113,132,132,132],"floor_reached":51,"playtime":8346,"items_purged":["Strike_G","Strike_G"],"score":843,"play_id":"304ce450-776c-4394-9d8b-77394951755f","local_time":"20180910134714","is_ascension_mode":true,"campfire_choices":[{"data":"Flying Knee","floor":6.0,"key":"SMITH"},{"data":"Backstab","floor":8.0,"key":"SMITH"},{"floor":15.0,"key":"REST"},{"data":"Noxious Fumes","floor":23.0,"key":"SMITH"},{"floor":28.0,"key":"REST"},{"floor":32.0,"key":"REST"},{"data":"PiercingWail","floor":40,"key":"SMITH"},{"floor":49,"key":"REST"}],"neow_cost":"","seed_source_timestamp":0,"circlet_count":0,"master_deck":["Defend_G","Defend_G","Defend_G","Defend_G","Defend_G","Strike_G","Strike_G","Strike_G","Survivor","Neutralize","Flying Knee+1","Dodge and Roll","PiercingWail+1","Backstab+1","Skewer","Noxious Fumes+1","Footwork","Bullet Time+1","Corpse Explosion+1","Footwork","Crippling Poison+1","Deflect+1","Backflip+1","Venomology+1","Dash+1","Leg Sweep+1","Doppelganger+1","Leg Sweep+1","Regret","Clumsy","Quick Slash+1","Writhe","Blade Dance+1","Quick Slash","Metamorphosis+1","Blur+1","Blade Dance+1"],"special_seed":0,"relics":["Ring of the Snake","Toxic Egg 2","Blue Candle","Runic Pyramid","Tiny Chest","Oddly Smooth Stone","Ginger","Red Mask","Cursed Key","Snake Skull","Dream Catcher","Shuriken","Regal Pillow","Lantern"],"potions_floor_usage":[41,42,42,42,44,45,48,48,50,50,50],"damage_taken":[{"damage":0.0,"enemies":"2 Louse","floor":1.0,"turns":3.0},{"damage":2.0,"enemies":"Small Slimes","floor":2.0,"turns":4.0},{"damage":0.0,"enemies":"Jaw Worm","floor":4.0,"turns":5.0},{"damage":43.0,"enemies":"3 Sentries","floor":11.0,"turns":11.0},{"damage":0.0,"enemies":"2 Fungi Beasts","floor":12.0,"turns":3.0},{"damage":0.0,"enemies":"Looter","floor":13.0,"turns":3.0},{"damage":27.0,"enemies":"The Guardian","floor":16.0,"turns":13.0},{"damage":9.0,"enemies":"Shell Parasite","floor":18.0,"turns":5.0},{"damage":0.0,"enemies":"Spheric Guardian","floor":21.0,"turns":4.0},{"damage":0.0,"enemies":"Chosen and Byrds","floor":22.0,"turns":8.0},{"damage":7.0,"enemies":"Book of Stabbing","floor":24.0,"turns":6.0},{"damage":17.0,"enemies":"Centurion and Healer","floor":25.0,"turns":3.0},{"damage":25.0,"enemies":"Slavers","floor":27.0,"turns":4.0},{"damage":13.0,"enemies":"Masked Bandits","floor":29.0,"turns":5.0},{"damage":4.0,"enemies":"Snecko","floor":30.0,"turns":7.0},{"damage":6.0,"enemies":"3 Cultists","floor":31.0,"turns":5.0},{"damage":0.0,"enemies":"Champ","floor":33.0,"turns":14.0},{"damage":0,"enemies":"3 Darklings","floor":35,"turns":4},{"damage":1,"enemies":"Orb Walker","floor":39,"turns":5},{"damage":1,"enemies":"Reptomancer","floor":41,"turns":6},{"damage":3,"enemies":"2 Orb Walkers","floor":42,"turns":4},{"damage":13,"enemies":"Spire Growth","floor":44,"turns":7},{"damage":2,"enemies":"Transient","floor":45,"turns":5},{"damage":1,"enemies":"4 Shapes","floor":47,"turns":3},{"damage":3,"enemies":"Reptomancer","floor":48,"turns":6},{"damage":17,"enemies":"Time Eater","floor":50,"turns":14}],"seed_played":"-2875614500663089274","potions_obtained":[{"floor":4.0,"key":"Ancient Potion"},{"floor":11.0,"key":"Swift Potion"},{"floor":21.0,"key":"EssenceOfSteel"},{"floor":22.0,"key":"Dexterity Potion"},{"floor":25.0,"key":"Ancient Potion"},{"floor":27.0,"key":"Fruit Juice"},{"floor":30.0,"key":"Strength Potion"},{"floor":33.0,"key":"Block Potion"},{"floor":41,"key":"Ancient Potion"},{"floor":42,"key":"Fruit Juice"},{"floor":45,"key":"Strength Potion"}],"is_trial":false,"path_per_floor":["M","M","?","M","?","R","$","R","T","?","E","M","M","$","R","B",null,"M","$","?","M","M","R","E","M","T","E","R","?","M","M","R","B",null,"M","$","T","T","M","R","M","E","T","M","M","$","M","M","R","B"],"character_chosen":"THE_SILENT","items_purchased":["Backstab","Bullet Time+1","Crippling Poison+1","Leg Sweep+1","Snake Skull","Metamorphosis+1"],"campfire_rested":4,"item_purchase_floors":[7,14,19,36,36,46],"current_hp_per_floor":[70,68,73,73,73,73,73,73,73,61,18,18,18,18,40,13,75,66,66,66,66,66,66,59,42,42,17,39,31,27,21,45,45,80,80,80,80,80,79,79,78,75,75,67,65,65,64,61,85,68],"gold":132,"neow_bonus":"","is_prod":false,"is_daily":false,"chose_seed":false,"campfire_upgraded":4,"win_rate":0,"timestamp":1536612434,"path_taken":["M","M","?","M","?","R","$","R","T","?","E","M","M","?","R","BOSS","M","$","?","?","M","R","E","M","T","E","R","?","?","M","R","BOSS","M","$","?","?","M","R","M","E","T","M","M","$","M","M","R","BOSS"],"build_version":"2018-09-06","purchased_purges":2,"victory":true,"max_hp_per_floor":[70,70,75,75,75,75,75,75,75,75,75,75,75,75,75,75,75,75,75,75,75,75,75,75,75,75,75,75,80,80,80,80,80,80,80,80,80,80,80,80,80,80,80,85,85,85,85,85,85,85],"card_choices":[{"not_picked":["Deadly Poison","Endless Agony"],"picked":"Flying Knee","floor":1.0},{"not_picked":["Bane","Blade Dance"],"picked":"Dodge and Roll","floor":2.0},{"not_picked":["Prepared","Dodge and Roll"],"picked":"PiercingWail","floor":4.0},{"not_picked":["Masterful Stab","Underhanded Strike"],"picked":"Skewer","floor":11.0},{"not_picked":["Flechettes","Underhanded Strike"],"picked":"Noxious Fumes","floor":12.0},{"not_picked":["Flechettes","Dagger Spray"],"picked":"Footwork","floor":13.0},{"not_picked":["Night Terror+1","Die Die Die"],"picked":"Corpse Explosion+1","floor":16.0},{"not_picked":["Deadly Poison+1","Sucker Punch"],"picked":"Footwork","floor":18.0},{"not_picked":["Dagger Spray","Endless Agony+1"],"picked":"Deflect+1","floor":21.0},{"not_picked":["Heel Hook","Poisoned Stab"],"picked":"Backflip+1","floor":22.0},{"not_picked":["Underhanded Strike","Acrobatics+1","Skewer"],"picked":"SKIP","floor":24.0},{"not_picked":["Predator","Slice"],"picked":"Venomology+1","floor":25.0},{"not_picked":["Flying Knee","Quick Slash+1","Infinite Blades"],"picked":"SKIP","floor":27.0},{"not_picked":["Crippling Poison+1","Predator+1"],"picked":"Dash+1","floor":29.0},{"not_picked":["Slice","Acrobatics+1","Underhanded Strike"],"picked":"SKIP","floor":30.0},{"not_picked":["Well Laid Plans+1","Backflip+1"],"picked":"Leg Sweep+1","floor":31.0},{"not_picked":["Glass Knife","Tools of the Trade"],"picked":"Doppelganger+1","floor":33.0},{"not_picked":["Slice+1","Bane","Tactician+1"],"picked":"SKIP","floor":35},{"not_picked":["Well Laid Plans+1","Eviscerate","Expertise+1"],"picked":"SKIP","floor":39},{"not_picked":["Outmaneuver+1","Quick Slash","Acrobatics+1"],"picked":"SKIP","floor":41},{"not_picked":["Endless Agony","Leg Sweep+1"],"picked":"Quick Slash+1","floor":42},{"not_picked":["Distraction+1","Blur+1"],"picked":"Blade Dance+1","floor":44},{"not_picked":["Underhanded Strike","Acrobatics+1"],"picked":"Quick Slash","floor":45},{"not_picked":["Quick Slash","Distraction+1"],"picked":"Blur+1","floor":47},{"not_picked":["Slice","Infinite Blades+1"],"picked":"Blade Dance+1","floor":48}],"player_experience":161733,"relics_obtained":[{"floor":9.0,"key":"Toxic Egg 2"},{"floor":11.0,"key":"Blue Candle"},{"floor":24.0,"key":"Tiny Chest"},{"floor":26.0,"key":"Oddly Smooth Stone"},{"floor":27.0,"key":"Ginger"},{"floor":29.0,"key":"Red Mask"},{"floor":37,"key":"Dream Catcher"},{"floor":38,"key":"Shuriken"},{"floor":42,"key":"Regal Pillow"},{"floor":43,"key":"Lantern"}],"event_choices":[{"event_name":"Big Fish","player_choice":"Donut","floor":3.0,"damage_taken":0.0},{"event_name":"Shining Light","player_choice":"Ignored","floor":5.0,"damage_taken":0.0},{"event_name":"Scrap Ooze","player_choice":"unsuccessful","floor":10.0,"damage_taken":12.0},{"event_name":"N\u0027loth","player_choice":"Ignored","floor":20.0,"damage_taken":0.0},{"event_name":"Masked Bandits","player_choice":"Fought Bandits","floor":29.0,"damage_taken":0.0}],"is_beta":false,"boss_relics":[{"not_picked":["Black Star","White Beast Statue"],"picked":"Runic Pyramid"},{"not_picked":["WristBlade","Empty Cage"],"picked":"Cursed Key"}],"items_purged_floors":[7,36],"is_endless":false,"potions_floor_spawned":[4,11,21,22,25,27,30,33,41,42,45],"ascension_level":2}