{"gold_per_floor":[112,112,124,139,154,185,205,205,205,231,246,257,277,312,312,407,407,427,30,40,53,69,69,103,116,194,194,194,208,243,243,243,340,340,354,370,27,38,0,17,37,37,37,37,54,54,54,67,67,67],"floor_reached":50,"playtime":3486,"items_purged":["Strike_R","Pain"],"score":742,"play_id":"38054eb6-3504-41f6-975d-bf46edb1b877","local_time":"20190202161129","is_ascension_mode":true,"campfire_choices":[{"data":"Armaments","floor":8.0,"key":"SMITH"},{"data":"Clothesline","floor":15.0,"key":"SMITH"},{"data":"Reaper","floor":23.0,"key":"SMITH"},{"data":"Clothesline","floor":27.0,"key":"SMITH"},{"floor":32.0,"key":"REST"},{"data":"Demon Form","floor":42.0,"key":"SMITH"},{"data":"Feel No Pain","floor":46.0,"key":"SMITH"},{"floor":49.0,"key":"RECALL"}],"neow_cost":"NONE","seed_source_timestamp":0,"circlet_count":0,"master_deck":["Strike_R","Strike_R","Strike_R","Strike_R","Defend_R","Defend_R","Defend_R","Defend_R","Bash+1","Whirlwind+1","Headbutt","Rampage","Armaments+1","Clothesline+1","Anger","Reaper+1","Shrug It Off+1","Clothesline+1","Offering+1","Uppercut+1","Disarm+1","True Grit+1","Exhume+1","True Grit+1","Battle Trance+1","Entrench+1","Headbutt","J.A.X.+1","Demon Form+1","Shrug It Off+1","Corruption","Regret","Feel No Pain+1","Madness+1","Madness+1","Disarm+1"],"special_seed":0,"relics":["Burning Blood","Oddly Smooth Stone","Toxic Egg 2","Bronze Scales","Torii","Cursed Key","Chemical X","Boot","Bottled Flame","Happy Flower","Snecko Eye","Shuriken","Red Mask"],"potions_floor_usage":[],"damage_taken":[{"damage":5.0,"enemies":"Small Slimes","floor":1.0,"turns":3.0},{"damage":6.0,"enemies":"Cultist","floor":3.0,"turns":4.0},{"damage":5.0,"enemies":"2 Louse","floor":4.0,"turns":3.0},{"damage":8.0,"enemies":"Red Slaver","floor":5.0,"turns":3.0},{"damage":22.0,"enemies":"3 Sentries","floor":6.0,"turns":6.0},{"damage":0.0,"enemies":"3 Louse","floor":7.0,"turns":1.0},{"damage":23.0,"enemies":"Lagavulin","floor":10.0,"turns":6.0},{"damage":13.0,"enemies":"Blue Slaver","floor":11.0,"turns":2.0},{"damage":0.0,"enemies":"2 Fungi Beasts","floor":12.0,"turns":2.0},{"damage":16.0,"enemies":"Exordium Thugs","floor":13.0,"turns":5.0},{"damage":20.0,"enemies":"3 Sentries","floor":14.0,"turns":8.0},{"damage":3.0,"enemies":"Hexaghost","floor":16.0,"turns":8.0},{"damage":29.0,"enemies":"2 Thieves","floor":18.0,"turns":4.0},{"damage":3.0,"enemies":"Shell Parasite","floor":20.0,"turns":4.0},{"damage":8.0,"enemies":"Chosen and Byrds","floor":21.0,"turns":3.0},{"damage":12.0,"enemies":"Snecko","floor":22.0,"turns":3.0},{"damage":15.0,"enemies":"Book of Stabbing","floor":24.0,"turns":5.0},{"damage":1.0,"enemies":"Snake Plant","floor":25.0,"turns":3.0},{"damage":19.0,"enemies":"Shelled Parasite and Fungi","floor":29.0,"turns":3.0},{"damage":8.0,"enemies":"Gremlin Leader","floor":30.0,"turns":7.0},{"damage":62.0,"enemies":"Automaton","floor":33.0,"turns":8.0},{"damage":5.0,"enemies":"Orb Walker","floor":35.0,"turns":3.0},{"damage":33.0,"enemies":"3 Darklings","floor":36.0,"turns":6.0},{"damage":27.0,"enemies":"Sphere and 2 Shapes","floor":38.0,"turns":4.0},{"damage":16.0,"enemies":"Maw","floor":40.0,"turns":6.0},{"damage":9.0,"enemies":"Spire Growth","floor":41.0,"turns":4.0},{"damage":7.0,"enemies":"3 Darklings","floor":45.0,"turns":3.0},{"damage":7.0,"enemies":"Jaw Worm Horde","floor":48.0,"turns":4.0},{"damage":46,"enemies":"Awakened One","floor":50,"turns":5}],"seed_played":"-8747095211829215142","potions_obtained":[{"floor":4.0,"key":"Block Potion"},{"floor":5.0,"key":"Strength Potion"},{"floor":6.0,"key":"SkillPotion"},{"floor":11.0,"key":"Weak Potion"},{"floor":13.0,"key":"LiquidBronze"},{"floor":18.0,"key":"LiquidBronze"},{"floor":24.0,"key":"AttackPotion"},{"floor":30.0,"key":"Swift Potion"},{"floor":35.0,"key":"Strength Potion"},{"floor":36.0,"key":"LiquidBronze"},{"floor":38.0,"key":"Strength Potion"}],"is_trial":false,"path_per_floor":["M","?","M","M","M","E","M","R","T","E","M","M","M","E","R","B",null,"M","$","M","M","M","R","E","M","T","R","?","M","E","?","R","B",null,"M","M","$","M","?","M","M","R","T","?","M","R","?","M","R","B"],"character_chosen":"IRONCLAD","items_purchased":["Disarm+1","Chemical X","Weak Potion","Shuriken"],"campfire_rested":1,"item_purchase_floors":[19,19,19,37],"current_hp_per_floor":[73,73,73,74,72,56,62,62,62,45,38,44,42,40,40,49,72,57,57,66,71,65,65,56,61,61,61,53,43,41,41,65,9,62,63,54,54,41,41,38,49,49,49,49,48,48,38,44,44,0],"gold":67,"neow_bonus":"UPGRADE_CARD","is_prod":false,"is_daily":false,"chose_seed":false,"campfire_upgraded":6,"win_rate":0,"timestamp":1549152689,"path_taken":["M","?","?","M","M","E","M","R","T","E","M","M","M","E","R","BOSS","M","$","?","M","M","R","E","M","T","R","?","?","E","?","R","BOSS","M","M","$","M","?","M","M","R","T","?","?","R","?","M","R","BOSS"],"build_version":"2019-01-23","purchased_purges":2,"victory":false,"max_hp_per_floor":[80,80,80,80,80,80,80,80,80,80,80,80,80,80,80,80,80,80,80,80,80,80,80,80,80,80,80,80,80,80,80,80,80,80,80,80,80,80,80,80,80,80,80,80,80,80,80,80,80,80],"card_choices":[{"not_picked":["Flex","Body Slam"],"picked":"Whirlwind","floor":1.0},{"not_picked":["Dual Wield","Searing Blow"],"picked":"Headbutt","floor":3.0},{"not_picked":["Rage","Sword Boomerang"],"picked":"Rampage","floor":4.0},{"not_picked":["Wild Strike","Thunderclap"],"picked":"Armaments","floor":5.0},{"not_picked":["Havoc","Searing Blow"],"picked":"Clothesline","floor":6.0},{"not_picked":["Carnage","Havoc"],"picked":"Anger","floor":7.0},{"not_picked":["Warcry+1","Armaments+1"],"picked":"Reaper","floor":10.0},{"not_picked":["Hemokinesis","Flex+1","Whirlwind"],"picked":"SKIP","floor":11.0},{"not_picked":["Rage+1","Clothesline","Flex+1"],"picked":"SKIP","floor":12.0},{"not_picked":["Perfected Strike","Searing Blow"],"picked":"Shrug It Off+1","floor":13.0},{"not_picked":["Twin Strike","Anger"],"picked":"Clothesline","floor":14.0},{"not_picked":["Barricade","Bludgeon"],"picked":"Offering+1","floor":16.0},{"not_picked":["Blood for Blood","Heavy Blade"],"picked":"Uppercut+1","floor":18.0},{"not_picked":["Twin Strike+1","Flex+1","Cleave"],"picked":"SKIP","floor":20.0},{"not_picked":["Perfected Strike","Seeing Red+1"],"picked":"True Grit+1","floor":21.0},{"not_picked":["Blood for Blood+1","Body Slam"],"picked":"Exhume+1","floor":22.0},{"not_picked":["Flex+1","Pommel Strike"],"picked":"True Grit+1","floor":24.0},{"not_picked":["Reckless Charge+1","Warcry+1"],"picked":"Battle Trance+1","floor":25.0},{"not_picked":["True Grit+1","Fiend Fire"],"picked":"Entrench+1","floor":29.0},{"not_picked":["Reckless Charge","Perfected Strike"],"picked":"Headbutt","floor":30.0},{"not_picked":["Brutality","Exhume+1"],"picked":"Demon Form","floor":33.0},{"not_picked":["Rampage+1","Bloodletting+1"],"picked":"Shrug It Off+1","floor":35.0},{"not_picked":["Combust+1","Rage+1","Thunderclap"],"picked":"SKIP","floor":36.0},{"not_picked":["Thunderclap","Whirlwind"],"picked":"Corruption","floor":38.0},{"not_picked":["Seeing Red+1","Cleave","Clash"],"picked":"SKIP","floor":40.0},{"not_picked":["Clothesline","Juggernaut","Twin Strike"],"picked":"SKIP","floor":41.0},{"not_picked":["Body Slam+1","Flex+1"],"picked":"Feel No Pain","floor":45.0},{"not_picked":["Headbutt","Evolve+1"],"picked":"Disarm+1","floor":48.0}],"player_experience":412393,"relics_obtained":[{"floor":6.0,"key":"Oddly Smooth Stone"},{"floor":9.0,"key":"Toxic Egg 2"},{"floor":10.0,"key":"Bronze Scales"},{"floor":14.0,"key":"Torii"},{"floor":24.0,"key":"Boot"},{"floor":26.0,"key":"Bottled Flame"},{"floor":30.0,"key":"Happy Flower"}],"event_choices":[{"damage_healed":0.0,"max_hp_gain":0.0,"max_hp_loss":0.0,"gold_gain":0.0,"event_name":"Accursed Blacksmith","player_choice":"Forge","floor":2.0,"gold_loss":0.0,"damage_taken":0.0,"cards_upgraded":["Whirlwind"]},{"damage_healed":0.0,"max_hp_gain":0.0,"max_hp_loss":0.0,"gold_gain":0.0,"event_name":"Knowing Skull","player_choice":"","floor":28.0,"potions_obtained":[],"gold_loss":0.0,"damage_taken":8.0,"cards_obtained":[]},{"damage_healed":0.0,"max_hp_gain":0.0,"max_hp_loss":0.0,"gold_gain":0.0,"event_name":"Drug Dealer","player_choice":"Obtain J.A.X.","floor":31.0,"gold_loss":0.0,"damage_taken":0.0,"cards_obtained":["J.A.X."]},{"damage_healed":0.0,"max_hp_gain":0.0,"max_hp_loss":0.0,"gold_gain":0.0,"event_name":"Tomb of Lord Red Mask","player_choice":"Paid","floor":39.0,"gold_loss":38.0,"damage_taken":0.0,"relics_obtained":["Red Mask"]},{"damage_healed":0.0,"max_hp_gain":0.0,"max_hp_loss":0.0,"gold_gain":0.0,"event_name":"SensoryStone","player_choice":"Memory 1","floor":44.0,"gold_loss":0.0,"damage_taken":0.0},{"damage_healed":0.0,"max_hp_gain":0.0,"max_hp_loss":0.0,"gold_gain":0.0,"event_name":"Winding Halls","player_choice":"Embrace Madness","floor":47.0,"gold_loss":0.0,"damage_taken":10.0,"cards_obtained":["Madness","Madness"]}],"is_beta":false,"boss_relics":[{"not_picked":["Runic Pyramid","Fusion Hammer"],"picked":"Cursed Key"},{"not_picked":["Pandora\u0027s Box","Black Star"],"picked":"Snecko Eye"}],"items_purged_floors":[19,37],"is_endless":false,"potions_floor_spawned":[4,5,6,11,13,18,24,29,30,35,36,38,40],"killed_by":"Awakened One","ascension_level":8}