{"gold_per_floor":[111,111,131,206,218,218,251,251,276,308,335,335,350,350,350,481,481,501,230,249,249,174,174],"floor_reached":23,"playtime":1100,"items_purged":["Strike_G"],"score":266,"play_id":"4d026742-e71d-4e33-bcf5-3699eb0a2441","local_time":"20190226024045","is_ascension_mode":true,"campfire_choices":[{"data":"1","floor":6,"key":"LIFT"},{"floor":8,"key":"REST"},{"floor":12,"key":"REST"},{"floor":15,"key":"REST"}],"neow_cost":"CURSE","seed_source_timestamp":45207898429675,"circlet_count":0,"master_deck":["Defend_G","Defend_G","Defend_G","Defend_G","Defend_G","Strike_G+1","Strike_G","Strike_G+1","Survivor","Neutralize","Bouncing Flask","Terror","Noxious Fumes","Noxious Fumes","Acrobatics","Blur","Catalyst","Envenom","Noxious Fumes","Cloak And Dagger","Necronomicurse"],"relics":["Ring of the Snake","Girya","Boot","Vajra","Singing Bowl","Dream Catcher","Golden Idol","Snecko Eye","Whetstone","Necronomicon"],"potions_floor_usage":[10,16,23],"damage_taken":[{"damage":6,"enemies":"Small Slimes","floor":1,"turns":7},{"damage":2,"enemies":"Jaw Worm","floor":3,"turns":4},{"damage":0,"enemies":"2 Louse","floor":5,"turns":2},{"damage":24,"enemies":"3 Sentries","floor":7,"turns":7},{"damage":12,"enemies":"Lagavulin","floor":10,"turns":6},{"damage":6,"enemies":"2 Fungi Beasts","floor":13,"turns":4},{"damage":26,"enemies":"Hexaghost","floor":16,"turns":9},{"damage":13,"enemies":"Spheric Guardian","floor":18,"turns":4},{"damage":7,"enemies":"Chosen","floor":20,"turns":5},{"damage":28,"enemies":"Slavers","floor":23,"turns":2}],"seed_played":"-5209142949473678666","potions_obtained":[{"floor":3,"key":"SteroidPotion"},{"floor":7,"key":"Energy Potion"},{"floor":13,"key":"Swift Potion"},{"floor":18,"key":"LiquidBronze"}],"is_trial":false,"path_per_floor":["M","?","M","?","M","R","E","R","T","E","T","R","M","?","R","B",null,"M","$","M","?","?","E"],"character_chosen":"THE_SILENT","items_purchased":["Noxious Fumes","Whetstone"],"campfire_rested":3,"item_purchase_floors":[19,19],"current_hp_per_floor":[57,57,55,44,44,44,20,41,41,29,29,50,46,28,49,23,60,49,49,42,26,26,0],"gold":174,"neow_bonus":"ONE_RARE_RELIC","is_prod":false,"is_daily":false,"chose_seed":false,"campfire_upgraded":0,"win_rate":0,"timestamp":1551123645,"path_taken":["M","?","M","?","M","R","E","R","T","E","?","R","M","?","R","BOSS","M","$","M","?","?","E"],"build_version":"2019-01-23","purchased_purges":1,"victory":false,"max_hp_per_floor":[70,70,70,70,70,70,70,70,70,70,70,70,72,72,72,72,72,74,74,74,74,74,74],"card_choices":[{"not_picked":["Dodge and Roll","Deflect"],"picked":"Bouncing Flask","floor":1},{"not_picked":["Deflect","Sucker Punch"],"picked":"Terror","floor":3},{"not_picked":["Poisoned Stab","Sucker Punch"],"picked":"Noxious Fumes","floor":5},{"not_picked":["Blade Dance","Tactician"],"picked":"Noxious Fumes","floor":7},{"not_picked":["Dagger Throw","Poisoned Stab"],"picked":"Acrobatics","floor":10},{"not_picked":["Prepared","Accuracy"],"picked":"Blur","floor":12},{"not_picked":["Dagger Throw","Terror","Flying Knee"],"picked":"Singing Bowl","floor":13},{"not_picked":["Caltrops","Poisoned Stab"],"picked":"Catalyst","floor":15},{"not_picked":["Burst","Grand Finale"],"picked":"Envenom","floor":16},{"not_picked":["Underhanded Strike","Finisher+1","Slice"],"picked":"Singing Bowl","floor":18},{"not_picked":["Riddle With Holes","Dagger Spray"],"picked":"Cloak And Dagger","floor":20}],"player_experience":269476,"relics_obtained":[{"floor":7,"key":"Boot"},{"floor":9,"key":"Vajra"},{"floor":10,"key":"Singing Bowl"},{"floor":11,"key":"Dream Catcher"},{"floor":21,"key":"Necronomicon"}],"event_choices":[{"cards_removed":["Regret"],"damage_healed":0,"gold_gain":0,"player_choice":"Forget","damage_taken":0,"max_hp_gain":0,"max_hp_loss":0,"event_name":"Living Wall","floor":2,"gold_loss":0},{"damage_healed":0,"gold_gain":75,"player_choice":"Gather Gold","damage_taken":11,"max_hp_gain":0,"max_hp_loss":0,"event_name":"World of Goop","floor":4,"gold_loss":0},{"damage_healed":0,"gold_gain":0,"player_choice":"Take Damage","damage_taken":18,"relics_obtained":["Golden Idol"],"max_hp_gain":0,"max_hp_loss":0,"event_name":"Golden Idol","floor":14,"gold_loss":0},{"damage_healed":0,"gold_gain":0,"player_choice":"Obtained Book","damage_taken":16,"max_hp_gain":0,"max_hp_loss":0,"event_name":"Cursed Tome","floor":21,"gold_loss":0},{"cards_removed":["Strike_G"],"damage_healed":0,"gold_gain":0,"player_choice":"Gave Gold","damage_taken":0,"max_hp_gain":0,"max_hp_loss":0,"event_name":"Beggar","floor":22,"gold_loss":75}],"is_beta":false,"boss_relics":[{"not_picked":["Tiny House","Coffee Dripper"],"picked":"Snecko Eye"}],"items_purged_floors":[19],"is_endless":false,"potions_floor_spawned":[3,7,13,18],"killed_by":"Slavers","ascension_level":7}