{"path_per_floor":["M","$","M","?","?","R","M","R","T","M","M","E","$","M","R","B",null,"M","?","M","M","$","R","E","M","T","R","?","M","R","?","R"],"character_chosen":"DEFECT","items_purchased":["Ball Lightning","Frozen Egg 2"],"gold_per_floor":[115,40,52,52,52,52,65,65,65,80,91,119,71,90,90,190,190,205,475,490,501,263,263,289,302,302,302,302,315,315,315,315,315],"floor_reached":33,"campfire_rested":3,"playtime":1021,"current_hp_per_floor":[74,74,67,67,64,64,63,63,63,63,62,34,34,30,30,13,75,75,27,20,19,19,41,33,28,28,50,36,31,55,55,55,0],"items_purged":["Defend_B"],"gold":315,"score":267,"play_id":"430984be-3034-482b-ad49-58635a9b3885","local_time":"20180505164715","is_prod":false,"is_daily":false,"chose_seed":false,"is_ascension_mode":false,"campfire_upgraded":4,"timestamp":1525510035,"path_taken":["M","$","?","?","?","R","M","R","T","?","M","E","?","M","R","BOSS","M","?","M","M","$","R","E","M","T","R","?","M","R","?","R","BOSS"],"build_version":"2018-05-03","seed_source_timestamp":3360716255561,"purchased_purges":2,"victory":false,"master_deck":["Strike_B","Strike_B","Strike_B","Defend_B","Defend_B","Defend_B","Zap+1","Dualcast","Static Discharge+1","Go for the Eyes+1","Hologram+1","Ball Lightning","Barrage+1","Biased Cognition","Beam Cell+1","Madness","Blind","Self Repair+1","Lockon+1","Conserve Battery+1","Writhe"],"max_hp_per_floor":[75,75,75,75,75,75,75,75,75,75,75,75,75,75,75,75,75,75,75,75,75,75,75,75,75,75,75,80,80,80,80,80,80],"relics":["Cracked Core","Thread and Needle","Bottled Flame","Pen Nib","Sozu","Frozen Egg 2","Whetstone","Bronze Scales","Anchor"],"card_choices":[{"not_picked":["White Noise","Hologram"],"picked":"Go for the Eyes","floor":1},{"not_picked":["Stack","Go for the Eyes"],"picked":"Hologram","floor":3},{"not_picked":["Force Field","Leap"],"picked":"Barrage","floor":14},{"not_picked":["Nova","Rainbow"],"picked":"Biased Cognition","floor":16},{"not_picked":["Ball Lightning","Coolheaded"],"picked":"Beam Cell","floor":18},{"not_picked":["Cold Snap","Axe Kick"],"picked":"Self Repair","floor":21},{"not_picked":["Ball Lightning","Cold Snap"],"picked":"Lockon","floor":24},{"not_picked":["Gash","Go for the Eyes"],"picked":"Conserve Battery","floor":29}],"player_experience":29655,"potions_floor_usage":[20],"damage_taken":[{"damage":1,"enemies":"Cultist","floor":1,"turns":3},{"damage":7,"enemies":"2 Louse","floor":3,"turns":3},{"damage":1,"enemies":"Jaw Worm","floor":7,"turns":2},{"damage":0,"enemies":"Blue Slaver","floor":10,"turns":4},{"damage":1,"enemies":"2 Fungi Beasts","floor":11,"turns":2},{"damage":28,"enemies":"Gremlin Nob","floor":12,"turns":4},{"damage":4,"enemies":"Red Slaver","floor":14,"turns":2},{"damage":17,"enemies":"Slime Boss","floor":16,"turns":9},{"damage":0,"enemies":"Chosen","floor":18,"turns":3},{"damage":7,"enemies":"2 Thieves","floor":20,"turns":3},{"damage":1,"enemies":"Snecko","floor":21,"turns":5},{"damage":15,"enemies":"Book of Stabbing","floor":24,"turns":4},{"damage":12,"enemies":"Slaver and Parasite","floor":25,"turns":5},{"damage":12,"enemies":"Snake Plant","floor":29,"turns":4},{"damage":70,"enemies":"Collector","floor":33,"turns":8}],"event_choices":[{"event_name":"Accursed Blacksmith","player_choice":"Forge","floor":4,"damage_taken":0},{"event_name":"Scrap Ooze","player_choice":"success","floor":5,"damage_taken":3},{"event_name":"Knowing Skull","player_choice":"CARD CARD GOLD GOLD GOLD ","floor":19,"damage_taken":0},{"event_name":"Forgotten Altar","player_choice":"Shed Blood","floor":28,"damage_taken":0},{"event_name":"The Mausoleum","player_choice":"Yes","floor":31,"damage_taken":0}],"boss_relics":[{"not_picked":["White Beast Statue","Ectoplasm"],"picked":"Sozu"}],"potions_floor_spawned":[1,7,14,16,24,25],"seed_played":"-4850960254760690317","killed_by":"Collector","ascension_level":0,"is_trial":false}