{"gold_per_floor":[114,114,134,19,36,36,55,74,74,74,102,118,118,83,83,158,158,173,193,193,243,45,45,70,82,82,99,24,24,24,40,40,40],"floor_reached":33,"playtime":2320,"items_purged":["Strike_G"],"score":467,"play_id":"41ec62aa-53ef-4fc9-b14b-bdc904d6efc0","local_time":"20190221222620","is_ascension_mode":true,"campfire_choices":[{"data":"Cloak And Dagger","floor":6.0,"key":"SMITH"},{"data":"Well Laid Plans","floor":10.0,"key":"SMITH"},{"data":"Tools of the Trade","floor":15.0,"key":"SMITH"},{"data":"Skewer","floor":23.0,"key":"SMITH"},{"floor":30,"key":"REST"},{"floor":32,"key":"REST"}],"neow_cost":"NONE","seed_source_timestamp":620409042742400,"circlet_count":0,"master_deck":["AscendersBane","Defend_G","Defend_G","Defend_G","Defend_G","Defend_G","Strike_G","Strike_G","Survivor","Neutralize","Dagger Throw","Cloak And Dagger+1","Leg Sweep","Well Laid Plans+1","Leg Sweep","Prepared","Footwork","Underhanded Strike","Tools of the Trade+1","A Thousand Cuts","Bouncing Flask","Skewer+1","Blur","Eviscerate","Choke"],"special_seed":0,"relics":["Ring of the Snake","NeowsBlessing","Vajra","Boot","Snecko Eye","Lee\u0027s Waffle","Dodecahedron","Bag of Preparation"],"potions_floor_usage":[24,25,27],"damage_taken":[{"damage":0.0,"enemies":"2 Louse","floor":1.0,"turns":1.0},{"damage":0.0,"enemies":"Cultist","floor":3.0,"turns":1.0},{"damage":0.0,"enemies":"Small Slimes","floor":5.0,"turns":1.0},{"damage":6.0,"enemies":"2 Fungi Beasts","floor":7.0,"turns":5.0},{"damage":7.0,"enemies":"Lots of Slimes","floor":8.0,"turns":7.0},{"damage":3.0,"enemies":"3 Sentries","floor":11.0,"turns":13.0},{"damage":6.0,"enemies":"Exordium Thugs","floor":12.0,"turns":5.0},{"damage":13.0,"enemies":"The Guardian","floor":16.0,"turns":16.0},{"damage":0.0,"enemies":"3 Byrds","floor":18.0,"turns":4.0},{"damage":0.0,"enemies":"Chosen","floor":19.0,"turns":8.0},{"damage":48,"enemies":"Book of Stabbing","floor":24,"turns":7},{"damage":14,"enemies":"Shelled Parasite and Fungi","floor":25,"turns":7},{"damage":0,"enemies":"Centurion and Healer","floor":27,"turns":8},{"damage":2,"enemies":"Cultist and Chosen","floor":31,"turns":9},{"damage":65,"enemies":"Automaton","floor":33,"turns":12}],"seed_played":"566832332606797060","potions_obtained":[{"floor":8.0,"key":"Fire Potion"},{"floor":11.0,"key":"Explosive Potion"},{"floor":24,"key":"EssenceOfSteel"},{"floor":25,"key":"SpeedPotion"}],"is_trial":false,"path_per_floor":["M","?","M","$","M","R","M","M","T","R","E","M","?","?","R","B",null,"M","M","?","?","$","R","E","M","T","M","$","$","R","M","R","B"],"character_chosen":"THE_SILENT","items_purchased":["Leg Sweep","Well Laid Plans","Lee\u0027s Waffle"],"campfire_rested":2,"item_purchase_floors":[4,4,22],"current_hp_per_floor":[59,59,59,59,59,59,53,46,46,46,43,37,30,46,46,33,58,58,58,58,52,73,73,25,11,11,11,11,11,32,30,51,0],"gold":40,"neow_bonus":"THREE_ENEMY_KILL","is_prod":false,"is_daily":false,"chose_seed":false,"campfire_upgraded":4,"win_rate":0,"timestamp":1550759180,"path_taken":["M","?","?","$","?","R","M","M","T","R","E","M","?","?","R","BOSS","M","M","?","?","$","R","E","?","T","M","?","$","R","M","R","BOSS"],"build_version":"2019-01-23","purchased_purges":1,"victory":false,"max_hp_per_floor":[66,66,66,66,66,66,66,66,66,66,66,66,66,66,66,66,66,66,66,66,66,73,73,73,73,73,73,73,73,73,73,73,73],"card_choices":[{"not_picked":["Underhanded Strike","Endless Agony"],"picked":"Dagger Throw","floor":1.0},{"not_picked":["Escape Plan","Flechettes"],"picked":"Cloak And Dagger","floor":3.0},{"not_picked":["Quick Slash","Blade Dance"],"picked":"Leg Sweep","floor":5.0},{"not_picked":["Backflip","Bane"],"picked":"Prepared","floor":7.0},{"not_picked":["PiercingWail","Prepared"],"picked":"Footwork","floor":8.0},{"not_picked":["Skewer","Flying Knee"],"picked":"Underhanded Strike","floor":11.0},{"not_picked":["Slice","Well Laid Plans"],"picked":"Tools of the Trade","floor":12.0},{"not_picked":["Grand Finale","Doppelganger"],"picked":"A Thousand Cuts","floor":16.0},{"not_picked":["Backflip","Bane"],"picked":"Bouncing Flask","floor":18.0},{"not_picked":["Flying Knee","Calculated Gamble","Endless Agony"],"picked":"SKIP","floor":19.0},{"not_picked":["Calculated Gamble","Outmaneuver","Masterful Stab"],"picked":"SKIP","floor":24},{"not_picked":["Underhanded Strike","Reflex"],"picked":"Blur","floor":25},{"not_picked":["Backflip","Flying Knee"],"picked":"Eviscerate","floor":27},{"not_picked":["Cloak And Dagger","Noxious Fumes"],"picked":"Choke","floor":31}],"player_experience":709864,"relics_obtained":[{"floor":9.0,"key":"Vajra"},{"floor":11.0,"key":"Boot"},{"floor":24,"key":"Dodecahedron"},{"floor":26,"key":"Bag of Preparation"}],"event_choices":[{"cards_removed":["Strike_G"],"damage_healed":0.0,"max_hp_gain":0.0,"max_hp_loss":0.0,"gold_gain":0.0,"event_name":"Wheel of Change","player_choice":"Card Removal","floor":2.0,"gold_loss":0.0,"damage_taken":0.0},{"cards_removed":["Strike_G"],"damage_healed":0.0,"max_hp_gain":0.0,"max_hp_loss":0.0,"gold_gain":0.0,"event_name":"Golden Wing","player_choice":"Card Removal","floor":13.0,"gold_loss":0.0,"damage_taken":7.0},{"damage_healed":16.0,"max_hp_gain":0.0,"max_hp_loss":0.0,"gold_gain":0.0,"event_name":"The Cleric","player_choice":"Healed","floor":14.0,"gold_loss":35.0,"damage_taken":0.0},{"damage_healed":0.0,"max_hp_gain":0.0,"max_hp_loss":0.0,"gold_gain":0.0,"event_name":"The Library","player_choice":"Read","floor":20.0,"gold_loss":0.0,"damage_taken":0.0,"cards_obtained":["Skewer"]},{"damage_healed":0.0,"max_hp_gain":0.0,"max_hp_loss":0.0,"gold_gain":50.0,"event_name":"FaceTrader","player_choice":"Touch","floor":21.0,"gold_loss":0.0,"damage_taken":6.0}],"is_beta":false,"boss_relics":[{"not_picked":["Astrolabe","White Beast Statue"],"picked":"Snecko Eye"}],"items_purged_floors":[28],"is_endless":false,"potions_floor_spawned":[8,11,12,18,24,25],"killed_by":"Automaton","ascension_level":15}