{"gold_per_floor":[109,184,134,134,144,173,22,22,22,32,49,60,60,71,71,71],"floor_reached":16,"playtime":415,"items_purged":["Strike_B"],"score":122,"play_id":"25a3b64a-fd5e-4152-9362-f3bbc6ba89bd","local_time":"20180706191444","is_ascension_mode":true,"campfire_choices":[{"data":"Zap","floor":8,"key":"SMITH"},{"data":"Redo","floor":15,"key":"SMITH"}],"neow_cost":"","seed_source_timestamp":857143497355253,"circlet_count":0,"master_deck":["Strike_B","Strike_B","Defend_B","Defend_B","Defend_B","Defend_B","Zap+1","Dualcast","Gash","Redo+1","Conserve Battery","Scrape","Defragment","Auto Shields","Self Repair","Coolheaded"],"relics":["Cracked Core","Blood Vial","Boot","NlothsMask"],"potions_floor_usage":[14],"damage_taken":[{"damage":4,"enemies":"Jaw Worm","floor":1,"turns":3},{"damage":0,"enemies":"2 Louse","floor":5,"turns":2},{"damage":34,"enemies":"Gremlin Nob","floor":6,"turns":4},{"damage":0,"enemies":"Cultist","floor":10,"turns":3},{"damage":11,"enemies":"Looter","floor":11,"turns":3},{"damage":5,"enemies":"Exordium Wildlife","floor":12,"turns":5},{"damage":7,"enemies":"Large Slime","floor":14,"turns":5},{"damage":30,"enemies":"Slime Boss","floor":16,"turns":9}],"seed_played":"4580800902351046622","potions_obtained":[{"floor":6,"key":"Energy Potion"},{"floor":10,"key":"AttackPotion"},{"floor":14,"key":"Ancient Potion"}],"is_trial":false,"path_per_floor":["M","?","?","?","M","E","$","R","T","M","M","M","?","M","R"],"character_chosen":"DEFECT","items_purchased":["Scrape"],"campfire_rested":0,"item_purchase_floors":[7],"current_hp_per_floor":[71,60,60,60,60,26,26,26,26,28,19,16,16,18,18,0],"gold":71,"neow_bonus":"","is_prod":false,"is_daily":false,"chose_seed":false,"campfire_upgraded":2,"win_rate":0,"timestamp":1530875684,"path_taken":["M","?","?","?","M","E","$","R","T","?","M","M","?","M","R","BOSS"],"build_version":"2018-07-05","purchased_purges":1,"victory":false,"max_hp_per_floor":[75,75,75,75,75,75,75,75,75,75,75,75,75,75,75,75],"card_choices":[{"not_picked":["Heatsinks","Sweeping Beam"],"picked":"Gash","floor":1},{"not_picked":["Auto Shields","Force Field"],"picked":"Redo","floor":5},{"not_picked":["Compile Driver","Ball Lightning"],"picked":"Conserve Battery","floor":6},{"not_picked":["Beam Cell","Ball Lightning"],"picked":"Defragment","floor":10},{"not_picked":["Compile Driver","BootSequence"],"picked":"Auto Shields","floor":11},{"not_picked":["Stack","Go for the Eyes"],"picked":"Self Repair","floor":12},{"not_picked":["Static Discharge","Fusion"],"picked":"Coolheaded","floor":14}],"player_experience":466197,"relics_obtained":[{"floor":6,"key":"Blood Vial"},{"floor":9,"key":"Boot"}],"event_choices":[{"event_name":"World of Goop","player_choice":"Gather Gold","floor":2,"damage_taken":0},{"event_name":"The Cleric","player_choice":"Card Removal","floor":3,"damage_taken":0},{"event_name":"Liars Game","player_choice":"disagreed","floor":4,"damage_taken":0},{"event_name":"FaceTrader","player_choice":"Trade","floor":13,"damage_taken":0}],"boss_relics":[],"items_purged_floors":[7],"is_endless":false,"potions_floor_spawned":[6,10,14],"killed_by":"Slime Boss","ascension_level":4}