{"gold_per_floor":[118,129,54,74,86,111,111,142,142,162,162,223,223,237,237,337,337,355,368,368,293,115,146,166,199,199,199,218,93,93,127,127,227,227,240,254,27,75,0,0,17,17,17,29,54,54,6,16,16,16],"floor_reached":51,"playtime":5420,"items_purged":["Strike_B","Defend_B","Defend_B","Defend_B"],"score":859,"play_id":"0ad92f7f-9151-4240-9264-5fcd1fbf2bb0","local_time":"20181027200146","is_ascension_mode":true,"campfire_choices":[{"floor":7,"key":"REST"},{"data":"Zap","floor":11,"key":"SMITH"},{"data":"Go for the Eyes","floor":13,"key":"SMITH"},{"floor":15,"key":"REST"},{"floor":27,"key":"REST"},{"data":"Beam Cell","floor":30,"key":"SMITH"},{"data":"1","floor":32,"key":"LIFT"},{"data":"2","floor":40,"key":"LIFT"},{"data":"3","floor":42,"key":"LIFT"},{"data":"Buffer","floor":49,"key":"SMITH"}],"neow_cost":"NONE","seed_source_timestamp":1522775983232905,"circlet_count":0,"master_deck":["Zap+1","Dualcast","All For One","Tempest","Go for the Eyes","Reinforced Body","Conserve Battery","Sweeping Beam","Buffer+1","Beam Cell","Go for the Eyes+1","All For One","Go for the Eyes+1","Go for the Eyes+1","Bite","Bite","Bite","Bite","Bite","Gash","Beam Cell+1","Gash","Fission","Creative AI+1","Gash","Machine Learning+1","All For One","Turbo+1"],"relics":["FrozenCore","Sundial","Orichalcum","Matryoshka","Ginger","Black Star","Incense Burner","Ice Cream","Meat on the Bone","Bottled Tornado","Frozen Egg 2","Bag of Preparation","Girya","Calipers","Thread and Needle","Red Mask","Vajra","Pear","Pen Nib","Oddly Smooth Stone"],"potions_floor_usage":[6,14,14,16,23,25,25,35,38,50,50],"damage_taken":[{"damage":1,"enemies":"Cultist","floor":1,"turns":3},{"damage":4,"enemies":"Jaw Worm","floor":2,"turns":4},{"damage":7,"enemies":"Small Slimes","floor":4,"turns":3},{"damage":5,"enemies":"3 Louse","floor":5,"turns":3},{"damage":21,"enemies":"3 Sentries","floor":6,"turns":9},{"damage":13,"enemies":"Gremlin Nob","floor":8,"turns":4},{"damage":2,"enemies":"Exordium Wildlife","floor":10,"turns":3},{"damage":13,"enemies":"3 Sentries","floor":12,"turns":6},{"damage":8,"enemies":"Exordium Thugs","floor":14,"turns":3},{"damage":27,"enemies":"Hexaghost","floor":16,"turns":10},{"damage":2,"enemies":"Chosen","floor":18,"turns":4},{"damage":0,"enemies":"3 Byrds","floor":19,"turns":4},{"damage":10,"enemies":"Book of Stabbing","floor":23,"turns":4},{"damage":12,"enemies":"Snake Plant","floor":24,"turns":3},{"damage":18,"enemies":"Slavers","floor":25,"turns":5},{"damage":0,"enemies":"Cultist and Chosen","floor":28,"turns":3},{"damage":0,"enemies":"Gremlin Leader","floor":31,"turns":5},{"damage":13,"enemies":"Champ","floor":33,"turns":6},{"damage":3,"enemies":"Orb Walker","floor":35,"turns":3},{"damage":8,"enemies":"3 Darklings","floor":36,"turns":3},{"damage":17,"enemies":"2 Orb Walkers","floor":38,"turns":4},{"damage":0,"enemies":"Maw","floor":41,"turns":4},{"damage":14,"enemies":"Writhing Mass","floor":44,"turns":4},{"damage":0,"enemies":"Reptomancer","floor":45,"turns":4},{"damage":0,"enemies":"Jaw Worm Horde","floor":48,"turns":3},{"damage":11,"enemies":"Awakened One","floor":50,"turns":6}],"seed_played":"-392879140775748921","potions_obtained":[{"floor":2,"key":"Dexterity Potion"},{"floor":4,"key":"SpeedPotion"},{"floor":5,"key":"Explosive Potion"},{"floor":6,"key":"Swift Potion"},{"floor":10,"key":"AttackPotion"},{"floor":16,"key":"Energy Potion"},{"floor":19,"key":"LiquidBronze"},{"floor":23,"key":"LiquidBronze"},{"floor":24,"key":"Weak Potion"},{"floor":25,"key":"FearPotion"},{"floor":33,"key":"Strength Potion"},{"floor":45,"key":"EssenceOfSteel"},{"floor":48,"key":"SteroidPotion"}],"is_trial":false,"path_per_floor":["M","M","$","M","M","E","R","E","T","M","R","?","R","M","R","B",null,"M","M","?","?","$","E","M","E","T","R","M","$","R","E","R","B",null,"M","M","$","?","?","R","M","R","T","M","E","?","$","M","R","B"],"character_chosen":"DEFECT","items_purchased":["Gash","Beam Cell","Machine Learning+1","Explosive Potion"],"campfire_rested":3,"item_purchase_floors":[22,22,37,47],"current_hp_per_floor":[74,70,70,63,58,37,59,46,46,44,44,31,31,23,45,18,75,73,73,52,52,52,44,36,26,26,41,45,45,45,52,52,43,52,49,43,43,32,32,32,42,42,52,42,52,52,52,58,58,51],"gold":16,"neow_bonus":"ONE_RANDOM_RARE_CARD","is_prod":false,"is_daily":false,"chose_seed":false,"campfire_upgraded":4,"win_rate":0,"timestamp":1540695706,"path_taken":["M","M","$","?","M","E","R","E","T","M","R","?","R","M","R","BOSS","M","?","?","?","$","E","M","E","T","R","M","?","R","E","R","BOSS","M","M","$","?","?","R","M","R","T","?","E","?","?","M","R","BOSS"],"build_version":"2018-10-25v2","purchased_purges":4,"victory":true,"max_hp_per_floor":[75,75,75,75,75,75,75,75,75,75,75,75,75,75,75,75,75,75,75,52,52,52,52,52,52,52,52,52,52,52,52,52,52,52,52,52,52,52,52,52,52,52,62,62,62,62,62,62,62,62],"card_choices":[{"not_picked":["Cold Snap","Self Repair"],"picked":"Tempest","floor":1},{"not_picked":["Steam","Steam Power"],"picked":"Go for the Eyes","floor":2},{"not_picked":["Streamline","Fusion"],"picked":"Reinforced Body","floor":4},{"not_picked":["Cold Snap","Static Discharge"],"picked":"Conserve Battery","floor":5},{"not_picked":["Coolheaded","Steam"],"picked":"Sweeping Beam","floor":6},{"not_picked":["Self Repair","Leap"],"picked":"Buffer","floor":8},{"not_picked":["Rip and Tear","Auto Shields"],"picked":"Beam Cell","floor":10},{"not_picked":["Blizzard","Steam Power"],"picked":"Go for the Eyes","floor":12},{"not_picked":["Barrage","Stack"],"picked":"Go for the Eyes","floor":14},{"not_picked":["Rainbow","Hyperbeam"],"picked":"All For One","floor":16},{"not_picked":["Fusion","Undo"],"picked":"Go for the Eyes+1","floor":18},{"not_picked":["Cold Snap","Darkness"],"picked":"Go for the Eyes+1","floor":19},{"not_picked":["Cold Snap+1","Steam","Stack"],"picked":"SKIP","floor":23},{"not_picked":["Coolheaded+1","Rebound"],"picked":"Gash","floor":24},{"not_picked":["Coolheaded","Melter"],"picked":"Fission","floor":25},{"not_picked":["Capacitor+1","Sweeping Beam","Coolheaded"],"picked":"SKIP","floor":28},{"not_picked":["Reinforced Body","Sweeping Beam","Biased Cognition+1"],"picked":"SKIP","floor":31},{"not_picked":["Buffer+1","Fission"],"picked":"Creative AI+1","floor":33},{"not_picked":["Redo","BootSequence+1","Beam Cell"],"picked":"SKIP","floor":35},{"not_picked":["Beam Cell","Streamline"],"picked":"Gash","floor":36},{"not_picked":["Hello World+1","Stack+1","Tempest"],"picked":"SKIP","floor":41},{"not_picked":["Sweeping Beam","Blizzard","Doom and Gloom"],"picked":"SKIP","floor":44},{"not_picked":["Core Surge","Turbo"],"picked":"All For One","floor":45},{"not_picked":["Compile Driver","Barrage+1"],"picked":"Turbo+1","floor":48}],"player_experience":127870,"relics_obtained":[{"floor":6,"key":"Sundial"},{"floor":8,"key":"Orichalcum"},{"floor":9,"key":"Matryoshka"},{"floor":23,"key":"Incense Burner"},{"floor":23,"key":"Ice Cream"},{"floor":25,"key":"Meat on the Bone"},{"floor":25,"key":"Bottled Tornado"},{"floor":26,"key":"Frozen Egg 2"},{"floor":26,"key":"Bag of Preparation"},{"floor":31,"key":"Girya"},{"floor":31,"key":"Calipers"},{"floor":38,"key":"Thread and Needle"},{"floor":43,"key":"Vajra"},{"floor":43,"key":"Pear"},{"floor":45,"key":"Pen Nib"},{"floor":45,"key":"Oddly Smooth Stone"}],"event_choices":[{"damage_healed":0,"gold_gain":0,"player_choice":"Searched \u00272\u0027 times","damage_taken":0,"relics_obtained":["Ginger"],"max_hp_gain":0,"max_hp_loss":0,"event_name":"Dead Adventurer","floor":12,"gold_loss":0},{"damage_healed":0,"gold_gain":0,"player_choice":"Became a vampire","damage_taken":0,"max_hp_gain":0,"max_hp_loss":23,"event_name":"Vampires","floor":20,"gold_loss":0,"cards_obtained":["Bite","Bite","Bite","Bite","Bite"]},{"cards_removed":["Defend_B"],"damage_healed":0,"gold_gain":0,"player_choice":"Gave Gold","damage_taken":0,"max_hp_gain":0,"max_hp_loss":0,"event_name":"Beggar","floor":21,"gold_loss":75},{"damage_healed":0,"gold_gain":0,"player_choice":"Fight","damage_taken":0,"max_hp_gain":0,"max_hp_loss":0,"event_name":"Mysterious Sphere","floor":38,"gold_loss":0},{"damage_healed":0,"gold_gain":0,"player_choice":"Paid","damage_taken":0,"relics_obtained":["Red Mask"],"max_hp_gain":0,"max_hp_loss":0,"event_name":"Tomb of Lord Red Mask","floor":39,"gold_loss":75},{"cards_removed":["Go for the Eyes"],"damage_healed":0,"gold_gain":0,"player_choice":"Removed Attack","damage_taken":0,"max_hp_gain":0,"max_hp_loss":0,"event_name":"Falling","floor":46,"gold_loss":0}],"is_beta":false,"boss_relics":[{"not_picked":["Empty Cage","Astrolabe"],"picked":"Black Star"},{"not_picked":["White Beast Statue","Inserter"],"picked":"FrozenCore"}],"items_purged_floors":[3,22,29,37],"is_endless":false,"potions_floor_spawned":[2,4,5,6,10,16,19,23,24,25,33,45,48],"ascension_level":1}