{"gold_per_floor":[117,117,133,133,147,147,179,33,113,113,3,31,45,45,45,45],"floor_reached":16,"playtime":1139,"items_purged":["Strike_R"],"score":108,"play_id":"80869bd6-8578-49be-977d-5b8a4dd59e54","local_time":"20190227224031","is_ascension_mode":false,"campfire_choices":[{"data":"Bash","floor":6,"key":"SMITH"},{"data":"Feed","floor":10,"key":"SMITH"},{"data":"Flame Barrier","floor":15,"key":"SMITH"}],"neow_cost":"NONE","seed_source_timestamp":4880749947505,"circlet_count":0,"master_deck":["Strike_R","Strike_R","Defend_R","Defend_R","Defend_R","Defend_R","Bash+1","Warcry","Ghostly Armor","Shrug It Off","Limit Break","Shockwave+1","Feed+1","Metallicize","Corruption","Flame Barrier+1"],"relics":["Burning Blood","Juzu Bracelet","Blood Vial","Gremlin Horn","Ginger"],"potions_floor_usage":[16],"damage_taken":[{"damage":3,"enemies":"Jaw Worm","floor":1,"turns":4},{"damage":1,"enemies":"Cultist","floor":3,"turns":4},{"damage":2,"enemies":"Small Slimes","floor":5,"turns":6},{"damage":36,"enemies":"3 Sentries","floor":7,"turns":14},{"damage":43,"enemies":"Lagavulin","floor":12,"turns":16},{"damage":7,"enemies":"Gremlin Gang","floor":13,"turns":7},{"damage":25,"enemies":"Hexaghost","floor":16,"turns":16}],"seed_played":"-8385212741568708225","potions_obtained":[{"floor":7,"key":"BloodPotion"},{"floor":12,"key":"GamblersBrew"},{"floor":13,"key":"BloodPotion"}],"is_trial":false,"path_per_floor":["M","?","M","?","M","R","E","$","T","R","$","E","M","?","R","B"],"character_chosen":"IRONCLAD","items_purchased":["Feed","Metallicize"],"campfire_rested":0,"item_purchase_floors":[8,11],"current_hp_per_floor":[80,80,80,80,80,80,50,50,50,50,50,19,24,24,24,9],"gold":45,"neow_bonus":"RANDOM_COMMON_RELIC","is_prod":false,"is_daily":false,"chose_seed":false,"campfire_upgraded":3,"win_rate":0,"timestamp":1551325231,"path_taken":["M","?","M","?","M","R","E","$","T","R","?","E","M","?","R","BOSS"],"build_version":"2019-01-23","purchased_purges":1,"victory":false,"max_hp_per_floor":[80,80,80,80,80,80,80,80,80,80,80,84,88,88,88,88],"card_choices":[{"not_picked":["Wild Strike","Flex"],"picked":"Warcry","floor":1},{"not_picked":["Heavy Blade","Hemokinesis"],"picked":"Shrug It Off","floor":3},{"not_picked":["Cleave","Sword Boomerang"],"picked":"Limit Break","floor":5},{"not_picked":["Headbutt","Twin Strike"],"picked":"Shockwave","floor":7},{"not_picked":["Perfected Strike","Wild Strike"],"picked":"Corruption","floor":12},{"not_picked":["Spot Weakness","Seeing Red"],"picked":"Flame Barrier","floor":13}],"player_experience":491308,"relics_obtained":[{"floor":7,"key":"Blood Vial"},{"floor":9,"key":"Gremlin Horn"},{"floor":12,"key":"Ginger"}],"event_choices":[{"damage_healed":0,"gold_gain":0,"cards_transformed":["Strike_R"],"player_choice":"Transformed","damage_taken":0,"max_hp_gain":0,"max_hp_loss":0,"event_name":"Transmorgrifier","floor":2,"gold_loss":0,"cards_obtained":["Ghostly Armor"]},{"cards_removed":["Strike_R"],"damage_healed":0,"gold_gain":0,"player_choice":"Offered Basic","damage_taken":0,"max_hp_gain":0,"max_hp_loss":0,"event_name":"Bonfire Elementals","floor":4,"gold_loss":0},{"damage_healed":0,"gold_gain":0,"player_choice":"Upgraded","damage_taken":0,"max_hp_gain":0,"max_hp_loss":0,"event_name":"Upgrade Shrine","floor":14,"gold_loss":0,"cards_upgraded":["Shockwave"]}],"is_beta":false,"boss_relics":[],"items_purged_floors":[11],"is_endless":false,"potions_floor_spawned":[7,12,13],"killed_by":"Hexaghost","ascension_level":0}