{"gold_per_floor":[113,113,123,137,69,134,134,151,175,175,24,52,65,81,81,180,180,199,54,54,72,172,207,207,218,243,13,31,51,51,51,51,152,152,152,9,22,34,0,0,0,0,0,35,64,76,36,52,52,52],"floor_reached":50,"playtime":7530,"items_purged":["Strike_G"],"score":544,"play_id":"b82d6461-5967-4c3a-a4b3-6372a917e4a1","local_time":"20190222182452","is_ascension_mode":true,"campfire_choices":[{"floor":7.0,"key":"REST"},{"data":"Doppelganger","floor":15.0,"key":"SMITH"},{"floor":24.0,"key":"REST"},{"floor":30.0,"key":"REST"},{"floor":32.0,"key":"REST"},{"floor":40.0,"key":"REST"},{"data":"Sadistic Nature","floor":41.0,"key":"SMITH"},{"data":"Noxious Fumes","floor":42.0,"key":"SMITH"},{"data":"Bouncing Flask","floor":46.0,"key":"SMITH"},{"floor":49.0,"key":"REST"}],"neow_cost":"NONE","seed_source_timestamp":0,"circlet_count":0,"master_deck":["Defend_G","Defend_G","Defend_G","Defend_G","Defend_G","Strike_G","Strike_G","Strike_G","Strike_G","Survivor","Neutralize","Underhanded Strike","Deadly Poison","PiercingWail","Dodge and Roll","Noxious Fumes","Skewer","Noxious Fumes+1","Bouncing Flask+1","Doppelganger+1","Dash","Cloak And Dagger","Adrenaline","Poisoned Stab","Dodge and Roll","Cloak And Dagger","Backflip","Sadistic Nature+1","Deflect","Dodge and Roll","Writhe","Burst","Deadly Poison+1","Backflip+1","Clumsy","Injury","Acrobatics+1","Sucker Punch+1","Leg Sweep+1"],"special_seed":0,"relics":["Ring of the Snake","Lantern","Tiny Chest","Ancient Tea Set","Pocketwatch","Philosopher\u0027s Stone","Snake Skull","Nunchaku","Pen Nib","Regal Pillow","WingedGreaves","Cursed Key","Happy Flower","Red Mask","MawBank","Dream Catcher"],"potions_floor_usage":[50,50],"damage_taken":[{"damage":0.0,"enemies":"2 Louse","floor":1.0,"turns":3.0},{"damage":4.0,"enemies":"Small Slimes","floor":3.0,"turns":3.0},{"damage":0.0,"enemies":"Jaw Worm","floor":4.0,"turns":4.0},{"damage":18.0,"enemies":"3 Sentries","floor":6.0,"turns":10.0},{"damage":11.0,"enemies":"Exordium Thugs","floor":8.0,"turns":5.0},{"damage":3.0,"enemies":"Lagavulin","floor":12.0,"turns":6.0},{"damage":5.0,"enemies":"Gremlin Gang","floor":13.0,"turns":4.0},{"damage":0.0,"enemies":"Looter","floor":14.0,"turns":3.0},{"damage":19.0,"enemies":"The Guardian","floor":16.0,"turns":7.0},{"damage":15.0,"enemies":"2 Thieves","floor":18.0,"turns":5.0},{"damage":9.0,"enemies":"Shell Parasite","floor":21.0,"turns":4.0},{"damage":57.0,"enemies":"Slavers","floor":23.0,"turns":6.0},{"damage":1.0,"enemies":"Snake Plant","floor":25.0,"turns":3.0},{"damage":15.0,"enemies":"Snecko","floor":28.0,"turns":5.0},{"damage":7.0,"enemies":"Cultist and Chosen","floor":29.0,"turns":6.0},{"damage":42.0,"enemies":"Champ","floor":33.0,"turns":11.0},{"damage":2.0,"enemies":"3 Darklings","floor":35.0,"turns":2.0},{"damage":13.0,"enemies":"3 Shapes","floor":37.0,"turns":5.0},{"damage":19.0,"enemies":"Maw","floor":38.0,"turns":7.0},{"damage":14.0,"enemies":"Transient","floor":45.0,"turns":5.0},{"damage":25.0,"enemies":"4 Shapes","floor":48.0,"turns":4.0},{"damage":71,"enemies":"Time Eater","floor":50,"turns":10}],"seed_played":"2065310450180765981","potions_obtained":[{"floor":6.0,"key":"FairyPotion"},{"floor":8.0,"key":"Dexterity Potion"},{"floor":16.0,"key":"LiquidBronze"},{"floor":23.0,"key":"PowerPotion"},{"floor":25.0,"key":"SmokeBomb"},{"floor":28.0,"key":"Explosive Potion"},{"floor":48.0,"key":"Energy Potion"}],"is_trial":false,"path_per_floor":["M","?","M","M","$","E","R","M","T","?","$","E","M","M","R","B",null,"M","$","T","M","?","E","R","M","T","$","M","M","R","?","R","B",null,"M","$","M","M","?","R","R","R","T","T","M","R","$","M","R","B"],"character_chosen":"THE_SILENT","items_purchased":["Noxious Fumes","Bouncing Flask","Snake Skull","Sadistic Nature","Deflect","Happy Flower","Dexterity Potion"],"campfire_rested":6,"item_purchase_floors":[5,11,19,27,27,36,47],"current_hp_per_floor":[70,52,48,48,48,30,51,40,40,63,63,60,55,55,55,36,70,55,55,55,46,46,7,28,27,27,27,12,5,41,41,70,28,70,68,68,55,36,36,70,70,70,70,70,56,56,56,31,67,0],"gold":52,"neow_bonus":"THREE_CARDS","is_prod":false,"is_daily":false,"chose_seed":false,"campfire_upgraded":4,"win_rate":0,"timestamp":1550881492,"path_taken":["M","?","M","M","$","E","R","M","T","?","?","E","M","M","R","BOSS","M","$","?","?","?","E","R","M","T","?","?","M","R","?","R","BOSS","M","$","M","M","?","R","R","R","T","?","M","R","$","M","R","BOSS"],"build_version":"2019-01-23","purchased_purges":1,"victory":false,"max_hp_per_floor":[70,70,70,70,70,70,70,70,70,70,70,70,70,70,70,70,70,70,70,70,70,70,70,70,70,70,70,70,70,70,70,70,70,70,70,70,70,70,70,70,70,70,70,70,70,70,70,70,70,70],"card_choices":[{"not_picked":["Infinite Blades","Tactician"],"picked":"Underhanded Strike","floor":0.0},{"not_picked":["Quick Slash","Prepared"],"picked":"Deadly Poison","floor":1.0},{"not_picked":["Quick Slash","Dagger Throw"],"picked":"PiercingWail","floor":3.0},{"not_picked":["Flying Knee","Prepared"],"picked":"Dodge and Roll","floor":4.0},{"not_picked":["Tactician","Deflect"],"picked":"Skewer","floor":6.0},{"not_picked":["Endless Agony","Well Laid Plans"],"picked":"Noxious Fumes","floor":8.0},{"not_picked":["Flechettes","Dodge and Roll"],"picked":"Doppelganger","floor":12.0},{"not_picked":["Predator","Noxious Fumes"],"picked":"Dash","floor":13.0},{"not_picked":["Eviscerate","Slice"],"picked":"Cloak And Dagger","floor":14.0},{"not_picked":["Unload","Storm of Steel"],"picked":"Adrenaline","floor":16.0},{"not_picked":["Predator","Underhanded Strike"],"picked":"Poisoned Stab","floor":18.0},{"not_picked":["Choke","Bane"],"picked":"Dodge and Roll","floor":21.0},{"not_picked":["Poisoned Stab","Heel Hook"],"picked":"Cloak And Dagger","floor":23.0},{"not_picked":["Acrobatics+1","Caltrops"],"picked":"Backflip","floor":25.0},{"not_picked":["Heel Hook+1","Riddle With Holes"],"picked":"Dodge and Roll","floor":28.0},{"not_picked":["Caltrops+1","Poisoned Stab+1","Bane"],"picked":"SKIP","floor":29.0},{"not_picked":["Storm of Steel","Malaise"],"picked":"Burst","floor":33.0},{"not_picked":["Eviscerate","Caltrops+1"],"picked":"Deadly Poison+1","floor":37.0},{"not_picked":["Escape Plan+1","Caltrops+1"],"picked":"Backflip+1","floor":38.0},{"not_picked":["Flechettes+1","Backflip"],"picked":"Acrobatics+1","floor":45.0},{"not_picked":["Tactician+1","Acrobatics"],"picked":"Sucker Punch+1","floor":48.0},{"not_picked":["Dagger Throw+1","Outmaneuver"],"picked":"Leg Sweep+1","floor":49.0}],"player_experience":129370,"relics_obtained":[{"floor":6.0,"key":"Tiny Chest"},{"floor":9.0,"key":"Ancient Tea Set"},{"floor":12.0,"key":"Pocketwatch"},{"floor":20.0,"key":"Nunchaku"},{"floor":23.0,"key":"Pen Nib"},{"floor":26.0,"key":"Regal Pillow"},{"floor":43.0,"key":"MawBank"},{"floor":44.0,"key":"Dream Catcher"}],"event_choices":[{"damage_healed":0.0,"max_hp_gain":0.0,"max_hp_loss":0.0,"gold_gain":0.0,"event_name":"Scrap Ooze","player_choice":"Success","floor":2.0,"gold_loss":0.0,"damage_taken":18.0,"relics_obtained":["Lantern"]},{"damage_healed":23.0,"max_hp_gain":0.0,"max_hp_loss":0.0,"gold_gain":0.0,"event_name":"Big Fish","player_choice":"Banana","floor":10.0,"gold_loss":0.0,"damage_taken":0.0},{"damage_healed":0.0,"max_hp_gain":0.0,"max_hp_loss":0.0,"gold_gain":100.0,"event_name":"Golden Shrine","player_choice":"Pray","floor":22.0,"gold_loss":0.0,"damage_taken":0.0},{"damage_healed":0.0,"max_hp_gain":0.0,"max_hp_loss":0.0,"gold_gain":0.0,"event_name":"The Mausoleum","player_choice":"Opened","floor":31.0,"gold_loss":0.0,"damage_taken":0.0,"relics_obtained":["WingedGreaves"],"cards_obtained":["Writhe"]},{"damage_healed":0.0,"max_hp_gain":0.0,"max_hp_loss":0.0,"gold_gain":0.0,"event_name":"Tomb of Lord Red Mask","player_choice":"Paid","floor":39.0,"gold_loss":34.0,"damage_taken":0.0,"relics_obtained":["Red Mask"]}],"is_beta":false,"boss_relics":[{"not_picked":["HoveringKite","Busted Crown"],"picked":"Philosopher\u0027s Stone"},{"not_picked":["Coffee Dripper","Snecko Eye"],"picked":"Cursed Key"}],"items_purged_floors":[11],"is_endless":false,"potions_floor_spawned":[6,8,16,23,25,28,35,48],"killed_by":"Time Eater","ascension_level":2}