{"gold_per_floor":[119,26,44,56,131,158,168,168,168,187,43,58,87,87,87,187,187,201,214,214,229,242,242],"floor_reached":23,"playtime":2204,"items_purged":[],"score":344,"play_id":"e6e31b82-1108-4c5d-adcd-66752b762dd4","local_time":"20190226151957","is_ascension_mode":true,"campfire_choices":[{"data":"Setup","floor":8,"key":"SMITH"},{"floor":15,"key":"REST"}],"neow_cost":"NONE","seed_source_timestamp":2873015123245,"circlet_count":0,"master_deck":["Survivor","Neutralize","Envenom","PiercingWail","Predator","Doppelganger","Quick Slash","Tactician","Catalyst","Wraith Form v2","Calculated Gamble","Masterful Stab","Bouncing Flask","Footwork","Bane","Well Laid Plans","Setup+1","Endless Agony","Prepared","Infinite Blades","Catalyst","Adrenaline","Underhanded Strike+1","All Out Attack","Adrenaline","Escape Plan","Endless Agony"],"relics":["Pandora\u0027s Box","Bird Faced Urn","Torii","Bronze Scales","Ninja Scroll","Runic Pyramid"],"potions_floor_usage":[6,7,10,16,16,16,16],"damage_taken":[{"damage":1,"enemies":"Jaw Worm","floor":1,"turns":3},{"damage":0,"enemies":"Small Slimes","floor":3,"turns":3},{"damage":0,"enemies":"Cultist","floor":4,"turns":3},{"damage":2,"enemies":"Lagavulin","floor":6,"turns":6},{"damage":6,"enemies":"Exordium Wildlife","floor":7,"turns":3},{"damage":17,"enemies":"Gremlin Gang","floor":10,"turns":5},{"damage":11,"enemies":"Large Slime","floor":12,"turns":5},{"damage":29,"enemies":"3 Sentries","floor":13,"turns":6},{"damage":0,"enemies":"Slime Boss","floor":16,"turns":6},{"damage":0,"enemies":"3 Byrds","floor":18,"turns":3},{"damage":0,"enemies":"Chosen","floor":19,"turns":3},{"damage":32,"enemies":"Snake Plant","floor":21,"turns":4},{"damage":31,"enemies":"Shelled Parasite and Fungi","floor":22,"turns":4},{"damage":21,"enemies":"Slavers","floor":23,"turns":1}],"seed_played":"-8250926729865064072","potions_obtained":[{"floor":3,"key":"Fire Potion"},{"floor":4,"key":"GhostInAJar"},{"floor":6,"key":"Swift Potion"},{"floor":14,"key":"EntropicBrew"},{"floor":14,"key":"SteroidPotion"},{"floor":14,"key":"PowerPotion"},{"floor":22,"key":"SpeedPotion"}],"is_trial":false,"path_per_floor":["M","$","M","M","?","E","M","R","T","M","$","M","E","?","R","B",null,"M","M","?","M","M","E"],"character_chosen":"THE_SILENT","items_purchased":["Footwork","Bane","Bronze Scales"],"campfire_rested":1,"item_purchase_floors":[2,2,11],"current_hp_per_floor":[62,62,62,62,51,49,45,45,45,36,36,33,10,10,31,41,63,67,70,70,44,15,0],"gold":242,"neow_bonus":"BOSS_RELIC","is_prod":false,"is_daily":false,"chose_seed":false,"campfire_upgraded":1,"win_rate":0,"timestamp":1551169197,"path_taken":["M","$","M","M","?","E","M","R","T","M","$","M","E","?","R","BOSS","M","?","?","M","M","E"],"build_version":"2019-01-23","purchased_purges":0,"victory":false,"max_hp_per_floor":[70,70,70,70,70,70,70,70,70,70,70,70,70,70,70,70,70,70,70,70,70,70,70],"card_choices":[{"not_picked":["Poisoned Stab","PiercingWail"],"picked":"Bouncing Flask","floor":1},{"not_picked":["Slice","Bane"],"picked":"Well Laid Plans","floor":3},{"not_picked":["Terror","Blade Dance"],"picked":"Setup","floor":4},{"not_picked":["Wraith Form v2","Finisher"],"picked":"Endless Agony","floor":6},{"not_picked":["Deadly Poison","Caltrops"],"picked":"Prepared","floor":7},{"not_picked":["Underhanded Strike","Prepared"],"picked":"Infinite Blades","floor":10},{"not_picked":["Blade Dance","Dagger Spray"],"picked":"Catalyst","floor":12},{"not_picked":["Prepared","Dagger Spray","Infinite Blades"],"picked":"SKIP","floor":13},{"not_picked":["Tools of the Trade","Night Terror"],"picked":"Adrenaline","floor":16},{"not_picked":["Prepared","Eviscerate"],"picked":"Underhanded Strike+1","floor":18},{"not_picked":["Sucker Punch+1","Predator+1"],"picked":"All Out Attack","floor":19},{"not_picked":["Prepared","Outmaneuver"],"picked":"Escape Plan","floor":21},{"not_picked":["Blade Dance+1","Dagger Spray"],"picked":"Endless Agony","floor":22}],"player_experience":271832,"relics_obtained":[{"floor":6,"key":"Bird Faced Urn"},{"floor":9,"key":"Torii"},{"floor":13,"key":"Ninja Scroll"}],"event_choices":[{"damage_healed":0,"gold_gain":75,"player_choice":"Gather Gold","damage_taken":11,"max_hp_gain":0,"max_hp_loss":0,"event_name":"World of Goop","floor":5,"gold_loss":0},{"damage_healed":0,"gold_gain":0,"player_choice":"Got Potions","damage_taken":0,"max_hp_gain":0,"max_hp_loss":0,"event_name":"Lab","floor":14,"gold_loss":0},{"damage_healed":0,"gold_gain":0,"player_choice":"Copied","damage_taken":0,"max_hp_gain":0,"max_hp_loss":0,"event_name":"Duplicator","floor":20,"gold_loss":0,"cards_obtained":["Adrenaline"]}],"is_beta":false,"boss_relics":[{"not_picked":["Busted Crown","Astrolabe"],"picked":"Runic Pyramid"}],"items_purged_floors":[],"is_endless":false,"potions_floor_spawned":[3,4,6,22],"killed_by":"Slavers","ascension_level":7}