{"gold_per_floor":[13,13,13,28,44,83,83,98,98,129,129,154,187,206,206,206],"floor_reached":16,"playtime":1431,"items_purged":[],"score":132,"play_id":"6423dac4-3e15-4779-a2a1-45c905b14ff0","local_time":"20190222231426","is_ascension_mode":true,"campfire_choices":[{"data":"Dagger Spray","floor":7,"key":"SMITH"},{"data":"Skewer","floor":11,"key":"SMITH"},{"floor":15,"key":"REST"}],"neow_cost":"NO_GOLD","seed_source_timestamp":0,"circlet_count":0,"master_deck":["Defend_G","Defend_G","Defend_G","Defend_G","Strike_G","Strike_G","Strike_G","Strike_G","Survivor","Neutralize","Bouncing Flask+1","Backstab","Dagger Spray+1","Deflect","Flying Knee","Skewer+1","Terror","Distraction"],"special_seed":0,"relics":["Ring of the Snake","Golden Idol","Happy Flower","Matryoshka","Frozen Egg 2","Smiling Mask","Lantern","Pen Nib"],"potions_floor_usage":[13,16,16],"damage_taken":[{"damage":0.0,"enemies":"Jaw Worm","floor":1.0,"turns":5.0},{"damage":0.0,"enemies":"Cultist","floor":4.0,"turns":3.0},{"damage":0.0,"enemies":"2 Louse","floor":5.0,"turns":2.0},{"damage":20,"enemies":"3 Sentries","floor":6,"turns":8},{"damage":0,"enemies":"Lots of Slimes","floor":8,"turns":1},{"damage":9,"enemies":"Lagavulin","floor":10,"turns":5},{"damage":8,"enemies":"3 Sentries","floor":13,"turns":7},{"damage":11,"enemies":"Gremlin Gang","floor":14,"turns":3},{"damage":41,"enemies":"Slime Boss","floor":16,"turns":7}],"seed_played":"-5371508786536060201","potions_obtained":[{"floor":5.0,"key":"SpeedPotion"},{"floor":6,"key":"LiquidBronze"},{"floor":14,"key":"Fruit Juice"}],"is_trial":false,"path_per_floor":["M","?","?","M","M","E","R","M","T","E","R","T","E","M","R","B"],"character_chosen":"THE_SILENT","items_purchased":[],"campfire_rested":1,"item_purchase_floors":[],"current_hp_per_floor":[70,65,65,65,65,45,45,45,45,36,36,36,28,17,36,0],"gold":206,"neow_bonus":"REMOVE_TWO","is_prod":false,"is_daily":false,"chose_seed":false,"campfire_upgraded":2,"win_rate":0,"timestamp":1550898866,"path_taken":["M","?","?","M","?","E","R","M","T","E","R","?","E","M","R","BOSS"],"build_version":"2019-01-23","purchased_purges":0,"victory":false,"max_hp_per_floor":[70,65,65,65,65,65,65,65,65,65,65,65,65,65,65,70],"card_choices":[{"not_picked":["Bane","PiercingWail"],"picked":"Bouncing Flask","floor":1.0},{"not_picked":["Deadly Poison","Choke"],"picked":"Backstab","floor":4.0},{"not_picked":["Expertise","Outmaneuver"],"picked":"Dagger Spray","floor":5.0},{"not_picked":["Prepared","Endless Agony"],"picked":"Deflect","floor":6},{"not_picked":["Underhanded Strike","Choke"],"picked":"Flying Knee","floor":8},{"not_picked":["Footwork","Poisoned Stab"],"picked":"Skewer","floor":10},{"not_picked":["Accuracy+1","Doppelganger"],"picked":"Terror","floor":13},{"not_picked":["Cloak And Dagger","Accuracy+1"],"picked":"Distraction","floor":14}],"player_experience":142224,"relics_obtained":[{"floor":6,"key":"Happy Flower"},{"floor":9,"key":"Matryoshka"},{"floor":10,"key":"Frozen Egg 2"},{"floor":12,"key":"Smiling Mask"},{"floor":12,"key":"Lantern"},{"floor":13,"key":"Pen Nib"}],"event_choices":[{"damage_healed":0.0,"max_hp_gain":0.0,"max_hp_loss":5.0,"gold_gain":0.0,"event_name":"Golden Idol","player_choice":"Lose Max HP","floor":2.0,"gold_loss":0.0,"damage_taken":0.0,"relics_obtained":["Golden Idol"]},{"damage_healed":0.0,"max_hp_gain":0.0,"max_hp_loss":0.0,"gold_gain":0.0,"event_name":"Accursed Blacksmith","player_choice":"Forge","floor":3.0,"gold_loss":0.0,"damage_taken":0.0,"cards_upgraded":["Bouncing Flask"]}],"is_beta":false,"boss_relics":[],"items_purged_floors":[],"is_endless":false,"potions_floor_spawned":[5,6,14],"killed_by":"Slime Boss","ascension_level":2}