{"gold_per_floor":[113,164,164,11,11,36,36,36,36,36,36,50,50,61,61,166,166,181,191,191,191,191,191,119,129,154,104,66,166,191,203,203,203],"floor_reached":33,"playtime":2285,"items_purged":["Defend_R"],"score":271,"play_id":"ff8175cc-bac4-4f28-8ae8-e17d0fea4f78","local_time":"20190201001415","is_ascension_mode":true,"campfire_choices":[{"floor":7,"key":"REST"},{"floor":10,"key":"REST"},{"data":"Bludgeon","floor":15,"key":"SMITH"},{"data":"Reaper","floor":23,"key":"SMITH"},{"floor":32,"key":"REST"}],"neow_cost":"NONE","seed_source_timestamp":1160763614536499,"circlet_count":0,"master_deck":["Strike_R","Strike_R","Strike_R","Strike_R+1","Strike_R","Defend_R","Defend_R","Bash","Sever Soul","Clash+1","Bludgeon+1","Second Wind","Burning Pact","Carnage","Reaper+1","Bloodletting","Clash","Reaper","Whirlwind","Sever Soul","Hemokinesis","Battle Trance+1"],"relics":["Burning Blood","Whetstone","Centennial Puzzle","Dream Catcher","Juzu Bracelet","Self Forming Clay","Velvet Choker","Spirit Poop","Smiling Mask","Thread and Needle","Mercury Hourglass","Orichalcum"],"potions_floor_usage":[16,33,33,33],"damage_taken":[{"damage":7,"enemies":"2 Louse","floor":1,"turns":2},{"damage":56,"enemies":"Lagavulin","floor":6,"turns":6},{"damage":0,"enemies":"Small Slimes","floor":12,"turns":2},{"damage":6,"enemies":"Jaw Worm","floor":14,"turns":2},{"damage":70,"enemies":"Hexaghost","floor":16,"turns":10},{"damage":0,"enemies":"Spheric Guardian","floor":18,"turns":3},{"damage":10,"enemies":"Chosen","floor":19,"turns":3},{"damage":28,"enemies":"3 Cultists","floor":25,"turns":5},{"damage":28,"enemies":"Colosseum Slavers","floor":29,"turns":4},{"damage":33,"enemies":"Colosseum Nobs","floor":29,"turns":4},{"damage":4,"enemies":"Gremlin Leader","floor":30,"turns":5},{"damage":25,"enemies":"Shelled Parasite and Fungi","floor":31,"turns":4},{"damage":76,"enemies":"Collector","floor":33,"turns":7}],"seed_played":"3398187118598131207","potions_obtained":[{"floor":6,"key":"SkillPotion"},{"floor":18,"key":"Block Potion"},{"floor":25,"key":"Weak Potion"},{"floor":30,"key":"Ancient Potion"}],"is_trial":false,"path_per_floor":["?","?","$","?","?","?","?","?","?","$","?"],"character_chosen":"IRONCLAD","items_purchased":["Whetstone","Whirlwind","Sever Soul"],"campfire_rested":3,"item_purchase_floors":[4,24,28],"current_hp_per_floor":[79,79,79,79,79,29,53,46,46,70,70,76,76,76,76,12,80,80,76,76,76,76,76,76,64,64,64,64,29,49,35,59,0],"gold":203,"neow_bonus":"TRANSFORM_CARD","is_prod":false,"is_daily":false,"chose_seed":false,"campfire_upgraded":2,"win_rate":0,"timestamp":1548976455,"path_taken":["M","?","?","?","?","E","R","?","T","R","?","M","$","M","R","BOSS","M","M","?","?","?","R","$","M","T","?","$","?","E","M","R","BOSS"],"build_version":"2019-01-23","purchased_purges":1,"victory":false,"max_hp_per_floor":[80,80,80,80,80,80,80,80,80,80,80,80,80,80,80,80,80,80,80,80,80,80,80,80,80,80,80,80,80,80,80,80,80],"card_choices":[{"not_picked":["Clothesline","Body Slam"],"picked":"Clash","floor":1},{"not_picked":["Body Slam","Cleave"],"picked":"Bludgeon","floor":6},{"not_picked":["Sword Boomerang","Heavy Blade"],"picked":"Second Wind","floor":7},{"not_picked":["Thunderclap","Perfected Strike"],"picked":"Burning Pact","floor":10},{"not_picked":["Feel No Pain","Anger"],"picked":"Carnage","floor":12},{"not_picked":["Thunderclap","Armaments","Perfected Strike"],"picked":"SKIP","floor":14},{"not_picked":["Berserk","Feed"],"picked":"Reaper","floor":16},{"not_picked":["True Grit+1","Clothesline"],"picked":"Bloodletting","floor":18},{"not_picked":["Sword Boomerang+1","Searing Blow"],"picked":"Clash","floor":19},{"not_picked":["Thunderclap","Body Slam","Clothesline"],"picked":"SKIP","floor":25},{"not_picked":["Body Slam","Iron Wave"],"picked":"Hemokinesis","floor":29},{"not_picked":["Shrug It Off","Pummel+1"],"picked":"Battle Trance+1","floor":30},{"not_picked":["Flame Barrier","Iron Wave","Heavy Blade"],"picked":"SKIP","floor":31}],"player_experience":34426,"relics_obtained":[{"floor":6,"key":"Dream Catcher"},{"floor":9,"key":"Self Forming Clay"},{"floor":26,"key":"Smiling Mask"},{"floor":29,"key":"Thread and Needle"},{"floor":29,"key":"Mercury Hourglass"},{"floor":30,"key":"Orichalcum"}],"event_choices":[{"damage_healed":0,"gold_gain":51,"player_choice":"Gained Gold","damage_taken":0,"max_hp_gain":0,"max_hp_loss":0,"event_name":"Golden Wing","floor":2,"gold_loss":0},{"damage_healed":0,"gold_gain":0,"player_choice":"Leave","damage_taken":0,"max_hp_gain":0,"max_hp_loss":0,"event_name":"The Cleric","floor":3,"gold_loss":0},{"damage_healed":0,"gold_gain":0,"player_choice":"Box","damage_taken":0,"relics_obtained":["Centennial Puzzle"],"max_hp_gain":0,"max_hp_loss":0,"event_name":"Big Fish","floor":5,"gold_loss":0,"cards_obtained":["Regret"]},{"damage_healed":0,"gold_gain":0,"player_choice":"Success","damage_taken":7,"relics_obtained":["Juzu Bracelet"],"max_hp_gain":0,"max_hp_loss":0,"event_name":"Scrap Ooze","floor":8,"gold_loss":0},{"damage_healed":0,"gold_gain":0,"player_choice":"Ignored","damage_taken":0,"max_hp_gain":0,"max_hp_loss":0,"event_name":"Shining Light","floor":11,"gold_loss":0},{"damage_healed":0,"gold_gain":0,"player_choice":"Ignored","damage_taken":0,"max_hp_gain":0,"max_hp_loss":0,"event_name":"The Mausoleum","floor":20,"gold_loss":0},{"cards_removed":["Regret"],"damage_healed":0,"gold_gain":0,"player_choice":"Offered Curse","damage_taken":0,"relics_obtained":["Spirit Poop"],"max_hp_gain":0,"max_hp_loss":0,"event_name":"Bonfire Elementals","floor":21,"gold_loss":0},{"damage_healed":0,"gold_gain":0,"player_choice":"Copied","damage_taken":0,"max_hp_gain":0,"max_hp_loss":0,"event_name":"Duplicator","floor":22,"gold_loss":0,"cards_obtained":["Reaper"]},{"damage_healed":0,"gold_gain":0,"player_choice":"Fight","damage_taken":0,"max_hp_gain":0,"max_hp_loss":0,"event_name":"Colosseum","floor":29,"gold_loss":0},{"damage_healed":0,"gold_gain":0,"player_choice":"Fought Nobs","damage_taken":0,"max_hp_gain":0,"max_hp_loss":0,"event_name":"Colosseum","floor":29,"gold_loss":0}],"is_beta":false,"boss_relics":[{"not_picked":["Eternal Feather","White Beast Statue"],"picked":"Velvet Choker"}],"items_purged_floors":[27],"is_endless":false,"potions_floor_spawned":[6,18,25,30],"killed_by":"Collector","ascension_level":1}