{"gold_per_floor":[114,129,60,75,90,90,120,120,120,100,115,115,130,130,130,230,230,245,260,181,196,196,196,296,296,296,326,341,356,206,221,221,321,321,336,336,86,86,101,101,116,131,131,146,161,11,0,30,30,30],"floor_reached":51,"playtime":6963,"items_purged":[],"score":851,"play_id":"5fc22474-8376-447f-bce2-e5809d647f49","local_time":"20190122023143","daily_mods":["Shiny","Hoarder","Binary"],"is_ascension_mode":false,"campfire_choices":[{"data":"Double Tap","floor":6,"key":"SMITH"},{"floor":8,"key":"DIG"},{"floor":12,"key":"DIG"},{"floor":15,"key":"DIG"},{"floor":23,"key":"DIG"},{"floor":25,"key":"DIG"},{"floor":32,"key":"DIG"},{"floor":40,"key":"DIG"},{"floor":49,"key":"DIG"}],"neow_cost":"","seed_source_timestamp":0,"circlet_count":0,"master_deck":["Double Tap+1","Demon Form","Bludgeon","Feed","Limit Break","Barricade","Fiend Fire","Dark Embrace","Berserk","Impervious","Juggernaut","Brutality","Reaper","Exhume","Offering","Immolate","Armaments","Armaments","Armaments","Immolate","Immolate","Immolate","Corruption","Corruption","Second Wind+1","Second Wind+1","Second Wind+1","Bludgeon","Bludgeon","Bludgeon","Spot Weakness+1","Spot Weakness+1","Spot Weakness+1","Intimidate+1","Intimidate+1","Intimidate+1","Immolate","Immolate","Immolate","Entrench+1","Entrench+1","Entrench+1","Flame Barrier+1","Flame Barrier+1","Flame Barrier+1","Offering+1","Offering+1","Offering+1","Havoc+1","Havoc+1","Havoc+1","Secret Technique+1","Secret Technique+1","Secret Technique+1","Bloodletting+1","Bloodletting+1","Bloodletting+1","Feel No Pain+1","Feel No Pain+1","Feel No Pain+1"],"special_seed":17917,"relics":["Black Blood","Shovel","Kunai","Toxic Egg 2","Turnip","Sundial","Fusion Hammer","MutagenicStrength","Potion Belt","Frozen Egg 2","Mango","Bronze Scales","Pen Nib","Calipers","Singing Bowl","Red Skull","Torii","Happy Flower","Red Mask","PreservedInsect","Blue Candle"],"potions_floor_usage":[16,16,27,27,31,33,33,42,42,45,50],"damage_taken":[{"damage":6,"enemies":"Small Slimes","floor":1,"turns":1},{"damage":0,"enemies":"Cultist","floor":2,"turns":3},{"damage":0,"enemies":"2 Louse","floor":4,"turns":1},{"damage":6,"enemies":"Gremlin Gang","floor":5,"turns":3},{"damage":6,"enemies":"3 Sentries","floor":7,"turns":1},{"damage":6,"enemies":"Looter","floor":11,"turns":2},{"damage":6,"enemies":"3 Louse","floor":13,"turns":3},{"damage":19,"enemies":"Slime Boss","floor":16,"turns":5},{"damage":12,"enemies":"3 Byrds","floor":18,"turns":2},{"damage":6,"enemies":"Chosen","floor":19,"turns":3},{"damage":26,"enemies":"Centurion and Healer","floor":21,"turns":3},{"damage":6,"enemies":"Gremlin Leader","floor":27,"turns":6},{"damage":21,"enemies":"Snake Plant","floor":28,"turns":2},{"damage":0,"enemies":"Cultist and Chosen","floor":29,"turns":5},{"damage":20,"enemies":"Shelled Parasite and Fungi","floor":31,"turns":4},{"damage":28,"enemies":"Champ","floor":33,"turns":8},{"damage":7,"enemies":"Orb Walker","floor":35,"turns":4},{"damage":17,"enemies":"3 Shapes","floor":39,"turns":3},{"damage":12,"enemies":"Transient","floor":41,"turns":5},{"damage":15,"enemies":"Sphere and 2 Shapes","floor":42,"turns":5},{"damage":12,"enemies":"Jaw Worm Horde","floor":44,"turns":2},{"damage":13,"enemies":"Transient","floor":45,"turns":5},{"damage":31,"enemies":"Reptomancer","floor":48,"turns":5},{"damage":54,"enemies":"Time Eater","floor":50,"turns":11}],"seed_played":"8847064133434649062","potions_obtained":[{"floor":4,"key":"Energy Potion"},{"floor":7,"key":"Fire Potion"},{"floor":10,"key":"EntropicBrew"},{"floor":11,"key":"PowerPotion"},{"floor":18,"key":"SpeedPotion"},{"floor":31,"key":"SkillPotion"},{"floor":38,"key":"EntropicBrew"},{"floor":38,"key":"Energy Potion"},{"floor":38,"key":"Fruit Juice"},{"floor":44,"key":"Swift Potion"},{"floor":48,"key":"SkillPotion"}],"is_trial":false,"path_per_floor":["M","M","$","M","M","R","E","R","T","?","M","R","M","?","R","B",null,"M","M","$","M","?","R","?","R","T","E","M","M","$","M","R","B",null,"M","?","$","?","M","R","M","M","T","M","M","$","?","E","R","B",null],"character_chosen":"IRONCLAD","items_purchased":["Immolate","Intimidate+1","Pen Nib","Singing Bowl","Happy Flower"],"campfire_rested":0,"item_purchase_floors":[3,20,30,37,46],"current_hp_per_floor":[83,83,83,86,86,86,86,86,86,86,86,86,89,89,89,76,89,83,83,83,66,66,66,66,66,80,106,91,97,97,87,87,73,106,109,109,109,109,114,114,117,119,119,120,129,129,129,129,129,85],"gold":30,"neow_bonus":"","is_prod":false,"is_daily":true,"chose_seed":false,"campfire_upgraded":1,"win_rate":0,"timestamp":1548120703,"path_taken":["M","M","$","M","M","R","E","R","T","?","?","R","M","?","R","BOSS","M","M","?","M","?","R","?","R","T","E","?","M","$","M","R","BOSS","M","?","$","?","M","R","M","M","T","M","?","$","?","E","R","BOSS"],"build_version":"2019-01-17v2","purchased_purges":0,"victory":true,"max_hp_per_floor":[83,83,83,86,86,86,86,86,86,86,86,86,89,89,89,89,89,89,89,89,92,92,92,92,92,106,106,106,106,106,106,106,106,106,109,109,109,109,115,115,117,124,124,127,129,129,129,129,129,129],"card_choices":[{"not_picked":["Sword Boomerang"],"picked":"Armaments","floor":1},{"not_picked":["True Grit","Cleave"],"picked":"SKIP","floor":2},{"not_picked":["Clothesline"],"picked":"Corruption","floor":4},{"not_picked":["Shrug It Off","Headbutt"],"picked":"SKIP","floor":5},{"not_picked":["Ghostly Armor","Clash"],"picked":"SKIP","floor":7},{"not_picked":["Fiend Fire"],"picked":"Second Wind+1","floor":11},{"not_picked":["Anger","Shrug It Off+1"],"picked":"SKIP","floor":13},{"not_picked":["Barricade"],"picked":"Bludgeon","floor":16},{"not_picked":["Shrug It Off+1","Whirlwind"],"picked":"SKIP","floor":18},{"not_picked":["Iron Wave"],"picked":"Spot Weakness+1","floor":19},{"not_picked":["Heavy Blade"],"picked":"Immolate","floor":21},{"not_picked":["Headbutt"],"picked":"Entrench+1","floor":27},{"not_picked":["Pummel"],"picked":"Flame Barrier+1","floor":28},{"not_picked":["Spot Weakness+1","Wild Strike"],"picked":"SKIP","floor":29},{"not_picked":["Cleave","Clash"],"picked":"SKIP","floor":31},{"not_picked":["Juggernaut+1"],"picked":"Offering+1","floor":33},{"not_picked":["Carnage"],"picked":"Havoc+1","floor":35},{"not_picked":["Chrysalis+1"],"picked":"Secret Technique+1","floor":36},{"not_picked":["True Grit+1","Armaments+1"],"picked":"Singing Bowl","floor":39},{"not_picked":["Warcry+1","True Grit+1"],"picked":"Singing Bowl","floor":41},{"not_picked":["Clothesline+1","Clash+1"],"picked":"Singing Bowl","floor":42},{"not_picked":["Battle Trance+1"],"picked":"Bloodletting+1","floor":44},{"not_picked":["True Grit+1","Shrug It Off+1"],"picked":"Singing Bowl","floor":45},{"not_picked":["Rampage"],"picked":"Feel No Pain+1","floor":48}],"player_experience":87865,"relics_obtained":[{"floor":7,"key":"Shovel"},{"floor":8,"key":"Kunai"},{"floor":9,"key":"Toxic Egg 2"},{"floor":12,"key":"Turnip"},{"floor":15,"key":"Sundial"},{"floor":23,"key":"Potion Belt"},{"floor":25,"key":"Frozen Egg 2"},{"floor":26,"key":"Mango"},{"floor":27,"key":"Bronze Scales"},{"floor":32,"key":"Calipers"},{"floor":40,"key":"Red Skull"},{"floor":43,"key":"Torii"},{"floor":48,"key":"PreservedInsect"},{"floor":49,"key":"Blue Candle"}],"event_choices":[{"damage_healed":0,"gold_gain":0,"player_choice":"Bought 1 Potion","damage_taken":0,"max_hp_gain":0,"max_hp_loss":0,"event_name":"The Woman in Blue","floor":10,"gold_loss":0},{"cards_removed":["Corruption"],"damage_healed":0,"gold_gain":0,"player_choice":"Purged","damage_taken":0,"max_hp_gain":0,"max_hp_loss":0,"event_name":"Purifier","floor":14,"gold_loss":0},{"damage_healed":0,"gold_gain":0,"player_choice":"Inject Mutagens","damage_taken":0,"relics_obtained":["MutagenicStrength"],"max_hp_gain":0,"max_hp_loss":0,"event_name":"Drug Dealer","floor":22,"gold_loss":0},{"damage_healed":0,"gold_gain":100,"player_choice":"Pray","damage_taken":0,"max_hp_gain":0,"max_hp_loss":0,"event_name":"Golden Shrine","floor":24,"gold_loss":0},{"damage_healed":0,"gold_gain":0,"player_choice":"Memory 1","damage_taken":0,"max_hp_gain":0,"max_hp_loss":0,"event_name":"SensoryStone","floor":36,"gold_loss":0},{"damage_healed":0,"gold_gain":0,"player_choice":"Got Potions","damage_taken":0,"max_hp_gain":0,"max_hp_loss":0,"event_name":"Lab","floor":38,"gold_loss":0},{"damage_healed":0,"gold_gain":0,"player_choice":"Paid","damage_taken":0,"relics_obtained":["Red Mask"],"max_hp_gain":0,"max_hp_loss":0,"event_name":"Tomb of Lord Red Mask","floor":47,"gold_loss":11}],"is_beta":false,"boss_relics":[{"not_picked":["Cursed Key","Sozu"],"picked":"Fusion Hammer"},{"not_picked":["Runic Dome","White Beast Statue"],"picked":"Black Blood"}],"items_purged_floors":[],"is_endless":false,"potions_floor_spawned":[4,7,11,18,31,41,44,48],"ascension_level":0}