{"gold_per_floor":[116,116,133,149,149,149,178,178,205,240,257,104,104,30,30,127,127,145,31,31,50,50,50,80,97,97,97,115,41,51,68,68,163,163,179,133,146,146,162,162,181,196,196,24,24,34,49,69,69,69],"floor_reached":50,"playtime":9665,"items_purged":["Decay","Strike_R"],"score":501,"play_id":"81720d9a-ea27-4325-ae3e-c88ccac6e4a7","local_time":"20181215032428","is_ascension_mode":false,"campfire_choices":[{"data":"Armaments","floor":6,"key":"SMITH"},{"data":"True Grit","floor":8,"key":"SMITH"},{"floor":15,"key":"REST"},{"data":"Offering","floor":23,"key":"SMITH"},{"data":"Whirlwind","floor":27,"key":"SMITH"},{"floor":32,"key":"REST"},{"floor":40,"key":"REST"},{"floor":45,"key":"REST"},{"floor":49,"key":"REST"}],"neow_cost":"TEN_PERCENT_HP_LOSS","seed_source_timestamp":37142559664204,"circlet_count":0,"master_deck":["Strike_R","Strike_R","Strike_R","Defend_R","Defend_R","Defend_R","Bash","Shrug It Off","Armaments+1","Thunderclap","True Grit+1","Clash","Disarm+1","Whirlwind+1","Offering+1","Flex","Bludgeon","Flex","Infernal Blade+1","Demon Form","Flex+1","Parasite","Headbutt","Pommel Strike"],"relics":["Burning Blood","Incense Burner","Happy Flower","Orichalcum","Darkstone Periapt","Runic Dome","Mango","Toxic Egg 2","Empty Cage","Nunchaku","Gambling Chip"],"potions_floor_usage":[47],"damage_taken":[{"damage":4,"enemies":"2 Louse","floor":1,"turns":3},{"damage":2,"enemies":"Cultist","floor":3,"turns":3},{"damage":6,"enemies":"Jaw Worm","floor":4,"turns":4},{"damage":28,"enemies":"3 Sentries","floor":7,"turns":13},{"damage":24,"enemies":"Lagavulin","floor":10,"turns":8},{"damage":8,"enemies":"Red Slaver","floor":11,"turns":4},{"damage":17,"enemies":"Hexaghost","floor":16,"turns":15},{"damage":7,"enemies":"Shell Parasite","floor":18,"turns":6},{"damage":7,"enemies":"3 Byrds","floor":21,"turns":4},{"damage":23,"enemies":"Book of Stabbing","floor":24,"turns":5},{"damage":1,"enemies":"3 Cultists","floor":25,"turns":1},{"damage":22,"enemies":"Sentry and Sphere","floor":28,"turns":5},{"damage":14,"enemies":"Centurion and Healer","floor":30,"turns":6},{"damage":1,"enemies":"Snake Plant","floor":31,"turns":1},{"damage":43,"enemies":"Automaton","floor":33,"turns":11},{"damage":37,"enemies":"3 Shapes","floor":35,"turns":4},{"damage":5,"enemies":"Orb Walker","floor":37,"turns":4},{"damage":29,"enemies":"Jaw Worm Horde","floor":39,"turns":4},{"damage":9,"enemies":"Writhing Mass","floor":41,"turns":4},{"damage":39,"enemies":"Maw","floor":42,"turns":6},{"damage":12,"enemies":"Transient","floor":46,"turns":5},{"damage":45,"enemies":"Spire Growth","floor":47,"turns":5},{"damage":16,"enemies":"4 Shapes","floor":48,"turns":4},{"damage":40,"enemies":"Donu and Deca","floor":50,"turns":4}],"seed_played":"-6925041445935045508","potions_obtained":[{"floor":1,"key":"AttackPotion"},{"floor":10,"key":"FairyPotion"},{"floor":16,"key":"FearPotion"},{"floor":20,"key":"SpeedPotion"},{"floor":39,"key":"SpeedPotion"}],"is_trial":false,"path_per_floor":["M","?","M","M","?","R","E","R","T","E","M","$","?","$","R","B",null,"M","$","?","M","$","R","E","M","T","R","M","$","M","M","R","B",null,"M","$","M","?","M","R","M","M","T","$","R","M","M","M","R","B"],"character_chosen":"IRONCLAD","items_purchased":["Disarm","Whirlwind","Flex","Bludgeon","Infernal Blade+1","Flex+1","Headbutt","Pommel Strike"],"campfire_rested":5,"item_purchase_floors":[12,14,19,19,29,36,44,44],"current_hp_per_floor":[72,72,72,72,77,77,55,55,55,37,35,35,35,35,58,47,77,76,76,76,75,75,75,72,77,77,77,61,61,53,58,85,48,91,60,60,61,61,38,65,68,35,35,35,64,58,19,9,38,0],"gold":69,"neow_bonus":"ONE_RARE_RELIC","is_prod":false,"is_daily":false,"chose_seed":false,"campfire_upgraded":4,"win_rate":0.0,"timestamp":1544865868,"path_taken":["M","?","M","?","?","R","E","R","T","E","M","$","?","$","R","BOSS","M","$","?","M","$","R","E","M","T","R","?","$","M","M","R","BOSS","M","$","M","?","M","R","M","?","T","$","R","M","?","?","R","BOSS"],"build_version":"2018-12-13","purchased_purges":2,"victory":false,"max_hp_per_floor":[72,72,72,72,77,77,77,77,77,77,77,77,77,77,77,77,77,77,77,77,77,77,77,91,91,91,91,91,91,91,91,91,91,91,91,91,91,91,91,91,97,97,97,97,97,97,97,97,97,97],"card_choices":[{"not_picked":["True Grit","Pummel"],"picked":"Shrug It Off","floor":1},{"not_picked":["Entrench","Feel No Pain"],"picked":"Armaments","floor":3},{"not_picked":["Spot Weakness","Twin Strike"],"picked":"Thunderclap","floor":4},{"not_picked":["Shrug It Off","Reaper"],"picked":"True Grit","floor":7},{"not_picked":["Carnage","Power Through"],"picked":"Clash","floor":10},{"not_picked":["Body Slam","Whirlwind","Bloodletting"],"picked":"SKIP","floor":11},{"not_picked":["Double Tap","Berserk"],"picked":"Offering","floor":16},{"not_picked":["Armaments","Clothesline","Pommel Strike+1"],"picked":"SKIP","floor":18},{"not_picked":["Body Slam+1","True Grit","Bloodletting+1"],"picked":"SKIP","floor":21},{"not_picked":["Metallicize","Sword Boomerang+1"],"picked":"Flex","floor":24},{"not_picked":["Perfected Strike","Shrug It Off+1","Body Slam"],"picked":"SKIP","floor":25},{"not_picked":["Shrug It Off+1","Double Tap+1","Anger"],"picked":"SKIP","floor":28},{"not_picked":["Headbutt","Clash+1","Armaments+1"],"picked":"SKIP","floor":30},{"not_picked":["Rage+1","Whirlwind+1","Reckless Charge"],"picked":"SKIP","floor":31},{"not_picked":["Fiend Fire","Dark Embrace"],"picked":"Demon Form","floor":33},{"not_picked":["Twin Strike+1","Power Through+1","Flex+1"],"picked":"SKIP","floor":35},{"not_picked":["Warcry+1","Dropkick+1","Whirlwind+1"],"picked":"SKIP","floor":37},{"not_picked":["Burning Pact+1","Whirlwind+1","Clash+1"],"picked":"SKIP","floor":39},{"not_picked":["Armaments+1","Battle Trance+1","Sword Boomerang"],"picked":"SKIP","floor":41},{"not_picked":["Headbutt+1","Cleave+1","Shockwave+1"],"picked":"SKIP","floor":42},{"not_picked":["Inflame","Iron Wave+1","Entrench+1"],"picked":"SKIP","floor":46},{"not_picked":["Heavy Blade","Cleave+1","Bloodletting+1"],"picked":"SKIP","floor":47},{"not_picked":["Thunderclap","Sword Boomerang+1","Demon Form"],"picked":"SKIP","floor":48}],"player_experience":12099,"relics_obtained":[{"floor":7,"key":"Happy Flower"},{"floor":9,"key":"Orichalcum"},{"floor":10,"key":"Darkstone Periapt"},{"floor":24,"key":"Mango"},{"floor":26,"key":"Toxic Egg 2"},{"floor":38,"key":"Nunchaku"},{"floor":43,"key":"Gambling Chip"}],"event_choices":[{"damage_healed":0,"gold_gain":0,"player_choice":"Cursed","damage_taken":0,"max_hp_gain":0,"max_hp_loss":0,"event_name":"Wheel of Change","floor":2,"gold_loss":0,"cards_obtained":["Decay"]},{"damage_healed":0,"gold_gain":0,"player_choice":"Donut","damage_taken":0,"max_hp_gain":5,"max_hp_loss":0,"event_name":"Big Fish","floor":5,"gold_loss":0},{"damage_healed":0,"gold_gain":0,"player_choice":"Upgraded","damage_taken":0,"max_hp_gain":0,"max_hp_loss":0,"event_name":"Upgrade Shrine","floor":13,"gold_loss":0,"cards_upgraded":["Disarm"]},{"damage_healed":0,"gold_gain":0,"player_choice":"Got Potions","damage_taken":0,"max_hp_gain":0,"max_hp_loss":0,"event_name":"Lab","floor":20,"gold_loss":0},{"damage_healed":0,"gold_gain":0,"player_choice":"Relic","damage_taken":0,"max_hp_gain":0,"max_hp_loss":0,"event_name":"Wheel of Change","floor":38,"gold_loss":0}],"is_beta":false,"boss_relics":[{"not_picked":["Runic Cube","Astrolabe"],"picked":"Runic Dome"},{"not_picked":["Coffee Dripper","Tiny House"],"picked":"Empty Cage"}],"items_purged_floors":[12,44],"is_endless":false,"potions_floor_spawned":[1,10,16,18,30,31,35,39,42],"killed_by":"Donu and Deca","ascension_level":0}