{"gold_per_floor":[109,109,109,109,15,15,46,107,157,27,27,44,56,76,76,176,176,192,209,209,109,125,125,136,150,176,208,208,226,226,245,245,342,342,361,361,461,31,48,48,61,92,119,119,119,142,142,44,44,44],"floor_reached":51,"playtime":2390,"items_purged":["Strike_R","Strike_R+1","Strike_R+1","Defend_R+1"],"score":743,"play_id":"70ae41fd-254d-4a84-ba5d-0862e19f5896","local_time":"20190301003609","is_ascension_mode":false,"campfire_choices":[{"data":"Heavy Blade","floor":6,"key":"SMITH"},{"data":"Inflame","floor":11,"key":"SMITH"},{"data":"Bash","floor":15,"key":"SMITH"},{"data":"Metallicize","floor":23,"key":"SMITH"},{"data":"Headbutt","floor":30,"key":"SMITH"},{"floor":32,"key":"REST"},{"floor":40,"key":"REST"},{"floor":44,"key":"REST"},{"floor":49,"key":"REST"}],"neow_cost":"NONE","seed_source_timestamp":14974001779700,"circlet_count":0,"master_deck":["Strike_R+1","Defend_R+1","Defend_R+1","Defend_R+1","Bash+1","Heavy Blade+1","Shrug It Off+1","Spot Weakness+1","Battle Trance+1","Headbutt+1","Inflame+1","Metallicize+1","Shrug It Off+1","Warcry+1","Armaments+1","Uppercut+1","Limit Break+1","Flame Barrier+1","Deep Breath+1","Offering+1","Shockwave+1"],"relics":["Burning Blood","Toxic Egg 2","Regal Pillow","Smiling Mask","Boot","Snecko Eye","Ancient Tea Set","Mummified Hand","Fusion Hammer","Champion Belt","Potion Belt","Darkstone Periapt","Art of War","War Paint"],"potions_floor_usage":[50,50,50,50],"damage_taken":[{"damage":0,"enemies":"2 Louse","floor":1,"turns":2},{"damage":30,"enemies":"Gremlin Nob","floor":7,"turns":4},{"damage":29,"enemies":"Gremlin Nob","floor":8,"turns":5},{"damage":3,"enemies":"Small Slimes","floor":12,"turns":3},{"damage":0,"enemies":"Cultist","floor":13,"turns":2},{"damage":0,"enemies":"2 Fungi Beasts","floor":14,"turns":4},{"damage":8,"enemies":"Slime Boss","floor":16,"turns":10},{"damage":10,"enemies":"2 Thieves","floor":18,"turns":4},{"damage":20,"enemies":"Shell Parasite","floor":19,"turns":5},{"damage":0,"enemies":"Cultist and Chosen","floor":22,"turns":4},{"damage":0,"enemies":"Snecko","floor":24,"turns":2},{"damage":0,"enemies":"Centurion and Healer","floor":25,"turns":3},{"damage":8,"enemies":"Gremlin Leader","floor":27,"turns":4},{"damage":8,"enemies":"Snake Plant","floor":29,"turns":3},{"damage":0,"enemies":"Cultist and Chosen","floor":31,"turns":4},{"damage":74,"enemies":"Collector","floor":33,"turns":8},{"damage":0,"enemies":"3 Shapes","floor":35,"turns":5},{"damage":5,"enemies":"Mind Bloom Boss Battle","floor":37,"turns":5},{"damage":17,"enemies":"3 Darklings","floor":39,"turns":5},{"damage":0,"enemies":"Maw","floor":41,"turns":6},{"damage":6,"enemies":"Giant Head","floor":42,"turns":6},{"damage":14,"enemies":"Awakened One","floor":50,"turns":7}],"seed_played":"7224096948304451934","potions_obtained":[{"floor":1,"key":"Block Potion"},{"floor":16,"key":"SteroidPotion"},{"floor":18,"key":"Dexterity Potion"},{"floor":25,"key":"Dexterity Potion"}],"is_trial":false,"path_per_floor":["M","?","?","?","$","R","E","?","T","$","R","M","M","M","R","B",null,"M","M","?","$","M","R","M","M","T","E","?","M","R","M","R","B",null,"M","?","?","$","M","R","M","E","T","R","?","T","?","$","R","B",null],"character_chosen":"IRONCLAD","items_purchased":["Shrug It Off+1","Spot Weakness+1","Inflame","Dexterity Potion","Potion Belt","Deep Breath+1","Offering+1","Dexterity Potion"],"campfire_rested":4,"item_purchase_floors":[5,5,10,21,38,38,38,48],"current_hp_per_floor":[80,85,82,82,82,82,58,35,35,35,35,38,44,50,50,48,85,81,67,67,67,73,73,79,85,85,83,83,81,81,85,85,17,85,85,85,85,85,74,85,85,85,85,85,81,81,81,81,81,73],"gold":44,"neow_bonus":"REMOVE_CARD","is_prod":false,"is_daily":false,"chose_seed":false,"campfire_upgraded":5,"win_rate":0,"timestamp":1551418569,"path_taken":["M","?","?","?","$","R","E","?","T","?","R","M","M","M","R","BOSS","M","?","?","$","M","R","M","M","T","E","?","?","R","M","R","BOSS","M","?","?","$","M","R","M","E","T","R","?","?","?","$","R","BOSS"],"build_version":"2019-01-23","purchased_purges":4,"victory":true,"max_hp_per_floor":[80,85,85,85,85,85,85,85,85,85,85,85,85,85,85,85,85,85,85,85,85,85,85,85,85,85,85,85,85,85,85,85,85,85,85,85,85,85,85,85,85,85,85,85,81,81,81,81,81,81],"card_choices":[{"not_picked":["Sever Soul","Warcry"],"picked":"Heavy Blade","floor":1},{"not_picked":["Entrench+1","Burning Pact+1"],"picked":"Battle Trance+1","floor":7},{"not_picked":["Havoc+1","Searing Blow"],"picked":"Headbutt","floor":8},{"not_picked":["Heavy Blade","Flex+1"],"picked":"Metallicize","floor":12},{"not_picked":["Berserk","Pommel Strike"],"picked":"Shrug It Off+1","floor":13},{"not_picked":["Cleave","Clash"],"picked":"Warcry+1","floor":14},{"not_picked":["Clothesline+1","Carnage+1"],"picked":"Armaments+1","floor":18},{"not_picked":["Armaments+1","Sword Boomerang","Spot Weakness+1"],"picked":"SKIP","floor":19},{"not_picked":["Twin Strike","Bloodletting+1","Sword Boomerang"],"picked":"SKIP","floor":22},{"not_picked":["Dual Wield+1","Cleave"],"picked":"Uppercut","floor":24},{"not_picked":["Warcry+1","Carnage","Wild Strike"],"picked":"SKIP","floor":25},{"not_picked":["Thunderclap","Body Slam","Seeing Red+1"],"picked":"SKIP","floor":27},{"not_picked":["Anger+1","Body Slam","Flex+1"],"picked":"SKIP","floor":29},{"not_picked":["Flex+1","Battle Trance+1","Thunderclap"],"picked":"SKIP","floor":31},{"not_picked":["Dark Embrace","Brutality"],"picked":"Limit Break+1","floor":33},{"not_picked":["Havoc+1","Twin Strike+1","Sword Boomerang"],"picked":"SKIP","floor":35},{"not_picked":["Cleave+1","Thunderclap"],"picked":"Flame Barrier+1","floor":37},{"not_picked":["Sword Boomerang+1","Heavy Blade+1"],"picked":"Shockwave+1","floor":39},{"not_picked":["Havoc+1","Burning Pact+1","Entrench+1"],"picked":"SKIP","floor":41},{"not_picked":["Seeing Red+1","Berserk","Dual Wield+1"],"picked":"SKIP","floor":42}],"player_experience":515669,"relics_obtained":[{"floor":7,"key":"Regal Pillow"},{"floor":8,"key":"Smiling Mask"},{"floor":9,"key":"Boot"},{"floor":26,"key":"Ancient Tea Set"},{"floor":27,"key":"Mummified Hand"},{"floor":37,"key":"Champion Belt"},{"floor":42,"key":"Darkstone Periapt"},{"floor":43,"key":"Art of War"},{"floor":46,"key":"War Paint"}],"event_choices":[{"damage_healed":0,"gold_gain":0,"player_choice":"Donut","damage_taken":0,"max_hp_gain":5,"max_hp_loss":0,"event_name":"Big Fish","floor":2,"gold_loss":0},{"damage_healed":0,"gold_gain":0,"player_choice":"Success","damage_taken":3,"relics_obtained":["Toxic Egg 2"],"max_hp_gain":0,"max_hp_loss":0,"event_name":"Scrap Ooze","floor":3,"gold_loss":0},{"damage_healed":0,"gold_gain":0,"player_choice":"Ignored","damage_taken":0,"max_hp_gain":0,"max_hp_loss":0,"event_name":"Liars Game","floor":4,"gold_loss":0},{"damage_healed":0,"gold_gain":30,"player_choice":"Searched \u00272\u0027 times","damage_taken":0,"max_hp_gain":0,"max_hp_loss":0,"event_name":"Dead Adventurer","floor":8,"gold_loss":0},{"damage_healed":0,"gold_gain":0,"player_choice":"Simplicity","damage_taken":0,"max_hp_gain":0,"max_hp_loss":0,"event_name":"Back to Basics","floor":20,"gold_loss":0,"cards_upgraded":["Strike_R","Strike_R","Strike_R","Defend_R","Defend_R","Defend_R","Defend_R"]},{"damage_healed":0,"gold_gain":0,"player_choice":"Upgraded","damage_taken":0,"max_hp_gain":0,"max_hp_loss":0,"event_name":"Upgrade Shrine","floor":28,"gold_loss":0,"cards_upgraded":["Uppercut"]},{"damage_healed":0,"gold_gain":0,"player_choice":"Ignored","damage_taken":0,"max_hp_gain":0,"max_hp_loss":0,"event_name":"Mysterious Sphere","floor":36,"gold_loss":0},{"damage_healed":0,"gold_gain":0,"player_choice":"Fight","damage_taken":0,"max_hp_gain":0,"max_hp_loss":0,"event_name":"MindBloom","floor":37,"gold_loss":0},{"damage_healed":0,"gold_gain":0,"player_choice":"Max HP","damage_taken":0,"max_hp_gain":0,"max_hp_loss":4,"event_name":"Winding Halls","floor":45,"gold_loss":0},{"damage_healed":0,"gold_gain":0,"player_choice":"Ignored","damage_taken":0,"max_hp_gain":0,"max_hp_loss":0,"event_name":"Tomb of Lord Red Mask","floor":47,"gold_loss":0}],"is_beta":false,"boss_relics":[{"not_picked":["Tiny House","Runic Cube"],"picked":"Snecko Eye"},{"not_picked":["Black Star","Orrery"],"picked":"Fusion Hammer"}],"items_purged_floors":[10,21,38,48],"is_endless":false,"potions_floor_spawned":[1,16,18,19,25,35,37],"ascension_level":0}