{"gold_per_floor":[125,152,164,195,207,219,243,282,294,306,334,379,404,449,461,573,585,540,540,540,417,417,417,417,417,417,417,417,417,417,417,417,417],"floor_reached":33,"playtime":3043,"items_purged":["Strike_R"],"score":363,"play_id":"71a63cfd-de2f-4411-b16e-56dcb20f26c7","local_time":"20181024000655","is_ascension_mode":true,"campfire_choices":[{"floor":6,"key":"REST"},{"floor":10,"key":"REST"},{"floor":15,"key":"REST"},{"floor":23,"key":"REST"},{"floor":25,"key":"REST"},{"floor":27,"key":"REST"},{"floor":32,"key":"REST"}],"neow_cost":"NONE","seed_source_timestamp":1194363585585705,"circlet_count":0,"master_deck":["Strike_R","Strike_R","Strike_R","Strike_R","Defend_R","Defend_R","Defend_R","Defend_R","Bash","Cleave","Pommel Strike","Armaments","Thunderclap","Carnage","Offering","Cleave","Anger","Intimidate","Double Tap","Warcry+1","Anger","Clothesline","Thunderclap+1","Infernal Blade+1","Fire Breathing"],"relics":["Burning Blood","MawBank","Centennial Puzzle","Mummified Hand","Pear","Boot","Potion Belt","Ectoplasm","Oddly Smooth Stone","Meat on the Bone","Letter Opener"],"potions_floor_usage":[8,8,8,24,33,33,33,33],"damage_taken":[{"damage":20,"enemies":"Jaw Worm","floor":1,"turns":5},{"damage":10,"enemies":"2 Louse","floor":2,"turns":3},{"damage":1,"enemies":"Cultist","floor":4,"turns":3},{"damage":7,"enemies":"Large Slime","floor":7,"turns":5},{"damage":29,"enemies":"Lagavulin","floor":8,"turns":6},{"damage":16,"enemies":"2 Fungi Beasts","floor":11,"turns":3},{"damage":31,"enemies":"3 Sentries","floor":12,"turns":8},{"damage":6,"enemies":"Exordium Wildlife","floor":13,"turns":2},{"damage":22,"enemies":"Gremlin Nob","floor":14,"turns":3},{"damage":22,"enemies":"Slime Boss","floor":16,"turns":9},{"damage":20,"enemies":"2 Thieves","floor":18,"turns":3},{"damage":7,"enemies":"3 Byrds","floor":19,"turns":4},{"damage":22,"enemies":"Colosseum Slavers","floor":20,"turns":4},{"damage":15,"enemies":"Shelled Parasite and Fungi","floor":22,"turns":2},{"damage":45,"enemies":"Gremlin Leader","floor":24,"turns":6},{"damage":8,"enemies":"Centurion and Healer","floor":29,"turns":4},{"damage":23,"enemies":"Book of Stabbing","floor":30,"turns":3},{"damage":13,"enemies":"Snecko","floor":31,"turns":3},{"damage":107,"enemies":"Champ","floor":33,"turns":9}],"seed_played":"7482433057603330975","potions_obtained":[{"floor":2,"key":"Poison Potion"},{"floor":5,"key":"Energy Potion"},{"floor":5,"key":"Ancient Potion"},{"floor":7,"key":"Block Potion"},{"floor":12,"key":"Weak Potion"},{"floor":13,"key":"Energy Potion"},{"floor":19,"key":"BloodPotion"},{"floor":30,"key":"Fire Potion"},{"floor":31,"key":"Explosive Potion"}],"is_trial":false,"path_per_floor":["M","M","?","M","?","R","M","E","T","R","M","E","M","E","R","B",null,"M","M","?","$","M","R","E","R","T","R","?","M","E","M","R"],"character_chosen":"IRONCLAD","items_purchased":["Anger"],"campfire_rested":7,"item_purchase_floors":[21],"current_hp_per_floor":[66,62,50,55,55,79,78,55,65,90,80,55,55,39,66,50,90,76,75,59,59,50,77,38,65,65,90,72,70,65,58,86,0],"gold":417,"neow_bonus":"RANDOM_COMMON_RELIC","is_prod":false,"is_daily":false,"chose_seed":false,"campfire_upgraded":0,"win_rate":0,"timestamp":1540364815,"path_taken":["M","M","?","M","?","R","M","E","T","R","M","E","M","E","R","BOSS","M","M","?","$","M","R","E","R","T","R","?","M","E","M","R","BOSS"],"build_version":"2018-10-18","purchased_purges":1,"victory":false,"max_hp_per_floor":[80,80,80,80,80,80,80,80,90,90,90,90,90,90,90,90,90,90,90,90,90,90,90,90,90,90,90,95,95,95,95,95,95],"card_choices":[{"not_picked":["True Grit","Anger"],"picked":"Cleave","floor":1},{"not_picked":["Thunderclap","Twin Strike"],"picked":"Pommel Strike","floor":2},{"not_picked":["Perfected Strike","Cleave"],"picked":"Armaments","floor":4},{"not_picked":["Iron Wave","Armaments"],"picked":"Thunderclap","floor":7},{"not_picked":["Whirlwind","True Grit"],"picked":"Carnage","floor":8},{"not_picked":["Twin Strike","Flame Barrier"],"picked":"Offering","floor":11},{"not_picked":["Pommel Strike","Second Wind"],"picked":"Cleave","floor":12},{"not_picked":["Sever Soul","Thunderclap"],"picked":"Anger","floor":13},{"not_picked":["Iron Wave","Feed"],"picked":"Intimidate","floor":14},{"not_picked":["Impervious","Offering"],"picked":"Double Tap","floor":16},{"not_picked":["Thunderclap","Wild Strike+1"],"picked":"Warcry+1","floor":18},{"not_picked":["Body Slam+1","Clash","Warcry"],"picked":"SKIP","floor":19},{"not_picked":["Body Slam","Perfected Strike","Entrench"],"picked":"SKIP","floor":22},{"not_picked":["Burning Pact","Combust"],"picked":"Clothesline","floor":24},{"not_picked":["Power Through","Shockwave"],"picked":"Thunderclap+1","floor":29},{"not_picked":["Metallicize+1","Intimidate"],"picked":"Infernal Blade+1","floor":30},{"not_picked":["Wild Strike+1","Body Slam"],"picked":"Fire Breathing","floor":31}],"player_experience":99636,"relics_obtained":[{"floor":8,"key":"Mummified Hand"},{"floor":9,"key":"Pear"},{"floor":12,"key":"Boot"},{"floor":14,"key":"Potion Belt"},{"floor":24,"key":"Oddly Smooth Stone"},{"floor":26,"key":"Meat on the Bone"},{"floor":30,"key":"Letter Opener"}],"event_choices":[{"damage_healed":0,"gold_gain":0,"player_choice":"Success","damage_taken":12,"relics_obtained":["Centennial Puzzle"],"max_hp_gain":0,"max_hp_loss":0,"event_name":"Scrap Ooze","floor":3,"gold_loss":0},{"damage_healed":0,"gold_gain":0,"player_choice":"Got Potions","damage_taken":0,"max_hp_gain":0,"max_hp_loss":0,"event_name":"The Lab","floor":5,"gold_loss":0},{"damage_healed":0,"gold_gain":0,"player_choice":"Fight","damage_taken":0,"max_hp_gain":0,"max_hp_loss":0,"event_name":"Colosseum","floor":20,"gold_loss":0},{"damage_healed":0,"gold_gain":0,"player_choice":"Fled From Nobs","damage_taken":0,"max_hp_gain":0,"max_hp_loss":0,"event_name":"Colosseum","floor":20,"gold_loss":0},{"damage_healed":0,"gold_gain":0,"player_choice":"Shed Blood","damage_taken":23,"max_hp_gain":5,"max_hp_loss":0,"event_name":"Forgotten Altar","floor":28,"gold_loss":0}],"is_beta":false,"boss_relics":[{"not_picked":["Pandora\u0027s Box","Black Blood"],"picked":"Ectoplasm"}],"items_purged_floors":[21],"is_endless":false,"potions_floor_spawned":[2,7,12,13,19,30,31],"killed_by":"Champ","ascension_level":2}