{"gold_per_floor":[16,33,45,56,56,56,74,74,120,141,141,28,63,77,77,198,198,218,232,46,46,67,111,111,131,157,157,192,26,50,50,50,173,173,192,115,115,133,133],"floor_reached":39,"playtime":3993,"items_purged":["Injury","Strike_R"],"score":529,"play_id":"8ca26fed-0013-45f3-8998-f6f49cad1d02","local_time":"20190119155751","is_ascension_mode":true,"campfire_choices":[{"data":"Clothesline","floor":6.0,"key":"SMITH"},{"data":"Armaments","floor":11.0,"key":"SMITH"},{"floor":15.0,"key":"RECALL"},{"floor":24.0,"key":"REST"},{"floor":27.0,"key":"REST"},{"floor":32.0,"key":"REST"}],"neow_cost":"NO_GOLD","seed_source_timestamp":62633983167604,"circlet_count":0,"master_deck":["Strike_R","Strike_R","Strike_R","Defend_R","Defend_R","Defend_R+1","Defend_R+1","Bash","Double Tap","Carnage","Clothesline+1","Disarm","Intimidate","Armaments+1","Flame Barrier","Shockwave","Uppercut","Impervious","Inflame","Body Slam+1","Disarm","Armaments","Sword Boomerang+1","Whirlwind","Battle Trance","Armaments+1","Feed","Shrug It Off","Limit Break","Madness","Madness"],"special_seed":0,"relics":["Burning Blood","Golden Idol","Ornamental Fan","Blood Vial","War Paint","Fusion Hammer","Pen Nib","Vajra","Orichalcum","Runic Cube"],"potions_floor_usage":[39,39],"damage_taken":[{"damage":15.0,"enemies":"Cultist","floor":1.0,"turns":5.0},{"damage":0.0,"enemies":"Jaw Worm","floor":2.0,"turns":1.0},{"damage":0.0,"enemies":"2 Louse","floor":3.0,"turns":1.0},{"damage":14.0,"enemies":"Red Slaver","floor":4.0,"turns":3.0},{"damage":19.0,"enemies":"Blue Slaver","floor":7.0,"turns":3.0},{"damage":23.0,"enemies":"Exordium Thugs","floor":10.0,"turns":4.0},{"damage":16.0,"enemies":"Lagavulin","floor":13.0,"turns":6.0},{"damage":7.0,"enemies":"Large Slime","floor":14.0,"turns":6.0},{"damage":22.0,"enemies":"Hexaghost","floor":16.0,"turns":12.0},{"damage":2.0,"enemies":"Shell Parasite","floor":18.0,"turns":7.0},{"damage":13.0,"enemies":"Spheric Guardian","floor":19.0,"turns":5.0},{"damage":4.0,"enemies":"Snecko","floor":22.0,"turns":4.0},{"damage":49.0,"enemies":"Gremlin Leader","floor":23.0,"turns":7.0},{"damage":12.0,"enemies":"Snake Plant","floor":25.0,"turns":5.0},{"damage":28.0,"enemies":"Book of Stabbing","floor":28.0,"turns":5.0},{"damage":21.0,"enemies":"Centurion and Healer","floor":30.0,"turns":6.0},{"damage":41.0,"enemies":"Automaton","floor":33.0,"turns":10.0},{"damage":26.0,"enemies":"3 Shapes","floor":35.0,"turns":5.0},{"damage":11.0,"enemies":"Orb Walker","floor":38.0,"turns":3.0},{"damage":52,"enemies":"Transient","floor":39,"turns":5}],"seed_played":"-3316829748943531997","potions_obtained":[{"floor":1.0,"key":"SteroidPotion"},{"floor":2.0,"key":"Explosive Potion"},{"floor":4.0,"key":"Energy Potion"},{"floor":16.0,"key":"Dexterity Potion"},{"floor":22.0,"key":"Poison Potion"},{"floor":23.0,"key":"Energy Potion"},{"floor":28.0,"key":"Explosive Potion"},{"floor":35.0,"key":"Explosive Potion"}],"is_trial":false,"path_per_floor":["M","M","M","M","?","R","M","?","T","M","R","$","E","M","R","B",null,"M","M","$","?","M","E","R","M","T","R","E","$","M","?","R","B",null,"M","$","?","M","M"],"character_chosen":"IRONCLAD","items_purchased":["Flame Barrier","Disarm","SteroidPotion","Whirlwind","Battle Trance","Strength Potion","Limit Break"],"campfire_rested":3,"item_purchase_floors":[12,20,20,29,29,29,36],"current_hp_per_floor":[71,77,80,72,72,72,59,59,59,44,44,44,36,37,37,23,66,72,67,67,67,71,30,54,50,50,74,54,54,41,41,65,32,68,53,53,43,43,0],"gold":133,"neow_bonus":"THREE_RARE_CARDS","is_prod":false,"is_daily":false,"chose_seed":false,"campfire_upgraded":2,"win_rate":0,"timestamp":1547942271,"path_taken":["M","?","M","M","?","R","M","?","T","?","R","$","E","M","R","BOSS","M","M","$","?","M","E","R","M","T","R","E","?","M","?","R","BOSS","M","$","?","M","M"],"build_version":"2019-01-17v2","purchased_purges":2,"victory":false,"max_hp_per_floor":[80,80,80,80,80,80,80,80,80,80,80,80,80,80,80,80,80,80,80,80,80,80,80,80,80,80,80,80,80,80,80,80,80,80,83,83,83,86,86],"card_choices":[{"not_picked":["Barricade","Juggernaut"],"picked":"Double Tap","floor":0.0},{"not_picked":["Hemokinesis","Power Through"],"picked":"Carnage","floor":1.0},{"not_picked":["Sword Boomerang","Body Slam"],"picked":"Clothesline","floor":2.0},{"not_picked":["Havoc","Shrug It Off"],"picked":"Disarm","floor":3.0},{"not_picked":["Flex","Perfected Strike","Body Slam"],"picked":"SKIP","floor":4.0},{"not_picked":["Flex","Perfected Strike","Body Slam"],"picked":"SKIP","floor":4.0},{"not_picked":["Power Through","Entrench"],"picked":"Intimidate","floor":7.0},{"not_picked":["Clash","Double Tap"],"picked":"Armaments","floor":10.0},{"not_picked":["Body Slam","Twin Strike"],"picked":"Shockwave","floor":13.0},{"not_picked":["Headbutt","Clothesline"],"picked":"Uppercut","floor":14.0},{"not_picked":["Dark Embrace","Immolate"],"picked":"Impervious","floor":16.0},{"not_picked":["Armaments+1","Sentinel+1"],"picked":"Inflame","floor":18.0},{"not_picked":["Searing Blow","Fire Breathing+1"],"picked":"Body Slam+1","floor":19.0},{"not_picked":["Combust","Sever Soul+1"],"picked":"Armaments","floor":22.0},{"not_picked":["Twin Strike+1","Rampage"],"picked":"Sword Boomerang+1","floor":23.0},{"not_picked":["Sentinel","Havoc+1","Clash+1"],"picked":"SKIP","floor":25.0},{"not_picked":["Havoc","Rupture","Combust"],"picked":"SKIP","floor":28.0},{"not_picked":["Evolve","True Grit"],"picked":"Armaments+1","floor":30.0},{"not_picked":["Dark Embrace","Berserk"],"picked":"Feed","floor":33.0},{"not_picked":["Warcry+1","Corruption+1"],"picked":"Shrug It Off","floor":35.0},{"not_picked":["Cleave","Blood for Blood","Havoc+1"],"picked":"SKIP","floor":38.0}],"player_experience":330601,"relics_obtained":[{"floor":9.0,"key":"Blood Vial"},{"floor":13.0,"key":"War Paint"},{"floor":23.0,"key":"Pen Nib"},{"floor":26.0,"key":"Vajra"},{"floor":28.0,"key":"Orichalcum"}],"event_choices":[{"damage_healed":0.0,"max_hp_gain":0.0,"max_hp_loss":0.0,"gold_gain":0.0,"event_name":"Golden Idol","player_choice":"Take Wound","floor":5.0,"gold_loss":0.0,"damage_taken":0.0,"relics_obtained":["Golden Idol"],"cards_obtained":["Injury"]},{"damage_healed":0.0,"max_hp_gain":0.0,"max_hp_loss":0.0,"gold_gain":0.0,"event_name":"WeMeetAgain","player_choice":"Gave Potion","floor":8.0,"gold_loss":0.0,"damage_taken":0.0,"relics_obtained":["Ornamental Fan"]},{"cards_removed":["Strike_R"],"damage_healed":0.0,"max_hp_gain":0.0,"max_hp_loss":0.0,"gold_gain":0.0,"event_name":"Purifier","player_choice":"Purged","floor":21.0,"gold_loss":0.0,"damage_taken":0.0},{"damage_healed":0.0,"max_hp_gain":0.0,"max_hp_loss":0.0,"gold_gain":0.0,"event_name":"N\u0027loth","player_choice":"Ignored","floor":31.0,"gold_loss":0.0,"damage_taken":0.0},{"damage_healed":0.0,"max_hp_gain":0.0,"max_hp_loss":0.0,"gold_gain":0.0,"event_name":"Winding Halls","player_choice":"Embrace Madness","floor":37.0,"gold_loss":0.0,"damage_taken":10.0,"cards_obtained":["Madness","Madness"]}],"is_beta":false,"boss_relics":[{"not_picked":["Runic Dome","Empty Cage"],"picked":"Fusion Hammer"},{"not_picked":["Tiny House","Black Blood"],"picked":"Runic Cube"}],"items_purged_floors":[12,20],"is_endless":false,"potions_floor_spawned":[1,2,4,16,22,23,28,35],"killed_by":"Transient","ascension_level":5}