{"gold_per_floor":[115,131,147,147,160,160,176,176,176,176,188,263,290,308,308,413,463,463],"floor_reached":18,"playtime":12892,"items_purged":[],"score":185,"play_id":"d0f3a043-4742-48c6-bc63-51d8e5575dc1","local_time":"20190105163527","is_ascension_mode":true,"campfire_choices":[{"data":"Defend_R","floor":6,"key":"SMITH"},{"floor":8,"key":"REST"},{"floor":15,"key":"REST"}],"neow_cost":"NONE","seed_source_timestamp":1406814606656837,"circlet_count":0,"master_deck":["Strike_R+1","Strike_R","Strike_R","Strike_R","Defend_R","Defend_R","Defend_R+1","Defend_R+1","Bash+1","Limit Break","Reaper"],"relics":["Burning Blood","NeowsBlessing","Blood Vial","Bag of Preparation","Tiny House"],"potions_floor_usage":[16,16,16],"damage_taken":[{"damage":0,"enemies":"Jaw Worm","floor":1,"turns":1},{"damage":0,"enemies":"Cultist","floor":2,"turns":1},{"damage":0,"enemies":"2 Louse","floor":3,"turns":1},{"damage":16,"enemies":"Blue Slaver","floor":5,"turns":4},{"damage":36,"enemies":"Exordium Wildlife","floor":7,"turns":7},{"damage":25,"enemies":"Large Slime","floor":11,"turns":11},{"damage":2,"enemies":"2 Fungi Beasts","floor":14,"turns":5},{"damage":28,"enemies":"Slime Boss","floor":16,"turns":10},{"damage":93,"enemies":"Spheric Guardian","floor":18,"turns":15}],"seed_played":"6195065177396142655","potions_obtained":[{"floor":1,"key":"PowerPotion"},{"floor":2,"key":"Energy Potion"},{"floor":11,"key":"Poison Potion"},{"floor":16,"key":"Fire Potion"},{"floor":17,"key":"Fire Potion"}],"is_trial":false,"path_per_floor":["M","M","M","?","M","R","M","R","T","?","M","?","T","M","R","B",null,"M"],"character_chosen":"IRONCLAD","items_purchased":[],"campfire_rested":2,"item_purchase_floors":[],"current_hp_per_floor":[80,80,80,64,54,54,24,48,48,48,31,20,20,26,50,30,85,0],"gold":463,"neow_bonus":"THREE_ENEMY_KILL","is_prod":false,"is_daily":false,"chose_seed":false,"campfire_upgraded":1,"win_rate":0,"timestamp":1546727727,"path_taken":["M","M","M","?","M","R","M","R","T","?","?","?","?","M","R","BOSS","M"],"build_version":"2019-01-03v4","purchased_purges":0,"victory":false,"max_hp_per_floor":[80,80,80,80,80,80,80,80,80,80,80,80,80,80,80,80,85,85],"card_choices":[{"not_picked":["Power Through","Searing Blow","Sever Soul"],"picked":"SKIP","floor":1},{"not_picked":["Thunderclap","Second Wind","Power Through"],"picked":"SKIP","floor":2},{"not_picked":["Clash","Bloodletting","Armaments"],"picked":"SKIP","floor":3},{"not_picked":["Fire Breathing","True Grit","Sword Boomerang"],"picked":"SKIP","floor":5},{"not_picked":["Heavy Blade","Rupture","Flex"],"picked":"SKIP","floor":7},{"not_picked":["Body Slam","Cleave","Wild Strike"],"picked":"SKIP","floor":11},{"not_picked":["Twin Strike","Brutality","Hemokinesis"],"picked":"SKIP","floor":14},{"not_picked":["Immolate","Juggernaut"],"picked":"Reaper","floor":16}],"player_experience":988020,"relics_obtained":[{"floor":9,"key":"Blood Vial"},{"floor":13,"key":"Bag of Preparation"}],"event_choices":[{"damage_healed":0,"gold_gain":0,"player_choice":"Entered Light","damage_taken":16,"max_hp_gain":0,"max_hp_loss":0,"event_name":"Shining Light","floor":4,"gold_loss":0,"cards_upgraded":["Defend_R","Strike_R"]},{"damage_healed":0,"gold_gain":0,"cards_transformed":["Strike_R"],"player_choice":"Transformed","damage_taken":0,"max_hp_gain":0,"max_hp_loss":0,"event_name":"Transmorgrifier","floor":10,"gold_loss":0,"cards_obtained":["Limit Break"]},{"damage_healed":0,"gold_gain":75,"player_choice":"Gather Gold","damage_taken":11,"max_hp_gain":0,"max_hp_loss":0,"event_name":"World of Goop","floor":12,"gold_loss":0}],"is_beta":false,"boss_relics":[{"not_picked":["Astrolabe","Mark of Pain"],"picked":"Tiny House"}],"items_purged_floors":[],"is_endless":false,"potions_floor_spawned":[1,2,11,16],"killed_by":"Spheric Guardian","ascension_level":4}