{"gold_per_floor":[369,384,67,67,78,107,107,107,132,146,173,192,192,203,203,298,298,309,115,115,129,140,140,151,151,197,225,225,242,157,157,157,255,255,275,286,286,339,5,31,31,31,86,86,104,118,128,148,148,148,148,148,24,51,51],"floor_reached":55,"playtime":2844,"items_purged":["Strike_R","Strike_R","Strike_R"],"score":1009,"play_id":"b164b9f4-decc-420f-93dd-b7ce669cc295","local_time":"20190221235514","is_ascension_mode":true,"campfire_choices":[{"floor":7,"key":"RECALL"},{"floor":15,"key":"REST"},{"data":"Heavy Blade","floor":23,"key":"SMITH"},{"data":"Dual Wield","floor":25,"key":"SMITH"},{"data":"Shockwave","floor":28,"key":"SMITH"},{"floor":32,"key":"REST"},{"floor":41,"key":"REST"},{"floor":44,"key":"REST"},{"floor":49,"key":"REST"},{"floor":52,"key":"REST"}],"neow_cost":"TEN_PERCENT_HP_LOSS","seed_source_timestamp":412155110120458,"circlet_count":0,"master_deck":["Defend_R","Defend_R+1","Defend_R","Bash","Spot Weakness","Disarm","Flex","Heavy Blade+1","Discovery+1","Twin Strike","Demon Form+1","Thunderclap","Cleave","Battle Trance","Shockwave+1","Offering","Shrug It Off","Finesse+1","Dual Wield+1","Iron Wave+1","Double Tap","Spot Weakness+1","Havoc+1","Flex+1"],"special_seed":0,"relics":["Burning Blood","PreservedInsect","Bag of Preparation","Oddly Smooth Stone","Busted Crown","Red Skull","War Paint","Omamori","Dodecahedron","Fusion Hammer","Nunchaku","Bottled Tornado","Centennial Puzzle"],"potions_floor_usage":[6,12,16,18,21,22,29,36,40,47,55,55,55],"damage_taken":[{"damage":1,"enemies":"Cultist","floor":1,"turns":4},{"damage":2,"enemies":"2 Louse","floor":2,"turns":2},{"damage":12,"enemies":"Small Slimes","floor":5,"turns":3},{"damage":26,"enemies":"Lagavulin","floor":6,"turns":4},{"damage":1,"enemies":"Exordium Wildlife","floor":10,"turns":2},{"damage":13,"enemies":"3 Sentries","floor":11,"turns":4},{"damage":23,"enemies":"Gremlin Gang","floor":12,"turns":3},{"damage":2,"enemies":"Blue Slaver","floor":14,"turns":3},{"damage":35,"enemies":"The Guardian","floor":16,"turns":7},{"damage":6,"enemies":"Spheric Guardian","floor":18,"turns":2},{"damage":8,"enemies":"2 Thieves","floor":21,"turns":4},{"damage":22,"enemies":"Centurion and Healer","floor":22,"turns":7},{"damage":20,"enemies":"Snake Plant","floor":24,"turns":4},{"damage":8,"enemies":"Gremlin Leader","floor":27,"turns":3},{"damage":8,"enemies":"Chosen and Byrds","floor":29,"turns":5},{"damage":34,"enemies":"Collector","floor":33,"turns":7},{"damage":6,"enemies":"3 Darklings","floor":35,"turns":4},{"damage":17,"enemies":"Orb Walker","floor":36,"turns":4},{"damage":26,"enemies":"2 Orb Walkers","floor":38,"turns":3},{"damage":12,"enemies":"Reptomancer","floor":40,"turns":2},{"damage":20,"enemies":"Jaw Worm Horde","floor":45,"turns":2},{"damage":25,"enemies":"3 Darklings","floor":46,"turns":3},{"damage":9,"enemies":"4 Shapes","floor":47,"turns":5},{"damage":11,"enemies":"Spire Growth","floor":48,"turns":2},{"damage":49,"enemies":"Time Eater","floor":50,"turns":7},{"damage":23,"enemies":"Shield and Spear","floor":54,"turns":5},{"damage":75,"enemies":"The Heart","floor":55,"turns":5}],"seed_played":"-3441672856654881169","potions_obtained":[{"floor":6,"key":"Weak Potion"},{"floor":11,"key":"Poison Potion"},{"floor":16,"key":"GamblersBrew"},{"floor":18,"key":"Regen Potion"},{"floor":21,"key":"Regen Potion"},{"floor":24,"key":"FearPotion"},{"floor":29,"key":"Fruit Juice"},{"floor":35,"key":"PowerPotion"},{"floor":40,"key":"Energy Potion"},{"floor":46,"key":"LiquidBronze"},{"floor":47,"key":"Strength Potion"}],"is_trial":false,"path_per_floor":["M","M","$","?","M","E","R","?","T","M","E","M","?","M","R","B",null,"M","$","?","M","M","R","M","R","T","E","R","M","?","?","R","B",null,"M","M","?","?","$","E","R","?","T","R","M","M","M","M","R","B",null,"R","$","E","B"],"character_chosen":"IRONCLAD","items_purchased":["Flex","Heavy Blade","Discovery","PowerPotion","Finesse","Double Tap","BloodPotion","Regen Potion","SteroidPotion"],"campfire_rested":6,"item_purchase_floors":[3,3,3,3,19,39,39,53,53],"current_hp_per_floor":[72,72,72,72,66,46,46,39,39,44,37,20,20,24,45,16,58,58,58,58,68,66,66,52,52,52,50,50,53,53,53,76,48,70,70,59,59,39,39,40,63,63,63,77,63,44,41,36,59,16,62,77,77,60,0],"gold":51,"neow_bonus":"TWO_FIFTY_GOLD","is_prod":false,"is_daily":false,"chose_seed":false,"campfire_upgraded":3,"win_rate":0,"timestamp":1550760914,"path_taken":["M","M","$","?","M","E","R","?","T","M","E","M","?","M","R","BOSS","M","$","?","M","M","R","M","R","T","E","R","?","?","?","R","BOSS","M","?","?","?","$","E","R","?","T","R","M","M","M","M","R","BOSS","R","$","E","BOSS"],"build_version":"2019-01-23","purchased_purges":3,"victory":false,"max_hp_per_floor":[72,72,72,72,72,72,72,72,72,72,72,72,72,72,72,72,72,72,72,72,72,72,72,72,72,72,72,72,77,77,77,77,77,77,77,77,77,77,77,77,77,77,77,77,77,77,77,77,77,77,77,77,77,77,77],"card_choices":[{"not_picked":["Clash","Havoc"],"picked":"Spot Weakness","floor":1},{"not_picked":["Havoc","Anger"],"picked":"Disarm","floor":2},{"not_picked":["Wild Strike","Sword Boomerang"],"picked":"Twin Strike","floor":5},{"not_picked":["Pommel Strike","Cleave"],"picked":"Demon Form","floor":6},{"not_picked":["Second Wind","Warcry"],"picked":"Thunderclap","floor":10},{"not_picked":["Iron Wave","Sword Boomerang"],"picked":"Cleave","floor":11},{"not_picked":["Hemokinesis","Sword Boomerang"],"picked":"Battle Trance","floor":12},{"not_picked":["Warcry","Anger"],"picked":"Shockwave","floor":14},{"not_picked":["Exhume","Juggernaut"],"picked":"Offering","floor":16},{"not_picked":[],"picked":"Shrug It Off","floor":18},{"not_picked":["Combust+1"],"picked":"SKIP","floor":21},{"not_picked":["Hemokinesis"],"picked":"SKIP","floor":22},{"not_picked":[],"picked":"Dual Wield","floor":24},{"not_picked":[],"picked":"Iron Wave+1","floor":27},{"not_picked":["Thunderclap"],"picked":"SKIP","floor":29},{"not_picked":["Disarm"],"picked":"SKIP","floor":35},{"not_picked":["Body Slam+1"],"picked":"SKIP","floor":36},{"not_picked":[],"picked":"Spot Weakness+1","floor":40},{"not_picked":["Flex"],"picked":"SKIP","floor":45},{"not_picked":["Spot Weakness+1"],"picked":"SKIP","floor":46},{"not_picked":[],"picked":"Havoc+1","floor":47},{"not_picked":[],"picked":"Flex+1","floor":48},{"not_picked":["True Grit"],"picked":"SKIP","floor":54}],"player_experience":38846,"relics_obtained":[{"floor":6,"key":"PreservedInsect"},{"floor":9,"key":"Bag of Preparation"},{"floor":11,"key":"Oddly Smooth Stone"},{"floor":26,"key":"Red Skull"},{"floor":27,"key":"War Paint"},{"floor":38,"key":"Nunchaku"},{"floor":40,"key":"Bottled Tornado"},{"floor":54,"key":"Centennial Puzzle"}],"event_choices":[{"damage_healed":0,"gold_gain":0,"player_choice":"Grow","damage_taken":0,"max_hp_gain":0,"max_hp_loss":0,"event_name":"Living Wall","floor":4,"gold_loss":0,"cards_upgraded":["Discovery"]},{"cards_removed":["Strike_R"],"damage_healed":0,"gold_gain":0,"player_choice":"Card Removal","damage_taken":7,"max_hp_gain":0,"max_hp_loss":0,"event_name":"Golden Wing","floor":8,"gold_loss":0},{"damage_healed":0,"gold_gain":0,"player_choice":"Ignored","damage_taken":0,"max_hp_gain":0,"max_hp_loss":0,"event_name":"Liars Game","floor":13,"gold_loss":0},{"damage_healed":0,"gold_gain":0,"player_choice":"Forge","damage_taken":0,"max_hp_gain":0,"max_hp_loss":0,"event_name":"Accursed Blacksmith","floor":20,"gold_loss":0,"cards_upgraded":["Demon Form"]},{"damage_healed":0,"gold_gain":0,"player_choice":"Obtained Relic","damage_taken":0,"relics_obtained":["Omamori"],"max_hp_gain":0,"max_hp_loss":0,"event_name":"Addict","floor":30,"gold_loss":85},{"damage_healed":0,"gold_gain":0,"player_choice":"Gave Potion","damage_taken":0,"relics_obtained":["Dodecahedron"],"max_hp_gain":0,"max_hp_loss":0,"event_name":"WeMeetAgain","floor":31,"gold_loss":0},{"cards_removed":["Defend_R"],"damage_healed":0,"gold_gain":0,"player_choice":"Removed Skill","damage_taken":0,"max_hp_gain":0,"max_hp_loss":0,"event_name":"Falling","floor":37,"gold_loss":0},{"damage_healed":0,"gold_gain":0,"player_choice":"Fight","damage_taken":0,"max_hp_gain":0,"max_hp_loss":0,"event_name":"Mysterious Sphere","floor":38,"gold_loss":0},{"cards_removed":["Strike_R"],"damage_healed":0,"gold_gain":0,"player_choice":"Purged","damage_taken":0,"max_hp_gain":0,"max_hp_loss":0,"event_name":"Purifier","floor":42,"gold_loss":0}],"is_beta":false,"boss_relics":[{"not_picked":["Snecko Eye","Ectoplasm"],"picked":"Busted Crown"},{"not_picked":["Philosopher\u0027s Stone","Eternal Feather"],"picked":"Fusion Hammer"}],"items_purged_floors":[3,19,39],"is_endless":false,"potions_floor_spawned":[6,11,16,18,21,24,29,35,40,46,47],"killed_by":"The Heart","ascension_level":7}