{"path_per_floor":["M","?","M","?","?","R","E","M","T","$","E","?","E","M","R","B",null,"M","T","M","M","$","R","E","M","T","M","R","M","M","M","R"],"character_chosen":"DEFECT","items_purchased":["Ball Lightning","Peace Pipe","Bandage Up+1","Enlightenment+1"],"gold_per_floor":[116,116,128,303,303,303,334,350,350,303,333,395,428,444,444,543,543,560,560,577,594,17,17,44,59,59,72,72,86,100,113,113,113],"floor_reached":33,"campfire_rested":3,"playtime":1578,"item_purchase_floors":[10,22,22,22],"current_hp_per_floor":[75,75,75,75,75,75,75,75,75,75,63,59,41,33,55,37,75,64,64,43,37,37,37,28,35,35,16,38,45,31,22,44,0],"items_purged":[],"gold":113,"score":344,"play_id":"2e85e021-2f93-494e-8528-3eca532b4a66","local_time":"20180603013226","is_prod":false,"is_daily":false,"chose_seed":false,"is_ascension_mode":true,"campfire_upgraded":1,"win_rate":0,"timestamp":1527960746,"campfire_choices":[{"data":"Zap","floor":6,"key":"SMITH"},{"floor":15,"key":"REST"},{"data":"Strike_B","floor":23,"key":"PURGE"},{"floor":28,"key":"REST"},{"floor":32,"key":"REST"}],"path_taken":["M","?","?","?","?","R","E","?","T","$","E","?","E","M","R","BOSS","M","?","?","?","$","R","E","M","T","M","R","M","M","M","R","BOSS"],"build_version":"2018-05-30v2","seed_source_timestamp":41039613619925,"purchased_purges":0,"victory":false,"master_deck":["Strike_B","Strike_B","Defend_B","Defend_B","Defend_B","Defend_B","Zap+1","Dualcast","Go for the Eyes","White Noise","Ball Lightning","Rebound","Ball Lightning","Ball Lightning","Storm","Echo Form","Conserve Battery+1","Beam Cell+1","Bandage Up+1","Enlightenment+1","Defragment+1","Hologram+1","Tempest+1"],"max_hp_per_floor":[75,75,75,75,75,75,75,75,75,75,75,75,75,75,75,75,75,75,75,75,75,75,75,75,75,75,75,75,75,75,75,75,75],"relics":["Cracked Core","NeowsBlessing","Spirit Poop","Ornamental Fan","Mercury Hourglass","Centennial Puzzle","Pen Nib","Toxic Egg 2","Black Star","Blood Vial","Peace Pipe","Boot","Vajra","Bag of Marbles"],"card_choices":[{"not_picked":["Steam","Self Repair"],"picked":"Go for the Eyes","floor":1},{"not_picked":["FTL","Hello World"],"picked":"Ball Lightning","floor":3},{"not_picked":["Loop","Lockon"],"picked":"Rebound","floor":7},{"not_picked":["Leap","Recycle","Rebound"],"picked":"SKIP","floor":8},{"not_picked":["White Noise","Tempest","Hello World"],"picked":"SKIP","floor":11},{"not_picked":["Lockon","Doom and Gloom"],"picked":"Ball Lightning","floor":12},{"not_picked":["Sunder","Sweeping Beam","Redo"],"picked":"SKIP","floor":13},{"not_picked":["Streamline","BootSequence+1"],"picked":"Storm","floor":14},{"not_picked":["Rainbow+1","Buffer"],"picked":"Echo Form","floor":16},{"not_picked":["Consume+1","Darkness+1"],"picked":"Conserve Battery+1","floor":18},{"not_picked":["Compile Driver+1","Conserve Battery+1","Stack+1"],"picked":"SKIP","floor":20},{"not_picked":["Auto Shields+1","Darkness+1"],"picked":"Beam Cell+1","floor":21},{"not_picked":["Coolheaded+1","Fission+1"],"picked":"Defragment+1","floor":24},{"not_picked":["Stack+1","Streamline+1"],"picked":"Hologram+1","floor":25},{"not_picked":["Gash","Rip and Tear"],"picked":"Tempest+1","floor":27},{"not_picked":["Coolheaded+1","Storm+1","Reprogram+1"],"picked":"SKIP","floor":29},{"not_picked":["Compile Driver","Skim+1","Barrage"],"picked":"SKIP","floor":30},{"not_picked":["Turbo+1","Streamline","Stack+1"],"picked":"SKIP","floor":31}],"player_experience":55629,"potions_floor_usage":[11,25,29,30],"damage_taken":[{"damage":0,"enemies":"2 Louse","floor":1,"turns":1},{"damage":0,"enemies":"Jaw Worm","floor":3,"turns":1},{"damage":0,"enemies":"Gremlin Nob","floor":7,"turns":1},{"damage":0,"enemies":"Cultist","floor":8,"turns":3},{"damage":12,"enemies":"3 Sentries","floor":11,"turns":3},{"damage":11,"enemies":"3 Sentries","floor":12,"turns":4},{"damage":18,"enemies":"Lagavulin","floor":13,"turns":3},{"damage":8,"enemies":"3 Louse","floor":14,"turns":2},{"damage":18,"enemies":"Slime Boss","floor":16,"turns":6},{"damage":11,"enemies":"Spheric Guardian","floor":18,"turns":3},{"damage":23,"enemies":"Shell Parasite","floor":20,"turns":4},{"damage":8,"enemies":"Snecko","floor":21,"turns":5},{"damage":24,"enemies":"Book of Stabbing","floor":24,"turns":6},{"damage":1,"enemies":"Centurion and Healer","floor":25,"turns":4},{"damage":34,"enemies":"Snake Plant","floor":27,"turns":3},{"damage":7,"enemies":"3 Cultists","floor":29,"turns":4},{"damage":22,"enemies":"Centurion and Healer","floor":30,"turns":3},{"damage":17,"enemies":"Snecko","floor":31,"turns":4},{"damage":73,"enemies":"Collector","floor":33,"turns":6}],"relics_obtained":[{"floor":7,"key":"Ornamental Fan"},{"floor":9,"key":"Mercury Hourglass"},{"floor":11,"key":"Centennial Puzzle"},{"floor":12,"key":"Pen Nib"},{"floor":13,"key":"Toxic Egg 2"},{"floor":19,"key":"Blood Vial"},{"floor":24,"key":"Boot"},{"floor":24,"key":"Vajra"},{"floor":26,"key":"Bag of Marbles"}],"event_choices":[{"event_name":"Living Wall","player_choice":"Change","floor":2,"damage_taken":0},{"event_name":"Liars Game","player_choice":"agreed","floor":4,"damage_taken":0},{"event_name":"Bonfire Elementals","player_choice":"CURSE","floor":5,"damage_taken":0},{"event_name":"Dead Adventurer","player_choice":"Searched \u00272\u0027 times","floor":12,"damage_taken":0}],"boss_relics":[{"not_picked":["Inserter","Calling Bell"],"picked":"Black Star"}],"items_purged_floors":[],"potions_floor_spawned":[8,11,12,24,27,29],"seed_played":"-158206470641876944","killed_by":"Collector","ascension_level":2,"potions_obtained":[{"floor":8,"key":"SkillPotion"},{"floor":11,"key":"FocusPotion"},{"floor":12,"key":"Strength Potion"},{"floor":24,"key":"Poison Potion"},{"floor":27,"key":"Regen Potion"},{"floor":29,"key":"Fire Potion"}],"is_trial":false}