{"gold_per_floor":[116,37,37,37,37,37,37,72,72,89,108,183,195,62,62,137,137,147,160,110,122,33,33,60,60,84,113,113,141,151,169,169,245,245,256,273,285,21,21,56,70,97,97,19,37,72,72,83,83,83,83,83,33,63,63],"floor_reached":56,"playtime":3055,"items_purged":["Strike_G","Strike_G","Strike_G+1","Madness+1"],"score":2420,"play_id":"f08a9701-011a-4ca4-9d27-65cfbae2dbee","local_time":"20181228101048","is_ascension_mode":true,"campfire_choices":[{"floor":6.0,"key":"REST"},{"data":"Bouncing Flask","floor":15.0,"key":"SMITH"},{"floor":23.0,"key":"REST"},{"floor":32.0,"key":"REST"},{"floor":49,"key":"RECALL"},{"floor":52,"key":"REST"}],"neow_cost":"NONE","seed_source_timestamp":0,"circlet_count":0,"master_deck":["AscendersBane","Defend_G","Defend_G","Defend_G","Defend_G","Defend_G","Survivor","Neutralize+1","Predator","Bouncing Flask+1","Corpse Explosion","Catalyst","Dodge and Roll+1","Ghostly+1","Ghostly+1","Ghostly+1","Deadly Poison+1","PiercingWail+1","Deadly Poison+1","Leg Sweep+1","Backflip+1","Caltrops+1","Catalyst+1","Footwork+1","Madness+1","Leg Sweep+1"],"special_seed":0,"relics":["Snecko Eye","Singing Bowl","Whetstone","Vajra","Smiling Mask","Tiny Chest","Fusion Hammer","Toxic Egg 2","Boot","Frozen Egg 2","Paper Crane","Letter Opener","Empty Cage","Bronze Scales","Meat on the Bone","Orichalcum","Blood Vial","Potion Belt","Happy Flower"],"potions_floor_usage":[40,55,55],"damage_taken":[{"damage":7.0,"enemies":"Cultist","floor":1.0,"turns":4.0},{"damage":17.0,"enemies":"Lagavulin","floor":8.0,"turns":6.0},{"damage":0.0,"enemies":"Jaw Worm","floor":10.0,"turns":3.0},{"damage":0.0,"enemies":"2 Louse","floor":11.0,"turns":2.0},{"damage":0.0,"enemies":"Large Slime","floor":13.0,"turns":3.0},{"damage":16.0,"enemies":"Hexaghost","floor":16.0,"turns":8.0},{"damage":19.0,"enemies":"Shell Parasite","floor":18.0,"turns":4.0},{"damage":30.0,"enemies":"Spheric Guardian","floor":19.0,"turns":5.0},{"damage":3.0,"enemies":"Snecko","floor":21.0,"turns":4.0},{"damage":33.0,"enemies":"Book of Stabbing","floor":24.0,"turns":4.0},{"damage":0.0,"enemies":"Slavers","floor":27.0,"turns":2.0},{"damage":0.0,"enemies":"Gremlin Leader","floor":29.0,"turns":5.0},{"damage":0.0,"enemies":"Snake Plant","floor":30.0,"turns":3.0},{"damage":0.0,"enemies":"3 Cultists","floor":31.0,"turns":3.0},{"damage":16.0,"enemies":"Collector","floor":33.0,"turns":7.0},{"damage":0.0,"enemies":"3 Darklings","floor":35.0,"turns":2.0},{"damage":1.0,"enemies":"3 Shapes","floor":36.0,"turns":5.0},{"damage":2.0,"enemies":"Spire Growth","floor":37.0,"turns":4.0},{"damage":6,"enemies":"Giant Head","floor":40,"turns":7},{"damage":0,"enemies":"Transient","floor":41,"turns":6},{"damage":0,"enemies":"Nemesis","floor":42,"turns":6},{"damage":1,"enemies":"Writhing Mass","floor":45,"turns":5},{"damage":23,"enemies":"Reptomancer","floor":46,"turns":7},{"damage":0,"enemies":"4 Shapes","floor":48,"turns":2},{"damage":10,"enemies":"Time Eater","floor":50,"turns":8},{"damage":1,"enemies":"Shield and Spear","floor":54,"turns":5},{"damage":54,"enemies":"The Heart","floor":55,"turns":10}],"seed_played":"3692874335791262721","potions_obtained":[{"floor":1.0,"key":"Explosive Potion"},{"floor":10.0,"key":"Regen Potion"},{"floor":24.0,"key":"Energy Potion"},{"floor":29.0,"key":"Block Potion"},{"floor":30.0,"key":"LiquidBronze"},{"floor":36.0,"key":"Strength Potion"},{"floor":37.0,"key":"SkillPotion"},{"floor":41,"key":"GhostInAJar"}],"is_trial":false,"path_per_floor":["$","?","$","T","R","$","E","T","M","M","?","M","$","R","B",null,"M","M","$","M","R","E","?","T","E","T","E","M","M","R",null,"M","M","M","T","E","M","E","T","$","M","E","?","M","R","B",null,"R","$","E","B",null],"character_chosen":"THE_SILENT","items_purchased":["Bouncing Flask","Tiny Chest","Catalyst","Deadly Poison+1","Bronze Scales","Caltrops+1"],"campfire_rested":4,"item_purchase_floors":[2,14,22,38,38,44],"current_hp_per_floor":[52,52,17,17,17,36,36,21,21,23,25,14,16,16,16,15,59,42,14,14,13,13,37,4,4,4,4,4,6,8,10,23,9,38,38,39,39,39,39,33,33,35,35,35,36,27,17,31,31,35,49,54,54,55,14],"gold":63,"neow_bonus":"BOSS_RELIC","is_prod":false,"is_daily":false,"chose_seed":false,"campfire_upgraded":1,"win_rate":0,"timestamp":1545988248,"path_taken":["M","?","?","?","?","R","$","E","T","M","?","?","M","$","R","BOSS","M","M","$","M","$","R","E","?","T","E","?","E","M","M","R","BOSS","M","?","M","$","?","E","M","E","T","$","M","E","?","M","R","BOSS","R","$","E","BOSS"],"build_version":"2018-12-25","purchased_purges":4,"victory":true,"max_hp_per_floor":[66,66,66,66,66,66,66,68,68,70,72,72,74,74,74,74,74,76,78,78,80,80,80,80,40,40,40,40,42,44,46,46,48,48,48,50,52,52,52,52,52,54,54,54,54,54,54,54,54,54,54,54,54,56,56],"card_choices":[{"not_picked":["Infinite Blades","Backflip"],"picked":"Predator","floor":1.0},{"not_picked":["Prepared","Bane","Terror"],"picked":"Singing Bowl","floor":8.0},{"not_picked":["Infinite Blades","Backflip","Deflect"],"picked":"Singing Bowl","floor":10.0},{"not_picked":["Distraction","PiercingWail","Quick Slash"],"picked":"Singing Bowl","floor":11.0},{"not_picked":["Deadly Poison","Glass Knife","Cloak And Dagger"],"picked":"Singing Bowl","floor":13.0},{"not_picked":["Storm of Steel","Venomology"],"picked":"Corpse Explosion","floor":16.0},{"not_picked":["Backstab","Endless Agony","All Out Attack+1"],"picked":"Singing Bowl","floor":18.0},{"not_picked":["Prepared","Sucker Punch","Quick Slash"],"picked":"Singing Bowl","floor":19.0},{"not_picked":["Dagger Throw","Unload","Slice"],"picked":"Singing Bowl","floor":21.0},{"not_picked":["Phantasmal Killer","Setup"],"picked":"Dodge and Roll","floor":24.0},{"not_picked":["Flying Knee","Flechettes"],"picked":"Deadly Poison+1","floor":27.0},{"not_picked":["Masterful Stab","Eviscerate","Poisoned Stab"],"picked":"Singing Bowl","floor":29.0},{"not_picked":["Heel Hook","Poisoned Stab","Dagger Throw"],"picked":"Singing Bowl","floor":30.0},{"not_picked":["Bane","Dodge and Roll+1","Outmaneuver+1"],"picked":"Singing Bowl","floor":31.0},{"not_picked":["Venomology+1","Die Die Die","Doppelganger+1"],"picked":"Singing Bowl","floor":33.0},{"not_picked":["Sucker Punch+1","Deflect+1"],"picked":"PiercingWail+1","floor":35.0},{"not_picked":["Poisoned Stab","Unload","Cloak And Dagger+1"],"picked":"Singing Bowl","floor":36.0},{"not_picked":["Sucker Punch+1","Cloak And Dagger+1","Dagger Throw"],"picked":"Singing Bowl","floor":37.0},{"not_picked":["Slice","Flechettes"],"picked":"Leg Sweep+1","floor":40},{"not_picked":["Tactician+1","Cloak And Dagger+1"],"picked":"Backflip+1","floor":41},{"not_picked":["Skewer","Well Laid Plans+1","Deflect+1"],"picked":"Singing Bowl","floor":42},{"not_picked":["Backflip+1","All Out Attack+1"],"picked":"Catalyst+1","floor":45},{"not_picked":["Calculated Gamble+1","Sucker Punch"],"picked":"Footwork+1","floor":46},{"not_picked":["Backstab","Endless Agony"],"picked":"Leg Sweep+1","floor":48},{"not_picked":["Outmaneuver+1","Cloak And Dagger+1","Dodge and Roll+1"],"picked":"Singing Bowl","floor":54}],"player_experience":874008,"relics_obtained":[{"floor":5.0,"key":"Whetstone"},{"floor":8.0,"key":"Vajra"},{"floor":9.0,"key":"Smiling Mask"},{"floor":24.0,"key":"Toxic Egg 2"},{"floor":26.0,"key":"Boot"},{"floor":27.0,"key":"Frozen Egg 2"},{"floor":28.0,"key":"Paper Crane"},{"floor":29.0,"key":"Letter Opener"},{"floor":39,"key":"Meat on the Bone"},{"floor":40,"key":"Orichalcum"},{"floor":42,"key":"Blood Vial"},{"floor":46,"key":"Potion Belt"},{"floor":54,"key":"Happy Flower"}],"event_choices":[{"damage_healed":0.0,"max_hp_gain":0.0,"max_hp_loss":0.0,"gold_gain":0.0,"event_name":"Scrap Ooze","player_choice":"Success","floor":3.0,"gold_loss":0.0,"damage_taken":35.0,"relics_obtained":["Singing Bowl"]},{"damage_healed":0.0,"max_hp_gain":0.0,"max_hp_loss":0.0,"gold_gain":75.0,"event_name":"World of Goop","player_choice":"Gather Gold","floor":12.0,"gold_loss":0.0,"damage_taken":11.0},{"damage_healed":0.0,"max_hp_gain":0.0,"max_hp_loss":40.0,"gold_gain":0.0,"event_name":"Ghosts","player_choice":"Became a Ghost","floor":25.0,"gold_loss":0.0,"damage_taken":0.0,"cards_obtained":["Ghostly","Ghostly","Ghostly"]},{"damage_healed":0,"gold_gain":0,"player_choice":"Embrace Madness","damage_taken":10,"max_hp_gain":0,"max_hp_loss":0,"event_name":"Winding Halls","floor":47,"gold_loss":0,"cards_obtained":["Madness","Madness"]}],"is_beta":true,"boss_relics":[{"not_picked":["Calling Bell","Runic Pyramid"],"picked":"Fusion Hammer"},{"not_picked":["Orrery","Coffee Dripper"],"picked":"Empty Cage"}],"items_purged_floors":[20,22,38,53],"is_endless":false,"potions_floor_spawned":[1,10,11,24,29,30,36,37,41,45],"ascension_level":19}