{"gold_per_floor":[109,125,142,153,153,153,168,168,168,168,183,183,201,201,201,322,322,340,27,40,22,38,38,38],"floor_reached":24,"playtime":3417,"items_purged":[],"score":190,"play_id":"40bec22c-99dd-40de-a8de-69220893265e","local_time":"20190130200952","is_ascension_mode":false,"campfire_choices":[{"floor":6,"key":"REST"},{"data":"White Noise","floor":8,"key":"SMITH"},{"floor":15,"key":"REST"},{"floor":23,"key":"REST"}],"neow_cost":"NONE","seed_source_timestamp":1058569487627829,"circlet_count":0,"master_deck":["Strike_B","Strike_B","Strike_B","Strike_B","Defend_B","Defend_B","Defend_B","Defend_B","Zap","Dualcast","Tempest","White Noise+1","Reprogram","Cold Snap","Chaos","Fission","Injury","Compile Driver","Electrodynamics","Darkness+1","Gash","Chrysalis","Redo+1","Loop","Leap"],"relics":["Cracked Core","Centennial Puzzle","Golden Idol","Inserter","Membership Card"],"potions_floor_usage":[16,24,24],"damage_taken":[{"damage":5,"enemies":"Small Slimes","floor":1,"turns":3},{"damage":2,"enemies":"2 Louse","floor":2,"turns":3},{"damage":6,"enemies":"Jaw Worm","floor":3,"turns":3},{"damage":18,"enemies":"3 Louse","floor":4,"turns":2},{"damage":4,"enemies":"Exordium Wildlife","floor":7,"turns":3},{"damage":19,"enemies":"Blue Slaver","floor":11,"turns":3},{"damage":8,"enemies":"Exordium Thugs","floor":13,"turns":5},{"damage":33,"enemies":"Hexaghost","floor":16,"turns":10},{"damage":5,"enemies":"Spheric Guardian","floor":18,"turns":3},{"damage":32,"enemies":"Chosen","floor":20,"turns":7},{"damage":42,"enemies":"Sentry and Sphere","floor":22,"turns":7},{"damage":49,"enemies":"Book of Stabbing","floor":24,"turns":4}],"seed_played":"-3713620022522542271","potions_obtained":[{"floor":1,"key":"SkillPotion"},{"floor":2,"key":"Weak Potion"},{"floor":13,"key":"FairyPotion"},{"floor":16,"key":"GamblersBrew"},{"floor":22,"key":"FocusPotion"}],"is_trial":false,"path_per_floor":["?","?","?","?"],"character_chosen":"DEFECT","items_purchased":["Membership Card","Gash","Chrysalis","Loop"],"campfire_rested":3,"item_purchase_floors":[19,19,19,21],"current_hp_per_floor":[77,75,69,51,51,75,71,71,71,71,52,52,44,44,68,35,82,77,77,45,45,3,27,0],"gold":38,"neow_bonus":"TEN_PERCENT_HP_BONUS","is_prod":false,"is_daily":false,"chose_seed":false,"campfire_upgraded":1,"win_rate":0.0,"timestamp":1548875392,"path_taken":["M","M","M","M","?","R","M","R","T","?","M","?","M","?","R","BOSS","M","$","M","$","M","R","E"],"build_version":"2019-01-23","purchased_purges":0,"victory":false,"max_hp_per_floor":[82,82,82,82,82,82,82,82,82,82,82,82,82,82,82,82,82,82,82,82,82,82,82,82],"card_choices":[{"not_picked":["Barrage","Melter"],"picked":"Tempest","floor":1},{"not_picked":["Stack","Steam"],"picked":"White Noise","floor":2},{"not_picked":["Barrage","Hologram"],"picked":"Reprogram","floor":3},{"not_picked":["Sweeping Beam","Self Repair"],"picked":"Cold Snap","floor":4},{"not_picked":["Conserve Battery","Hologram"],"picked":"Chaos","floor":7},{"not_picked":["Fusion","Chill"],"picked":"Fission","floor":11},{"not_picked":["Redo","Cold Snap"],"picked":"Compile Driver","floor":13},{"not_picked":["All For One","Amplify"],"picked":"Electrodynamics","floor":16},{"not_picked":["Double Energy+1","Reinforced Body"],"picked":"Darkness+1","floor":18},{"not_picked":["Barrage","Stack"],"picked":"Redo+1","floor":20},{"not_picked":["Hologram","Barrage"],"picked":"Leap","floor":22}],"player_experience":15832,"relics_obtained":[{"floor":9,"key":"Centennial Puzzle"}],"event_choices":[{"damage_healed":0,"gold_gain":0,"player_choice":"Fled","damage_taken":0,"max_hp_gain":0,"max_hp_loss":0,"event_name":"Scrap Ooze","floor":5,"gold_loss":0},{"damage_healed":0,"gold_gain":0,"player_choice":"Leave","damage_taken":0,"max_hp_gain":0,"max_hp_loss":0,"event_name":"The Cleric","floor":10,"gold_loss":0},{"damage_healed":0,"gold_gain":0,"player_choice":"Take Wound","damage_taken":0,"relics_obtained":["Golden Idol"],"max_hp_gain":0,"max_hp_loss":0,"event_name":"Golden Idol","floor":12,"gold_loss":0,"cards_obtained":["Injury"]},{"damage_healed":0,"gold_gain":0,"player_choice":"Ignored","damage_taken":0,"max_hp_gain":0,"max_hp_loss":0,"event_name":"Shining Light","floor":14,"gold_loss":0}],"is_beta":false,"boss_relics":[{"not_picked":["FrozenCore","Cursed Key"],"picked":"Inserter"}],"items_purged_floors":[],"is_endless":false,"potions_floor_spawned":[1,2,13,16,22],"killed_by":"Book of Stabbing","ascension_level":0}