{"gold_per_floor":[117,117,117,135,135,165,165,190,190,209,241,251,283,55,55,127,127,147,147,62,74,90,90],"floor_reached":23,"playtime":872,"items_purged":["Strike_B"],"score":476,"play_id":"20089d8b-d4e4-4fc9-bc3e-9ae7766a6d81","local_time":"20181216173000","is_ascension_mode":true,"campfire_choices":[{"data":"Cold Snap","floor":7.0,"key":"SMITH"},{"data":"Apotheosis","floor":15.0,"key":"SMITH"}],"neow_cost":"NONE","seed_source_timestamp":34791554956987,"circlet_count":0,"master_deck":["AscendersBane","Strike_B","Strike_B","Defend_B","Defend_B","Defend_B+1","Defend_B","Zap+1","Dualcast+1","Compile Driver","Cold Snap+1","Cold Snap","Cold Snap","Self Repair","Ball Lightning","Glacier","Self Repair","Apotheosis+1","Echo Form","Coolheaded+1"],"special_seed":0,"relics":["Cracked Core","NeowsBlessing","The Courier","Bag of Marbles","War Paint","Shuriken","Letter Opener","Strawberry","Coffee Dripper","Incense Burner"],"potions_floor_usage":[23],"damage_taken":[{"damage":0.0,"enemies":"2 Louse","floor":1.0,"turns":1.0},{"damage":0.0,"enemies":"Jaw Worm","floor":4.0,"turns":1.0},{"damage":0.0,"enemies":"Lagavulin","floor":6.0,"turns":1.0},{"damage":38.0,"enemies":"Gremlin Nob","floor":8.0,"turns":4.0},{"damage":0.0,"enemies":"Cultist","floor":10.0,"turns":2.0},{"damage":7.0,"enemies":"Lagavulin","floor":11.0,"turns":7.0},{"damage":0.0,"enemies":"3 Louse","floor":12.0,"turns":3.0},{"damage":13.0,"enemies":"Gremlin Nob","floor":13.0,"turns":4.0},{"damage":18.0,"enemies":"Hexaghost","floor":16.0,"turns":13.0},{"damage":0.0,"enemies":"Spheric Guardian","floor":18.0,"turns":4.0},{"damage":16.0,"enemies":"Shell Parasite","floor":21.0,"turns":8.0},{"damage":34.0,"enemies":"Shelled Parasite and Fungi","floor":22.0,"turns":4.0},{"damage":63,"enemies":"Book of Stabbing","floor":23,"turns":7}],"seed_played":"7645075428421666415","potions_obtained":[{"floor":1.0,"key":"Weak Potion"},{"floor":6.0,"key":"EssenceOfSteel"},{"floor":10.0,"key":"Ancient Potion"},{"floor":12.0,"key":"SpeedPotion"},{"floor":13.0,"key":"Ancient Potion"}],"is_trial":false,"path_per_floor":["M","?","?","M","?","E","R","E","T","M","E","M","E","$","R","B",null,"M","?","?","M","M","E"],"character_chosen":"DEFECT","items_purchased":["Apotheosis"],"campfire_rested":0,"item_purchase_floors":[14],"current_hp_per_floor":[64,57,57,57,57,57,57,19,19,19,19,26,27,27,27,29,66,78,78,78,78,74,11],"gold":90,"neow_bonus":"THREE_ENEMY_KILL","is_prod":false,"is_daily":false,"chose_seed":false,"campfire_upgraded":2,"win_rate":0,"timestamp":1544977800,"path_taken":["M","?","?","M","?","E","R","E","T","M","E","?","E","$","R","BOSS","M","?","?","M","M","E"],"build_version":"2018-12-13","purchased_purges":1,"victory":false,"max_hp_per_floor":[71,71,71,71,71,71,71,71,71,71,71,71,78,78,78,78,78,78,78,78,78,78,78],"card_choices":[{"not_picked":["Blizzard","Fusion"],"picked":"Compile Driver","floor":1.0},{"not_picked":["Tempest","Consume"],"picked":"Cold Snap","floor":4.0},{"not_picked":["Ball Lightning","Recycle"],"picked":"Cold Snap","floor":6.0},{"not_picked":["Genetic Algorithm","Leap"],"picked":"Cold Snap","floor":8.0},{"not_picked":["Reinforced Body","BootSequence"],"picked":"Self Repair","floor":10.0},{"not_picked":["Steam","Double Energy"],"picked":"Ball Lightning","floor":11.0},{"not_picked":["Loop","Cold Snap"],"picked":"Glacier","floor":12.0},{"not_picked":["Sweeping Beam","Hello World"],"picked":"Self Repair","floor":13.0},{"not_picked":["Multi-Cast","Core Surge"],"picked":"Echo Form","floor":16.0},{"not_picked":["Rip and Tear","Stack"],"picked":"Coolheaded+1","floor":18.0},{"not_picked":["Streamline","Beam Cell","Redo"],"picked":"SKIP","floor":21.0},{"not_picked":["Sweeping Beam","Hologram","Gash"],"picked":"SKIP","floor":22.0}],"player_experience":843489,"relics_obtained":[{"floor":6.0,"key":"Bag of Marbles"},{"floor":8.0,"key":"War Paint"},{"floor":9.0,"key":"Shuriken"},{"floor":11.0,"key":"Letter Opener"},{"floor":13.0,"key":"Strawberry"}],"event_choices":[{"cards_removed":["Strike_B"],"damage_healed":0.0,"max_hp_gain":0.0,"max_hp_loss":0.0,"gold_gain":0.0,"event_name":"Golden Wing","player_choice":"Card Removal","floor":2.0,"gold_loss":0.0,"damage_taken":7.0},{"damage_healed":0.0,"max_hp_gain":0.0,"max_hp_loss":0.0,"gold_gain":0.0,"event_name":"Living Wall","player_choice":"Grow","floor":3.0,"gold_loss":0.0,"damage_taken":0.0,"cards_upgraded":["Zap"]},{"damage_healed":0.0,"max_hp_gain":0.0,"max_hp_loss":0.0,"gold_gain":0.0,"event_name":"WeMeetAgain","player_choice":"Gave Potion","floor":5.0,"gold_loss":0.0,"damage_taken":0.0,"relics_obtained":["The Courier"]},{"damage_healed":0.0,"max_hp_gain":0.0,"max_hp_loss":0.0,"gold_gain":0.0,"event_name":"Ghosts","player_choice":"Ignored","floor":19.0,"gold_loss":0.0,"damage_taken":0.0},{"damage_healed":0.0,"max_hp_gain":0.0,"max_hp_loss":0.0,"gold_gain":0.0,"event_name":"Addict","player_choice":"Obtained Relic","floor":20.0,"gold_loss":85.0,"damage_taken":0.0,"relics_obtained":["Incense Burner"]}],"is_beta":true,"boss_relics":[{"not_picked":["Pandora\u0027s Box","Orrery"],"picked":"Coffee Dripper"}],"items_purged_floors":[14],"is_endless":false,"potions_floor_spawned":[1,6,10,12,13,18,21],"killed_by":"Book of Stabbing","ascension_level":19}