{"gold_per_floor":[118,118,136,136,29,29,60,60,86,86,113,37,2,2,2,132,195,216,316,335,34,58,58,96,109,133,133],"floor_reached":27,"playtime":1550,"items_purged":["Injury"],"score":332,"play_id":"80b2878a-ed7d-44a4-8a86-a199253b76b0","local_time":"20190203024026","is_ascension_mode":true,"campfire_choices":[{"data":"Neutralize","floor":6.0,"key":"SMITH"},{"data":"Noxious Fumes","floor":10.0,"key":"SMITH"},{"data":"Survivor","floor":15.0,"key":"SMITH"},{"floor":23,"key":"REST"}],"neow_cost":"NONE","seed_source_timestamp":308669199144691,"circlet_count":0,"master_deck":["Defend_G","Defend_G","Defend_G","Defend_G","Defend_G","Strike_G","Strike_G","Strike_G","Strike_G","Strike_G","Survivor+1","Neutralize+1","Poisoned Stab","Predator","Noxious Fumes+1","Quick Slash+1","Poisoned Stab","Backflip+1","Malaise+1","Dagger Spray","Outmaneuver+1","PiercingWail+1","Dodge and Roll+1","Caltrops","Backflip+1"],"special_seed":0,"relics":["Ring of the Snake","Ornamental Fan","Mummified Hand","Boot","Toxic Egg 2","Golden Idol","Tiny House","Sundial","Bag of Marbles"],"potions_floor_usage":[16,16,20,24,24,24],"damage_taken":[{"damage":0.0,"enemies":"2 Louse","floor":1.0,"turns":3.0},{"damage":0.0,"enemies":"Small Slimes","floor":3.0,"turns":4.0},{"damage":24.0,"enemies":"3 Sentries","floor":7.0,"turns":10.0},{"damage":7.0,"enemies":"Gremlin Nob","floor":11.0,"turns":4.0},{"damage":22,"enemies":"Slime Boss","floor":16,"turns":10},{"damage":16,"enemies":"3 Byrds","floor":18,"turns":5},{"damage":23,"enemies":"Spheric Guardian","floor":20,"turns":6},{"damage":14,"enemies":"Shelled Parasite and Fungi","floor":22,"turns":7},{"damage":11,"enemies":"Book of Stabbing","floor":24,"turns":8},{"damage":32,"enemies":"Chosen and Byrds","floor":25,"turns":6},{"damage":12,"enemies":"Slavers","floor":27,"turns":1}],"seed_played":"2718162589244851327","potions_obtained":[{"floor":3.0,"key":"Block Potion"},{"floor":7.0,"key":"Dexterity Potion"},{"floor":17,"key":"Fire Potion"},{"floor":20,"key":"Swift Potion"},{"floor":25,"key":"AttackPotion"}],"is_trial":false,"path_per_floor":["M","?","M","?","$","R","E","?","T","R","E","$","?","?","R","B",null,"M","?","M","$","M","R","E","M","T","E"],"character_chosen":"THE_SILENT","items_purchased":["Noxious Fumes","Quick Slash","EssenceOfSteel","Dodge and Roll+1","Caltrops","Regen Potion","PowerPotion"],"campfire_rested":1,"item_purchase_floors":[5,5,12,21,21,21,21],"current_hp_per_floor":[70,70,70,70,70,70,46,34,34,34,27,27,46,46,46,24,69,53,53,30,30,16,40,44,12,12,0],"gold":133,"neow_bonus":"TEN_PERCENT_HP_BONUS","is_prod":false,"is_daily":false,"chose_seed":false,"campfire_upgraded":3,"win_rate":0,"timestamp":1549190426,"path_taken":["M","?","M","?","$","R","E","?","T","R","E","$","?","?","R","BOSS","M","?","?","$","M","R","E","M","T","E"],"build_version":"2019-01-23","purchased_purges":1,"victory":false,"max_hp_per_floor":[77,77,77,77,77,77,77,77,77,77,77,77,77,77,77,77,82,82,82,82,82,82,82,82,82,82,82],"card_choices":[{"not_picked":["Outmaneuver","Calculated Gamble"],"picked":"Poisoned Stab","floor":1.0},{"not_picked":["Masterful Stab","Catalyst"],"picked":"Predator","floor":3.0},{"not_picked":["Skewer","All Out Attack"],"picked":"Poisoned Stab","floor":7.0},{"not_picked":["Deadly Poison","Acrobatics"],"picked":"Backflip","floor":11.0},{"not_picked":["Storm of Steel+1","Die Die Die"],"picked":"Malaise+1","floor":16},{"not_picked":["Eviscerate","Underhanded Strike"],"picked":"Dagger Spray","floor":17},{"not_picked":["Reflex+1","Deflect+1"],"picked":"Outmaneuver+1","floor":18},{"not_picked":["Predator","Terror+1"],"picked":"PiercingWail+1","floor":20},{"not_picked":["Outmaneuver+1","Deadly Poison+1","Dagger Spray"],"picked":"SKIP","floor":22},{"not_picked":["Riddle With Holes","Predator","Underhanded Strike"],"picked":"SKIP","floor":24},{"not_picked":["Setup+1","Predator"],"picked":"Backflip+1","floor":25}],"player_experience":416861,"relics_obtained":[{"floor":7.0,"key":"Ornamental Fan"},{"floor":9.0,"key":"Boot"},{"floor":11.0,"key":"Toxic Egg 2"},{"floor":24,"key":"Sundial"},{"floor":26,"key":"Bag of Marbles"}],"event_choices":[{"damage_healed":0.0,"max_hp_gain":0.0,"max_hp_loss":0.0,"gold_gain":0.0,"event_name":"Golden Wing","player_choice":"Ignored","floor":2.0,"gold_loss":0.0,"damage_taken":0.0},{"damage_healed":0.0,"max_hp_gain":0.0,"max_hp_loss":0.0,"gold_gain":0.0,"event_name":"Shining Light","player_choice":"Ignored","floor":4.0,"gold_loss":0.0,"damage_taken":0.0},{"damage_healed":0.0,"max_hp_gain":0.0,"max_hp_loss":0.0,"gold_gain":0.0,"event_name":"Scrap Ooze","player_choice":"Success","floor":8.0,"gold_loss":0.0,"damage_taken":12.0,"relics_obtained":["Mummified Hand"]},{"damage_healed":19.0,"max_hp_gain":0.0,"max_hp_loss":0.0,"gold_gain":0.0,"event_name":"The Cleric","player_choice":"Healed","floor":13.0,"gold_loss":35.0,"damage_taken":0.0},{"damage_healed":0.0,"max_hp_gain":0.0,"max_hp_loss":0.0,"gold_gain":0.0,"event_name":"Golden Idol","player_choice":"Take Wound","floor":14.0,"gold_loss":0.0,"damage_taken":0.0,"relics_obtained":["Golden Idol"],"cards_obtained":["Injury"]},{"damage_healed":0,"gold_gain":100,"player_choice":"Pray","damage_taken":0,"max_hp_gain":0,"max_hp_loss":0,"event_name":"Golden Shrine","floor":19,"gold_loss":0}],"is_beta":false,"boss_relics":[{"not_picked":["WristBlade","Snecko Eye"],"picked":"Tiny House"}],"items_purged_floors":[21],"is_endless":false,"potions_floor_spawned":[3,7,20,22,25],"killed_by":"Slavers","ascension_level":8}