{"gold_per_floor":[112,112,132,148,158,188,203,229,276,286,32,57,57,75,75,75],"floor_reached":16,"playtime":896,"items_purged":["Regret"],"score":114,"play_id":"208a2461-bb5e-410b-9e54-1e123dd1cdfc","local_time":"20180927065615","is_ascension_mode":false,"campfire_choices":[{"data":"Catalyst","floor":13,"key":"SMITH"},{"data":"Crippling Poison","floor":15,"key":"SMITH"}],"neow_cost":"","seed_source_timestamp":774968857314623,"circlet_count":0,"master_deck":["Defend_G+1","Defend_G","Defend_G","Defend_G+1","Defend_G","Strike_G","Strike_G","Strike_G","Strike_G","Strike_G","Survivor","Neutralize","Crippling Poison+1","Bane+1","Predator+1","Heel Hook+1","Catalyst+1","Corpse Explosion","PiercingWail","Dash+1","Escape Plan","Terror","Dagger Spray+1"],"relics":["Ring of the Snake","Molten Egg 2","Gremlin Horn","Odd Mushroom","War Paint","Vajra","Smiling Mask"],"potions_floor_usage":[6,8],"damage_taken":[{"damage":0,"enemies":"Jaw Worm","floor":1,"turns":6},{"damage":0,"enemies":"2 Louse","floor":3,"turns":2},{"damage":4,"enemies":"Cultist","floor":4,"turns":3},{"damage":6,"enemies":"2 Fungi Beasts","floor":5,"turns":3},{"damage":25,"enemies":"3 Sentries","floor":6,"turns":8},{"damage":8,"enemies":"Large Slime","floor":7,"turns":5},{"damage":3,"enemies":"The Mushroom Lair","floor":8,"turns":5},{"damage":7,"enemies":"Blue Slaver","floor":10,"turns":3},{"damage":2,"enemies":"Lagavulin","floor":12,"turns":5},{"damage":0,"enemies":"Exordium Thugs","floor":14,"turns":3},{"damage":20,"enemies":"Slime Boss","floor":16,"turns":4}],"seed_played":"-7800799736109644066","potions_obtained":[{"floor":3,"key":"Swift Potion"},{"floor":6,"key":"SkillPotion"},{"floor":10,"key":"Dexterity Potion"}],"is_trial":false,"path_per_floor":["M","?","M","M","M","E","M","?","T","M","$","E","R","M","R"],"character_chosen":"THE_SILENT","items_purchased":["Vajra","Escape Plan"],"campfire_rested":0,"item_purchase_floors":[11,11],"current_hp_per_floor":[70,70,70,66,60,35,27,24,24,17,17,15,15,15,15,0],"gold":75,"neow_bonus":"","is_prod":false,"is_daily":false,"chose_seed":false,"campfire_upgraded":2,"win_rate":0,"timestamp":1538006175,"path_taken":["M","?","?","M","M","E","M","?","T","?","$","E","R","M","R","BOSS"],"build_version":"2018-09-20","purchased_purges":1,"victory":false,"max_hp_per_floor":[70,70,70,70,70,70,70,70,70,70,70,70,70,70,70,70],"card_choices":[{"not_picked":["Outmaneuver","Slice"],"picked":"Crippling Poison","floor":1},{"not_picked":["Slice+1","Reflex"],"picked":"Bane+1","floor":3},{"not_picked":["Dagger Throw+1","Backflip"],"picked":"Predator+1","floor":4},{"not_picked":["Concentrate","Calculated Gamble"],"picked":"Heel Hook+1","floor":5},{"not_picked":["Poisoned Stab+1","Distraction"],"picked":"Catalyst","floor":6},{"not_picked":["Acrobatics","Flying Knee+1"],"picked":"Corpse Explosion","floor":7},{"not_picked":["Calculated Gamble","Outmaneuver"],"picked":"PiercingWail","floor":8},{"not_picked":["Footwork","Riddle With Holes+1"],"picked":"Dash+1","floor":10},{"not_picked":["Accuracy","Poisoned Stab+1"],"picked":"Terror","floor":12},{"not_picked":["Choke+1","Acrobatics"],"picked":"Dagger Spray+1","floor":14}],"player_experience":198645,"relics_obtained":[{"floor":6,"key":"Gremlin Horn"},{"floor":8,"key":"Odd Mushroom"},{"floor":9,"key":"War Paint"},{"floor":12,"key":"Smiling Mask"}],"event_choices":[{"event_name":"Big Fish","player_choice":"Box","floor":2,"damage_taken":0},{"event_name":"Mushrooms","player_choice":"Fought Mushrooms","floor":8,"damage_taken":0}],"is_beta":false,"boss_relics":[],"items_purged_floors":[11],"is_endless":false,"potions_floor_spawned":[3,6,10],"killed_by":"Slime Boss","ascension_level":0}