{"gold_per_floor":[116,291,291,310,310,310,342,342,387,405,405,63,63,63,63,160,160,177,193,208,122,138,138,148,148,171,187,201,216,56,56,56,156,156,175,186,123,123,25,58,17,17,17,17,17,17,50,66,66,66],"floor_reached":50,"playtime":4187,"items_purged":["Strike_G","Strike_G","Defend_G","Defend_G"],"score":548,"play_id":"6180a218-92a6-4859-9568-4769dfd88474","local_time":"20180925054028","is_ascension_mode":false,"campfire_choices":[{"data":"Neutralize","floor":6,"key":"SMITH"},{"data":"Cloak And Dagger","floor":8,"key":"SMITH"},{"data":"Escape Plan","floor":11,"key":"SMITH"},{"data":"Calculated Gamble","floor":15,"key":"SMITH"},{"data":"Envenom","floor":23,"key":"SMITH"},{"data":"Storm of Steel","floor":25,"key":"SMITH"},{"data":"Acrobatics","floor":32,"key":"SMITH"},{"data":"Backflip","floor":42,"key":"SMITH"},{"data":"1","floor":46,"key":"LIFT"},{"data":"2","floor":49,"key":"LIFT"}],"neow_cost":"","seed_source_timestamp":594328660247004,"circlet_count":0,"master_deck":["Defend_G","Defend_G","Defend_G","Strike_G","Strike_G","Survivor","Neutralize+1","Heel Hook","Doubt","Cloak And Dagger+1","Clumsy","Acrobatics+1","Escape Plan+1","Calculated Gamble+1","Caltrops","Backflip+1","Storm of Steel+1","Dagger Throw","Slice+1","Envenom+1","Cloak And Dagger","Backflip","Deflect","Distraction+1","Heel Hook","Catalyst+1","Choke+1","Accuracy+1","Storm of Steel+1","Burst+1","Acrobatics+1","Outmaneuver","Dodge and Roll","Dodge and Roll","Accuracy+1","Deflect","Footwork+1","Bouncing Flask+1"],"relics":["Ring of the Snake","Tingsha","Bronze Scales","Art of War","Membership Card","Ginger","Runic Pyramid","Ancient Tea Set","Frozen Egg 2","Coffee Dripper","Gremlin Horn","Girya","Gambling Chip","Calipers"],"potions_floor_usage":[7,16,22,33,50],"damage_taken":[{"damage":0,"enemies":"Jaw Worm","floor":1,"turns":3},{"damage":10,"enemies":"2 Louse","floor":4,"turns":3},{"damage":34,"enemies":"3 Sentries","floor":7,"turns":16},{"damage":0,"enemies":"Small Slimes","floor":10,"turns":4},{"damage":3,"enemies":"The Guardian","floor":16,"turns":10},{"damage":0,"enemies":"Chosen","floor":18,"turns":3},{"damage":0,"enemies":"Spheric Guardian","floor":19,"turns":3},{"damage":5,"enemies":"Centurion and Healer","floor":20,"turns":6},{"damage":10,"enemies":"Chosen and Byrds","floor":22,"turns":4},{"damage":14,"enemies":"3 Cultists","floor":24,"turns":5},{"damage":0,"enemies":"Cultist and Chosen","floor":27,"turns":4},{"damage":1,"enemies":"Snecko","floor":28,"turns":5},{"damage":5,"enemies":"Shelled Parasite and Fungi","floor":29,"turns":3},{"damage":2,"enemies":"Automaton","floor":33,"turns":8},{"damage":0,"enemies":"Orb Walker","floor":35,"turns":3},{"damage":18,"enemies":"3 Darklings","floor":36,"turns":3},{"damage":32,"enemies":"Nemesis","floor":40,"turns":11},{"damage":0,"enemies":"Mind Bloom Boss Battle","floor":45,"turns":4},{"damage":14,"enemies":"2 Orb Walkers","floor":47,"turns":3},{"damage":0,"enemies":"Transient","floor":48,"turns":5},{"damage":58,"enemies":"Time Eater","floor":50,"turns":5}],"seed_played":"-8838715434245287589","potions_obtained":[{"floor":1,"key":"Regen Potion"},{"floor":7,"key":"GamblersBrew"},{"floor":18,"key":"Ancient Potion"},{"floor":22,"key":"Fruit Juice"},{"floor":27,"key":"GhostInAJar"},{"floor":29,"key":"SmokeBomb"},{"floor":45,"key":"AttackPotion"}],"is_trial":false,"path_per_floor":["M","?","?","M","?","R","E","R","T","M","R","$","?","T","R","B",null,"M","M","M","$","M","R","M","R","T","M","M","M","$","?","R","B",null,"M","M","$","?","$","E","$","R","T","?","?","R","E","M","R"],"character_chosen":"THE_SILENT","items_purchased":["Calculated Gamble","Membership Card","Caltrops","Backflip","Cloak And Dagger","Backflip","Frozen Egg 2","Accuracy+1","Dodge and Roll","Accuracy+1"],"campfire_rested":0,"item_purchase_floors":[12,12,12,12,21,21,30,30,39,41],"current_hp_per_floor":[70,70,70,60,60,60,41,41,41,41,41,41,34,34,34,31,70,70,70,65,65,60,60,46,46,46,46,45,40,40,40,40,38,75,75,57,57,57,57,25,25,25,25,66,66,66,52,52,52,0],"gold":66,"neow_bonus":"","is_prod":false,"is_daily":false,"chose_seed":false,"campfire_upgraded":8,"win_rate":0,"timestamp":1537828828,"path_taken":["M","?","?","?","?","R","E","R","T","M","R","$","?","?","R","BOSS","M","M","M","$","M","R","M","R","T","M","M","M","$","?","R","BOSS","M","M","$","?","$","E","$","R","T","?","?","R","E","M","R","BOSS"],"build_version":"2018-09-20","purchased_purges":4,"victory":false,"max_hp_per_floor":[70,70,70,70,70,70,70,70,70,70,70,70,70,70,70,70,70,70,70,70,70,75,75,75,75,75,75,75,75,75,75,75,75,75,75,75,75,75,75,75,75,75,75,66,66,66,66,66,66,66],"card_choices":[{"not_picked":["All Out Attack","Dodge and Roll"],"picked":"Heel Hook","floor":1},{"not_picked":["Slice","Tactician"],"picked":"Cloak And Dagger","floor":4},{"not_picked":["Blade Dance","Masterful Stab"],"picked":"Acrobatics","floor":7},{"not_picked":["Poisoned Stab","Blade Dance"],"picked":"Escape Plan","floor":10},{"not_picked":["Wraith Form v2","Doppelganger"],"picked":"Storm of Steel","floor":16},{"not_picked":["Sucker Punch","Quick Slash"],"picked":"Dagger Throw","floor":18},{"not_picked":["Endless Agony+1","Backflip"],"picked":"Slice+1","floor":19},{"not_picked":["Backflip+1","Dagger Throw+1"],"picked":"Envenom","floor":20},{"not_picked":["Underhanded Strike","Sucker Punch"],"picked":"Deflect","floor":22},{"not_picked":["Blade Dance","Caltrops"],"picked":"Distraction+1","floor":24},{"not_picked":["Sucker Punch","Bane"],"picked":"Heel Hook","floor":27},{"not_picked":["Dagger Spray","Blade Dance"],"picked":"Catalyst+1","floor":28},{"not_picked":["Caltrops","Deflect"],"picked":"Choke+1","floor":29},{"not_picked":["Wraith Form v2+1","Storm of Steel"],"picked":"Burst","floor":33},{"not_picked":["Poisoned Stab+1","Cloak And Dagger"],"picked":"Acrobatics+1","floor":35},{"not_picked":["Crippling Poison+1","Catalyst+1"],"picked":"Outmaneuver","floor":36},{"not_picked":["Grand Finale","Endless Agony"],"picked":"Dodge and Roll","floor":40},{"not_picked":["Dagger Throw","All Out Attack+1"],"picked":"Deflect","floor":45},{"not_picked":["Concentrate+1","Wraith Form v2+1"],"picked":"Footwork+1","floor":47},{"not_picked":["Bane","Dagger Throw"],"picked":"Bouncing Flask+1","floor":48}],"player_experience":114120,"relics_obtained":[{"floor":7,"key":"Bronze Scales"},{"floor":9,"key":"Art of War"},{"floor":14,"key":"Ginger"},{"floor":26,"key":"Ancient Tea Set"},{"floor":40,"key":"Gremlin Horn"},{"floor":43,"key":"Girya"},{"floor":45,"key":"Gambling Chip"},{"floor":47,"key":"Calipers"}],"event_choices":[{"event_name":"Liars Game","player_choice":"agreed","floor":2,"damage_taken":0},{"event_name":"Big Fish","player_choice":"Box","floor":3,"damage_taken":0},{"event_name":"Living Wall","player_choice":"Change","floor":5,"damage_taken":0},{"event_name":"Golden Wing","player_choice":"Card Removal","floor":13,"damage_taken":0},{"event_name":"Duplicator","player_choice":"One dupe","floor":31,"damage_taken":0},{"event_name":"Upgrade Shrine","player_choice":"Upgraded","floor":38,"damage_taken":0},{"event_name":"The Moai Head","player_choice":"Heal","floor":44,"damage_taken":0},{"event_name":"MindBloom","player_choice":"Fight","floor":45,"damage_taken":0}],"is_beta":false,"boss_relics":[{"not_picked":["Orrery","Cursed Key"],"picked":"Runic Pyramid"},{"not_picked":["Black Star","Snecko Eye"],"picked":"Coffee Dripper"}],"items_purged_floors":[12,21,37,39],"is_endless":false,"potions_floor_spawned":[1,7,18,22,27,29,45],"killed_by":"Time Eater","ascension_level":0}