{"gold_per_floor":[111,121,135,135,7,32,32,32,78,78,103,123,198,216,216,321,321,332,431,50,60,60,60,92,104,104,135,151,151,151,163,163,266,266,280,280,295,295,295],"floor_reached":39,"playtime":3399,"items_purged":[],"score":551,"play_id":"2d622277-cc58-417d-947a-1a3ca631ea4e","local_time":"20190127113544","is_ascension_mode":true,"campfire_choices":[{"data":"Go for the Eyes","floor":8.0,"key":"SMITH"},{"data":"White Noise","floor":10.0,"key":"SMITH"},{"data":"Defragment","floor":15.0,"key":"SMITH"},{"data":"Blind","floor":23.0,"key":"SMITH"},{"data":"Loop","floor":30.0,"key":"SMITH"},{"data":"Defragment","floor":32.0,"key":"SMITH"}],"neow_cost":"NONE","seed_source_timestamp":295748119527158,"circlet_count":0,"master_deck":["Strike_B","Strike_B","Strike_B","Strike_B","Defend_B","Defend_B","Defend_B","Defend_B","Zap+1","Dualcast","Conserve Battery","Hologram","Go for the Eyes+1","Defragment+1","Ball Lightning","Defragment+1","White Noise+1","Consume","Steam","Biased Cognition","Cold Snap","Self Repair","Master of Strategy","Blind+1","Loop+1","Hologram","Doom and Gloom","Fission+1","Echo Form+1"],"special_seed":0,"relics":["Cracked Core","Anchor","Happy Flower","Vajra","Eternal Feather","Singing Bowl","Toxic Egg 2","Molten Egg 2","Cursed Key"],"potions_floor_usage":[],"damage_taken":[{"damage":0.0,"enemies":"Cultist","floor":1.0,"turns":3.0},{"damage":7.0,"enemies":"2 Louse","floor":2.0,"turns":2.0},{"damage":10.0,"enemies":"Small Slimes","floor":3.0,"turns":4.0},{"damage":16.0,"enemies":"Gremlin Nob","floor":6.0,"turns":4.0},{"damage":5.0,"enemies":"Lagavulin","floor":11.0,"turns":7.0},{"damage":0.0,"enemies":"Blue Slaver","floor":12.0,"turns":4.0},{"damage":0.0,"enemies":"Large Slime","floor":14.0,"turns":3.0},{"damage":16.0,"enemies":"Hexaghost","floor":16.0,"turns":7.0},{"damage":13.0,"enemies":"3 Byrds","floor":18.0,"turns":4.0},{"damage":0.0,"enemies":"Chosen","floor":21.0,"turns":5.0},{"damage":0.0,"enemies":"Book of Stabbing","floor":24.0,"turns":6.0},{"damage":17.0,"enemies":"Snake Plant","floor":25.0,"turns":4.0},{"damage":27.0,"enemies":"Slavers","floor":27.0,"turns":5.0},{"damage":16.0,"enemies":"Chosen and Byrds","floor":28.0,"turns":7.0},{"damage":17.0,"enemies":"Snecko","floor":31.0,"turns":4.0},{"damage":35.0,"enemies":"Champ","floor":33.0,"turns":11.0},{"damage":21.0,"enemies":"Orb Walker","floor":35.0,"turns":5.0},{"damage":57,"enemies":"3 Darklings","floor":37,"turns":6},{"damage":27,"enemies":"Sphere and 2 Shapes","floor":39,"turns":3}],"seed_played":"-6950046733659460317","potions_obtained":[{"floor":2.0,"key":"Poison Potion"},{"floor":3.0,"key":"Block Potion"},{"floor":14.0,"key":"EssenceOfSteel"},{"floor":21.0,"key":"EssenceOfSteel"},{"floor":24.0,"key":"Fire Potion"},{"floor":37,"key":"Dexterity Potion"}],"is_trial":false,"path_per_floor":["M","M","M","?","$","E","$","R","T","R","E","M","?","M","R","B",null,"M","?","$","M","?","R","E","M","T","E","M","?","R","M","R","B",null,"M","?","M","?","M"],"character_chosen":"DEFECT","items_purchased":["Ball Lightning","Defragment","Self Repair","Master of Strategy","Block Potion","Blind"],"campfire_rested":0,"item_purchase_floors":[5,5,20,20,20,20],"current_hp_per_floor":[75,68,58,58,58,42,42,42,42,42,37,37,26,26,26,10,75,62,62,62,69,69,75,75,65,65,45,38,38,53,45,60,32,79,74,74,26,26,0],"gold":295,"neow_bonus":"THREE_CARDS","is_prod":false,"is_daily":false,"chose_seed":false,"campfire_upgraded":6,"win_rate":0,"timestamp":1548617744,"path_taken":["M","M","M","?","$","E","$","R","T","R","E","M","?","M","R","BOSS","M","?","$","M","?","R","E","M","T","E","M","?","R","M","R","BOSS","M","?","?","?","M"],"build_version":"2019-01-23","purchased_purges":0,"victory":false,"max_hp_per_floor":[75,75,75,75,75,75,75,75,75,75,75,75,75,75,75,75,75,75,75,75,75,75,75,75,75,75,75,77,77,77,79,79,79,79,81,81,83,83,83],"card_choices":[{"not_picked":["Steam","Storm"],"picked":"Conserve Battery","floor":0.0},{"not_picked":["Turbo","Conserve Battery"],"picked":"Hologram","floor":1.0},{"not_picked":["Rebound","Leap"],"picked":"Go for the Eyes","floor":2.0},{"not_picked":["Recycle","Electrodynamics"],"picked":"Defragment","floor":3.0},{"not_picked":["Hologram","Double Energy"],"picked":"White Noise","floor":6.0},{"not_picked":["Go for the Eyes","Lockon"],"picked":"Consume","floor":11.0},{"not_picked":["Fusion","Streamline"],"picked":"Steam","floor":12.0},{"not_picked":["Double Energy","Beam Cell","White Noise"],"picked":"SKIP","floor":14.0},{"not_picked":["Thunder Strike","Seek"],"picked":"Biased Cognition","floor":16.0},{"not_picked":["Hologram","Beam Cell"],"picked":"Cold Snap","floor":18.0},{"not_picked":["Redo","Genetic Algorithm"],"picked":"Loop","floor":21.0},{"not_picked":["Static Discharge","Genetic Algorithm"],"picked":"Hologram","floor":24.0},{"not_picked":["Lockon","Beam Cell"],"picked":"Doom and Gloom","floor":25.0},{"not_picked":["Compile Driver","Reprogram+1"],"picked":"Fission+1","floor":27.0},{"not_picked":["Scrape+1","Force Field+1","Sunder+1"],"picked":"Singing Bowl","floor":28.0},{"not_picked":["Compile Driver+1","Turbo+1","Chill+1"],"picked":"Singing Bowl","floor":31.0},{"not_picked":["Seek+1","Amplify+1"],"picked":"Echo Form","floor":33.0},{"not_picked":["Hologram+1","Rebound+1","Barrage+1"],"picked":"Singing Bowl","floor":35.0},{"not_picked":["Compile Driver+1","Sweeping Beam+1","Beam Cell+1"],"picked":"Singing Bowl","floor":37}],"player_experience":384745,"relics_obtained":[{"floor":6.0,"key":"Anchor"},{"floor":9.0,"key":"Happy Flower"},{"floor":11.0,"key":"Vajra"},{"floor":24.0,"key":"Singing Bowl"},{"floor":26.0,"key":"Toxic Egg 2"},{"floor":27.0,"key":"Molten Egg 2"}],"event_choices":[{"damage_healed":0.0,"max_hp_gain":0.0,"max_hp_loss":0.0,"gold_gain":0.0,"event_name":"Living Wall","player_choice":"Grow","floor":4.0,"gold_loss":0.0,"damage_taken":0.0,"cards_upgraded":["Zap"]},{"damage_healed":0.0,"max_hp_gain":0.0,"max_hp_loss":0.0,"gold_gain":75.0,"event_name":"World of Goop","player_choice":"Gather Gold","floor":13.0,"gold_loss":0.0,"damage_taken":11.0},{"damage_healed":0.0,"max_hp_gain":0.0,"max_hp_loss":0.0,"gold_gain":99.0,"event_name":"Nest","player_choice":"Stole From Cult","floor":19.0,"gold_loss":0.0,"damage_taken":0.0},{"damage_healed":0.0,"max_hp_gain":0.0,"max_hp_loss":0.0,"gold_gain":0.0,"event_name":"Cursed Tome","player_choice":"Ignored","floor":29.0,"gold_loss":0.0,"damage_taken":0.0},{"damage_healed":0.0,"max_hp_gain":0.0,"max_hp_loss":0.0,"gold_gain":0.0,"event_name":"Upgrade Shrine","player_choice":"Upgraded","floor":36.0,"gold_loss":0.0,"damage_taken":0.0,"cards_upgraded":["Echo Form"]},{"damage_healed":0,"gold_gain":0,"player_choice":"Ignored","damage_taken":0,"max_hp_gain":0,"max_hp_loss":0,"event_name":"Tomb of Lord Red Mask","floor":38,"gold_loss":0}],"is_beta":false,"boss_relics":[{"not_picked":["White Beast Statue","Runic Dome"],"picked":"Eternal Feather"},{"not_picked":["Calling Bell","Fusion Hammer"],"picked":"Cursed Key"}],"items_purged_floors":[],"is_endless":false,"potions_floor_spawned":[2,3,14,21,24,37],"killed_by":"Sphere and 2 Shapes","ascension_level":3}