{"path_per_floor":["M","M","?","M","?","E","R","M","T","?","M","E","M","M","R","B",null,"M","$","?","M","M","R","$","?","T","E","R","?","M","E","R"],"character_chosen":"DEFECT","items_purchased":["Potion Belt","Self Repair","Membership Card"],"gold_per_floor":[110,128,128,138,138,181,181,202,202,202,223,262,276,299,299,428,428,448,26,26,40,59,59,59,59,59,97,97,97,115,151,151,151],"floor_reached":33,"campfire_rested":4,"playtime":1031,"current_hp_per_floor":[75,75,75,75,57,31,68,63,63,63,63,57,57,57,57,17,75,25,25,25,30,24,52,52,52,52,3,33,33,24,24,52,0],"items_purged":[],"gold":151,"score":337,"play_id":"4c202e0f-329a-4096-9344-f4819a7799f3","local_time":"20180515214715","is_prod":false,"is_daily":false,"chose_seed":false,"is_ascension_mode":true,"campfire_upgraded":1,"timestamp":1526392035,"path_taken":["M","M","?","M","?","E","R","?","T","?","?","E","?","M","R","BOSS","M","$","?","M","M","R","$","?","T","E","R","?","?","E","R","BOSS"],"build_version":"2018-05-14v2","seed_source_timestamp":244671580123639,"purchased_purges":0,"victory":false,"master_deck":["Defend_B","Defend_B","Defend_B","Defend_B","Zap+1","Dualcast","Axe Kick","Rebound","Cold Snap","Sunder","Hello World","Beam Cell","Sunder","Electrodynamics+1","Beam Cell","Thunder Strike","Self Repair","Bite","Bite","Bite","Bite","Bite","Ball Lightning","Static Discharge+1","Self Repair+1"],"max_hp_per_floor":[75,75,75,75,75,75,75,75,75,75,75,75,75,75,75,75,75,75,75,52,52,52,52,52,52,52,52,52,52,52,52,52,52],"relics":["Cracked Core","Vajra","Golden Idol","Regal Pillow","Shuriken","Ginger","White Beast Statue","Potion Belt","Membership Card","Toxic Egg 2","Ornamental Fan","Molten Egg 2"],"card_choices":[{"not_picked":["Scrape","Heatsinks","Stack"],"picked":"SKIP","floor":1},{"not_picked":["Darkness","Stack"],"picked":"Axe Kick","floor":2},{"not_picked":["Skim","Coolheaded"],"picked":"Rebound","floor":4},{"not_picked":["BootSequence","Sweeping Beam"],"picked":"Cold Snap","floor":6},{"not_picked":["Axe Kick","Loop"],"picked":"Sunder","floor":8},{"not_picked":["Reprogram","Sweeping Beam"],"picked":"Beam Cell","floor":11},{"not_picked":["Coolheaded","Turbo"],"picked":"Sunder","floor":12},{"not_picked":["Reinforced Body","Turbo"],"picked":"Electrodynamics","floor":13},{"not_picked":["Genetic Algorithm","Hello World"],"picked":"Beam Cell","floor":14},{"not_picked":["Meteor Strike","All For One"],"picked":"Thunder Strike","floor":16},{"not_picked":["Cold Snap","Stack","Leap"],"picked":"SKIP","floor":18},{"not_picked":["Leap","Streamline","Genetic Algorithm+1"],"picked":"SKIP","floor":21},{"not_picked":["Streamline","Cold Snap"],"picked":"Ball Lightning","floor":22},{"not_picked":["Sweeping Beam","Beam Cell","Conserve Battery+1"],"picked":"SKIP","floor":27},{"not_picked":["Turbo+1","Reprogram+1"],"picked":"Static Discharge+1","floor":30},{"not_picked":["Echo Form","Cold Snap+1"],"picked":"Self Repair+1","floor":31}],"player_experience":38833,"potions_floor_usage":[18,18,21,21,21,27,30,30,31,33,33],"damage_taken":[{"damage":0,"enemies":"2 Louse","floor":1,"turns":2},{"damage":0,"enemies":"Cultist","floor":2,"turns":3},{"damage":0,"enemies":"Small Slimes","floor":4,"turns":2},{"damage":26,"enemies":"Lagavulin","floor":6,"turns":5},{"damage":5,"enemies":"Looter","floor":8,"turns":2},{"damage":0,"enemies":"Exordium Wildlife","floor":11,"turns":1},{"damage":6,"enemies":"3 Sentries","floor":12,"turns":3},{"damage":0,"enemies":"Lots of Slimes","floor":13,"turns":3},{"damage":0,"enemies":"Large Slime","floor":14,"turns":4},{"damage":40,"enemies":"Hexaghost","floor":16,"turns":9},{"damage":50,"enemies":"3 Byrds","floor":18,"turns":6},{"damage":10,"enemies":"Chosen","floor":21,"turns":3},{"damage":23,"enemies":"Centurion and Healer","floor":22,"turns":6},{"damage":51,"enemies":"Book of Stabbing","floor":27,"turns":4},{"damage":15,"enemies":"Snecko","floor":30,"turns":3},{"damage":23,"enemies":"Gremlin Leader","floor":31,"turns":6},{"damage":77,"enemies":"Champ","floor":33,"turns":7}],"relics_obtained":[{"floor":6,"key":"Regal Pillow"},{"floor":9,"key":"Shuriken"},{"floor":12,"key":"Ginger"},{"floor":26,"key":"Toxic Egg 2"},{"floor":27,"key":"Ornamental Fan"},{"floor":31,"key":"Molten Egg 2"}],"event_choices":[{"event_name":"Accursed Blacksmith","player_choice":"Forge","floor":3,"damage_taken":0},{"event_name":"Golden Idol","player_choice":"Take Damage","floor":5,"damage_taken":0},{"event_name":"Living Wall","player_choice":"Change","floor":10,"damage_taken":0},{"event_name":"Vampires","player_choice":"Became a vampire","floor":20,"damage_taken":0},{"event_name":"Beggar","player_choice":"Ignored","floor":25,"damage_taken":0},{"event_name":"Drug Dealer","player_choice":"Ignored","floor":29,"damage_taken":0}],"boss_relics":[{"not_picked":["Black Star","Velvet Choker"],"picked":"White Beast Statue"}],"potions_floor_spawned":[1,11,12,13,14,18,21,22,27,30,31],"seed_played":"-2958395452731329","killed_by":"Champ","ascension_level":1,"potions_obtained":[{"floor":1,"key":"FearPotion"},{"floor":11,"key":"Energy Potion"},{"floor":12,"key":"Dexterity Potion"},{"floor":18,"key":"EntropicBrew"},{"floor":21,"key":"FearPotion"},{"floor":22,"key":"Strength Potion"},{"floor":27,"key":"Fire Potion"},{"floor":30,"key":"PowerPotion"},{"floor":31,"key":"Fire Potion"}],"is_trial":false}