{"gold_per_floor":[118,42,61,61,81,81,94,60,131,156,167,200,200,219,219,314,314,334,84,101,111,11,11,21,347,374,401,414,414,442,8,8,106,106,119,119,14,14,27,27,44,44,44,56,56,76,76,89,89,89],"floor_reached":51,"playtime":5279,"items_purged":["Strike_G","Defend_G","Defend_G"],"score":788,"play_id":"cf16aa79-d942-4051-af0f-c24d55190f8e","local_time":"20190227220507","is_ascension_mode":true,"campfire_choices":[{"data":"Footwork","floor":6.0,"key":"SMITH"},{"data":"Tools of the Trade","floor":13.0,"key":"SMITH"},{"data":"Footwork","floor":15.0,"key":"SMITH"},{"data":"Noxious Fumes","floor":23.0,"key":"SMITH"},{"data":"Adrenaline","floor":29.0,"key":"SMITH"},{"floor":32.0,"key":"REST"},{"data":"Night Terror","floor":40.0,"key":"SMITH"},{"floor":45.0,"key":"REST"},{"floor":47.0,"key":"REST"},{"floor":49.0,"key":"REST"}],"neow_cost":"NONE","seed_source_timestamp":0,"circlet_count":0,"master_deck":["Defend_G","Defend_G","Defend_G","Strike_G","Strike_G","Strike_G","Strike_G","Survivor","Neutralize+1","Dagger Spray","Well Laid Plans","Footwork+1","Flying Knee+1","Tools of the Trade+1","Footwork+1","Poisoned Stab","Blade Dance","Noxious Fumes+1","Backflip","Die Die Die+1","Predator+1","Footwork","Dodge and Roll","Backstab","Deadly Poison+1","Backflip+1","Cloak And Dagger","Sucker Punch+1","Adrenaline+1","Reflex","Deadly Poison","Accuracy","PiercingWail","Night Terror+1","Writhe","Noxious Fumes+1","Catalyst+1"],"special_seed":0,"relics":["Ring of the Snake","Mummified Hand","Potion Belt","Pen Nib","Sozu","Old Coin","Vajra","Question Card","Whetstone","Bag of Preparation","Lizard Tail","Dodecahedron","Bag of Marbles"],"potions_floor_usage":[],"damage_taken":[{"damage":0.0,"enemies":"Cultist","floor":1.0,"turns":4.0},{"damage":0.0,"enemies":"Small Slimes","floor":3.0,"turns":4.0},{"damage":0.0,"enemies":"Jaw Worm","floor":5.0,"turns":6.0},{"damage":5.0,"enemies":"Lots of Slimes","floor":7.0,"turns":3.0},{"damage":1.0,"enemies":"Lagavulin","floor":10.0,"turns":8.0},{"damage":6.0,"enemies":"Large Slime","floor":11.0,"turns":7.0},{"damage":10.0,"enemies":"3 Sentries","floor":12.0,"turns":9.0},{"damage":0.0,"enemies":"Blue Slaver","floor":14.0,"turns":3.0},{"damage":12.0,"enemies":"Slime Boss","floor":16.0,"turns":11.0},{"damage":1.0,"enemies":"Spheric Guardian","floor":18.0,"turns":4.0},{"damage":0.0,"enemies":"Chosen","floor":20.0,"turns":4.0},{"damage":25.0,"enemies":"Shelled Parasite and Fungi","floor":21.0,"turns":4.0},{"damage":0.0,"enemies":"Snecko","floor":24.0,"turns":5.0},{"damage":2.0,"enemies":"Book of Stabbing","floor":25.0,"turns":5.0},{"damage":0.0,"enemies":"Gremlin Leader","floor":27.0,"turns":7.0},{"damage":3.0,"enemies":"Snake Plant","floor":28.0,"turns":4.0},{"damage":8.0,"enemies":"Book of Stabbing","floor":30.0,"turns":4.0},{"damage":12.0,"enemies":"Collector","floor":33.0,"turns":7.0},{"damage":15.0,"enemies":"3 Darklings","floor":35.0,"turns":3.0},{"damage":12.0,"enemies":"3 Shapes","floor":39.0,"turns":2.0},{"damage":5.0,"enemies":"Transient","floor":41.0,"turns":5.0},{"damage":27.0,"enemies":"3 Darklings","floor":44.0,"turns":5.0},{"damage":16.0,"enemies":"Jaw Worm Horde","floor":46.0,"turns":3.0},{"damage":17.0,"enemies":"4 Shapes","floor":48.0,"turns":2.0},{"damage":80,"enemies":"Awakened One","floor":50,"turns":12}],"seed_played":"-5203482052807533631","potions_obtained":[{"floor":7.0,"key":"FearPotion"},{"floor":12.0,"key":"Swift Potion"},{"floor":14.0,"key":"Swift Potion"},{"floor":16.0,"key":"Poison Potion"}],"is_trial":false,"path_per_floor":["M","$","M","?","M","R","M","$","T","E","M","E","R","M","R","B",null,"M","$","M","M","$","R","M","E","T","E","M","R","E","$","R","B",null,"M","?","?","$","M","R","M","$","T","M","R","M","R","M","R","B",null],"character_chosen":"THE_SILENT","items_purchased":["Well Laid Plans","Footwork","Footwork","Dodge and Roll","Backstab","Deadly Poison","Bag of Preparation","Accuracy","PiercingWail"],"campfire_rested":4,"item_purchase_floors":[2,8,19,19,19,31,31,31,31],"current_hp_per_floor":[70,70,70,67,67,67,62,62,62,61,55,45,45,45,45,33,70,69,69,69,44,44,44,44,42,42,42,39,39,31,31,52,40,70,55,70,70,70,58,58,53,53,53,26,47,31,52,35,56,17],"gold":89,"neow_bonus":"UPGRADE_CARD","is_prod":false,"is_daily":false,"chose_seed":false,"campfire_upgraded":6,"win_rate":0,"timestamp":1551326707,"path_taken":["M","?","M","?","M","R","M","$","T","E","?","E","R","M","R","BOSS","M","$","M","M","$","R","M","E","T","E","?","R","E","$","R","BOSS","M","?","?","$","?","R","M","$","T","M","R","?","R","M","R","BOSS"],"build_version":"2019-01-23","purchased_purges":3,"victory":true,"max_hp_per_floor":[70,70,70,70,70,70,70,70,70,70,70,70,70,70,70,70,70,70,70,70,70,70,70,70,70,70,70,70,70,70,70,70,70,70,70,70,70,70,70,70,70,70,70,70,70,70,70,70,70,70],"card_choices":[{"not_picked":["Concentrate","Deflect"],"picked":"Dagger Spray","floor":1.0},{"not_picked":["Acrobatics","Prepared"],"picked":"Footwork","floor":3.0},{"not_picked":["Prepared","Poisoned Stab"],"picked":"Flying Knee","floor":5.0},{"not_picked":["Acrobatics","Expertise"],"picked":"Tools of the Trade","floor":7.0},{"not_picked":["Tools of the Trade","Calculated Gamble"],"picked":"Poisoned Stab","floor":10.0},{"not_picked":["Flying Knee","Prepared"],"picked":"Blade Dance","floor":11.0},{"not_picked":["Dagger Throw","Riddle With Holes"],"picked":"Noxious Fumes","floor":12.0},{"not_picked":["Flying Knee","Quick Slash"],"picked":"Backflip","floor":14.0},{"not_picked":["Phantasmal Killer","Corpse Explosion"],"picked":"Die Die Die","floor":16.0},{"not_picked":["Calculated Gamble","Tactician"],"picked":"Predator+1","floor":18.0},{"not_picked":["Dodge and Roll","Finisher+1"],"picked":"Deadly Poison+1","floor":20.0},{"not_picked":["Flying Knee","PiercingWail"],"picked":"Backflip+1","floor":21.0},{"not_picked":["Blade Dance","Flying Knee"],"picked":"Cloak And Dagger","floor":24.0},{"not_picked":["Blade Dance","Prepared"],"picked":"Sucker Punch+1","floor":25.0},{"not_picked":["Burst","Blade Dance+1"],"picked":"Adrenaline","floor":27.0},{"not_picked":["Poisoned Stab","Underhanded Strike","Backflip"],"picked":"Reflex","floor":28.0},{"not_picked":["Outmaneuver","Slice","Dodge and Roll","Riddle With Holes"],"picked":"SKIP","floor":30.0},{"not_picked":["Adrenaline","A Thousand Cuts","Die Die Die"],"picked":"Night Terror","floor":33.0},{"not_picked":["Backstab+1","Well Laid Plans","Calculated Gamble+1","Deflect"],"picked":"SKIP","floor":35.0},{"not_picked":["Bouncing Flask","Backflip","Sucker Punch+1"],"picked":"Noxious Fumes+1","floor":39.0},{"not_picked":["Bane","Cloak And Dagger","Quick Slash","Prepared"],"picked":"SKIP","floor":41.0},{"not_picked":["Dodge and Roll","Cloak And Dagger","Well Laid Plans+1","Underhanded Strike+1"],"picked":"SKIP","floor":44.0},{"not_picked":["Bouncing Flask","Caltrops","Deadly Poison","Choke+1"],"picked":"SKIP","floor":46.0},{"not_picked":["Underhanded Strike+1","Skewer","All Out Attack"],"picked":"Catalyst+1","floor":48.0}],"player_experience":198435,"relics_obtained":[{"floor":9.0,"key":"Mummified Hand"},{"floor":10.0,"key":"Potion Belt"},{"floor":12.0,"key":"Pen Nib"},{"floor":25.0,"key":"Old Coin"},{"floor":26.0,"key":"Vajra"},{"floor":27.0,"key":"Question Card"},{"floor":30.0,"key":"Whetstone"},{"floor":43.0,"key":"Bag of Marbles"}],"event_choices":[{"damage_healed":0.0,"max_hp_gain":0.0,"max_hp_loss":0.0,"gold_gain":0.0,"event_name":"Scrap Ooze","player_choice":"Fled","floor":4.0,"gold_loss":0.0,"damage_taken":3.0},{"damage_healed":18.0,"max_hp_gain":0.0,"max_hp_loss":0.0,"gold_gain":0.0,"event_name":"Winding Halls","player_choice":"Writhe","floor":36.0,"gold_loss":0.0,"damage_taken":0.0,"cards_obtained":["Writhe"]},{"damage_healed":0.0,"max_hp_gain":0.0,"max_hp_loss":0.0,"gold_gain":0.0,"event_name":"WeMeetAgain","player_choice":"Paid Gold","floor":37.0,"gold_loss":105.0,"damage_taken":0.0,"relics_obtained":["Dodecahedron"]}],"is_beta":false,"boss_relics":[{"not_picked":["Ring of the Serpent","Ectoplasm"],"picked":"Sozu"},{"not_picked":["Fusion Hammer","HoveringKite"],"picked":"Lizard Tail"}],"items_purged_floors":[19,22,31],"is_endless":false,"potions_floor_spawned":[7,12,14,16,20,21,27,28,35,44],"ascension_level":2}