{"gold_per_floor":[119,131,131,206,222,207,207,217,217,229,240,240,17,35,35,35],"floor_reached":16,"playtime":874,"items_purged":["Strike_R"],"score":115,"play_id":"67ebdc79-149f-47b2-98ad-c4b3c9e3391f","local_time":"20190123192302","is_ascension_mode":true,"campfire_choices":[{"data":"Body Slam","floor":7,"key":"SMITH"},{"data":"Shockwave","floor":12,"key":"SMITH"},{"data":"Shrug It Off","floor":15,"key":"SMITH"}],"neow_cost":"NONE","seed_source_timestamp":1176702781626379,"circlet_count":0,"master_deck":["Strike_R","Strike_R+1","Strike_R","Strike_R","Defend_R","Defend_R+1","Defend_R","Defend_R","Bash","Shockwave+1","Shrug It Off","Body Slam+1","Shrug It Off+1"],"relics":["Burning Blood","Potion Belt","Incense Burner","Art of War"],"potions_floor_usage":[14,16,16],"damage_taken":[{"damage":0,"enemies":"Cultist","floor":1,"turns":4},{"damage":5,"enemies":"2 Louse","floor":2,"turns":4},{"damage":4,"enemies":"Jaw Worm","floor":5,"turns":3},{"damage":0,"enemies":"Exordium Thugs","floor":6,"turns":4},{"damage":7,"enemies":"Large Slime","floor":8,"turns":7},{"damage":4,"enemies":"Blue Slaver","floor":10,"turns":4},{"damage":5,"enemies":"3 Louse","floor":11,"turns":5},{"damage":5,"enemies":"Exordium Wildlife","floor":14,"turns":4},{"damage":83,"enemies":"Slime Boss","floor":16,"turns":12}],"seed_played":"-6140583330656138970","potions_obtained":[{"floor":5,"key":"FearPotion"},{"floor":11,"key":"SpeedPotion"},{"floor":14,"key":"Fruit Juice"}],"is_trial":false,"path_per_floor":["M","M","?","?","M","M","R","M","T","M","M","R","$","M","R","B"],"character_chosen":"IRONCLAD","items_purchased":["Art of War"],"campfire_rested":0,"item_purchase_floors":[13],"current_hp_per_floor":[80,80,64,56,58,64,64,63,63,65,66,66,66,72,72,0],"gold":35,"neow_bonus":"RANDOM_COMMON_RELIC","is_prod":false,"is_daily":false,"chose_seed":false,"campfire_upgraded":3,"win_rate":0,"timestamp":1548292982,"path_taken":["M","?","?","?","?","M","R","M","T","M","M","R","$","M","R","BOSS"],"build_version":"2019-01-23","purchased_purges":1,"victory":false,"max_hp_per_floor":[80,80,80,80,80,80,80,80,80,80,80,80,80,85,85,85],"card_choices":[{"not_picked":["True Grit","Blood for Blood","Hemokinesis"],"picked":"SKIP","floor":1},{"not_picked":["Thunderclap","Havoc"],"picked":"Shockwave","floor":2},{"not_picked":["Havoc","Iron Wave"],"picked":"Shrug It Off","floor":5},{"not_picked":["Pummel","Bloodletting"],"picked":"Body Slam","floor":6},{"not_picked":["Combust","Seeing Red","Corruption"],"picked":"SKIP","floor":8},{"not_picked":["Fire Breathing","Sword Boomerang","Heavy Blade"],"picked":"SKIP","floor":10},{"not_picked":["Twin Strike","Reckless Charge","Thunderclap"],"picked":"SKIP","floor":11},{"not_picked":["Power Through","Anger"],"picked":"Shrug It Off","floor":14}],"player_experience":1138585,"relics_obtained":[{"floor":9,"key":"Incense Burner"}],"event_choices":[{"damage_healed":0,"gold_gain":0,"player_choice":"Entered Light","damage_taken":16,"max_hp_gain":0,"max_hp_loss":0,"event_name":"Shining Light","floor":3,"gold_loss":0,"cards_upgraded":["Defend_R","Strike_R"]},{"damage_healed":0,"gold_gain":75,"player_choice":"Touch","damage_taken":8,"max_hp_gain":0,"max_hp_loss":0,"event_name":"FaceTrader","floor":4,"gold_loss":0}],"is_beta":false,"boss_relics":[],"items_purged_floors":[13],"is_endless":false,"potions_floor_spawned":[5,11,14],"killed_by":"Slime Boss","ascension_level":4}