{"gold_per_floor":[366,380,398,10,10,10,36,48,123,123,137,29,29,39,39,114,114,125,142,142,142,342,342,367,386,386,386,396,396,422,432,432,508,508,522,622,622,13,23,48,48,75,75,75,100,100,113,113,113,113,113,113,37,69,69],"floor_reached":55,"playtime":3179,"items_purged":["Well Laid Plans"],"score":1433,"play_id":"f11b065e-ff04-4210-85b9-c6c5cc7bcfac","local_time":"20190116192835","is_ascension_mode":true,"campfire_choices":[{"floor":6,"key":"DIG"},{"data":"Neutralize","floor":10,"key":"SMITH"},{"floor":13,"key":"REST"},{"floor":15,"key":"DIG"},{"data":"Noxious Fumes","floor":23,"key":"SMITH"},{"data":"Venomology","floor":27,"key":"SMITH"},{"floor":29,"key":"DIG"},{"floor":32,"key":"REST"},{"floor":41,"key":"DIG"},{"floor":44,"key":"RECALL"},{"data":"Caltrops","floor":49,"key":"SMITH"},{"floor":52,"key":"DIG"}],"neow_cost":"TEN_PERCENT_HP_LOSS","seed_source_timestamp":522611753458600,"circlet_count":0,"master_deck":["AscendersBane","Defend_G+1","Defend_G+1","Defend_G+1","Defend_G+1","Defend_G+1","Strike_G+1","Strike_G+1","Strike_G+1","Strike_G+1","Strike_G+1","Survivor","Neutralize+1","Calculated Gamble","PiercingWail","Caltrops+1","Dagger Spray","Deadly Poison","Noxious Fumes+1","Backflip","Corpse Explosion","Venomology+1","Crippling Poison+1","Deadly Poison","Storm of Steel","Noxious Fumes","Noxious Fumes"],"relics":["Ring of the Snake","PreservedInsect","Orichalcum","Shovel","Potion Belt","Singing Bowl","Matryoshka","Lantern","Runic Pyramid","Dream Catcher","Darkstone Periapt","Kunai","Ornamental Fan","Vajra","Coffee Dripper","Mango","TwistedFunnel","Bottled Tornado","Snake Skull","Pantograph","Pear","Strawberry","Happy Flower","Bottled Flame","Blue Candle"],"potions_floor_usage":[16,18,24,30,30,31,31,31,33,33,42,42,45,47,47,50,54,54,55,55,55],"damage_taken":[{"damage":6,"enemies":"Jaw Worm","floor":1,"turns":5},{"damage":3,"enemies":"Small Slimes","floor":2,"turns":7},{"damage":6,"enemies":"2 Louse","floor":3,"turns":3},{"damage":29,"enemies":"3 Sentries","floor":7,"turns":10},{"damage":1,"enemies":"Red Slaver","floor":8,"turns":5},{"damage":5,"enemies":"Looter","floor":11,"turns":4},{"damage":10,"enemies":"Exordium Wildlife","floor":14,"turns":4},{"damage":30,"enemies":"The Guardian","floor":16,"turns":10},{"damage":12,"enemies":"Spheric Guardian","floor":18,"turns":5},{"damage":11,"enemies":"3 Byrds","floor":19,"turns":3},{"damage":19,"enemies":"Book of Stabbing","floor":24,"turns":6},{"damage":0,"enemies":"3 Cultists","floor":25,"turns":3},{"damage":0,"enemies":"Snake Plant","floor":28,"turns":4},{"damage":15,"enemies":"Gremlin Leader","floor":30,"turns":6},{"damage":6,"enemies":"Cultist and Chosen","floor":31,"turns":6},{"damage":38,"enemies":"Champ","floor":33,"turns":16},{"damage":0,"enemies":"Orb Walker","floor":35,"turns":4},{"damage":0,"enemies":"Mind Bloom Boss Battle","floor":36,"turns":7},{"damage":5,"enemies":"3 Darklings","floor":39,"turns":2},{"damage":27,"enemies":"Nemesis","floor":40,"turns":7},{"damage":10,"enemies":"Reptomancer","floor":42,"turns":4},{"damage":0,"enemies":"Nemesis","floor":45,"turns":7},{"damage":34,"enemies":"Spire Growth","floor":47,"turns":6},{"damage":48,"enemies":"Donu and Deca","floor":50,"turns":7},{"damage":61,"enemies":"Shield and Spear","floor":54,"turns":5},{"damage":60,"enemies":"The Heart","floor":55,"turns":3}],"seed_played":"1294524382506267793","potions_obtained":[{"floor":1,"key":"SteroidPotion"},{"floor":11,"key":"Dexterity Potion"},{"floor":14,"key":"Regen Potion"},{"floor":16,"key":"EssenceOfSteel"},{"floor":19,"key":"GamblersBrew"},{"floor":28,"key":"Block Potion"},{"floor":30,"key":"Regen Potion"},{"floor":42,"key":"Regen Potion"},{"floor":54,"key":"Explosive Potion"}],"is_trial":false,"path_per_floor":["M","M","M","$","?","R","E","M","T","R","M","$","R","M","R","B",null,"M","M","?","?","?","R","E","M","T","R","M","R","E","M","R","B",null,"M","?","?","$","M","E","R","E","T","R","E","?","M","?","R","B",null,"R","$","E","B"],"character_chosen":"THE_SILENT","items_purchased":["PreservedInsect","Caltrops","Dagger Spray","Orichalcum","Noxious Fumes","Backflip","TwistedFunnel","Bottled Tornado","Noxious Fumes","Noxious Fumes"],"campfire_rested":2,"item_purchase_floors":[4,4,4,4,12,12,38,38,38,53],"current_hp_per_floor":[57,54,48,48,45,45,18,17,17,17,14,14,34,24,24,9,53,43,32,32,55,55,55,38,38,38,38,38,38,25,36,58,20,61,63,79,79,79,76,51,51,53,60,60,77,77,45,45,45,22,92,92,92,33,0],"gold":69,"neow_bonus":"TWO_FIFTY_GOLD","is_prod":false,"is_daily":false,"chose_seed":false,"campfire_upgraded":4,"win_rate":0,"timestamp":1547638115,"path_taken":["M","M","M","$","?","R","E","M","T","R","M","$","R","M","R","BOSS","M","M","?","?","?","R","E","M","T","R","M","R","E","?","R","BOSS","M","?","?","$","M","E","R","E","T","R","E","?","M","?","R","BOSS","R","$","E","BOSS"],"build_version":"2019-01-10","purchased_purges":1,"victory":false,"max_hp_per_floor":[63,63,63,63,63,63,65,65,65,65,67,67,67,67,67,67,67,69,69,69,69,69,69,71,71,71,71,71,71,73,75,75,75,75,77,93,88,88,90,92,92,104,111,111,113,113,115,115,115,115,115,115,115,117,117],"card_choices":[{"not_picked":["PiercingWail","Predator"],"picked":"Well Laid Plans","floor":1},{"not_picked":["Outmaneuver","Expertise"],"picked":"Calculated Gamble","floor":2},{"not_picked":["Flechettes","Venomology"],"picked":"PiercingWail","floor":3},{"not_picked":["Acrobatics","Dagger Throw","Deflect"],"picked":"Singing Bowl","floor":7},{"not_picked":["Sucker Punch","Riddle With Holes"],"picked":"Deadly Poison","floor":8},{"not_picked":["Prepared","Die Die Die","Riddle With Holes"],"picked":"Singing Bowl","floor":11},{"not_picked":["Underhanded Strike","Backflip"],"picked":"Poisoned Stab","floor":14},{"not_picked":["Doppelganger","Storm of Steel"],"picked":"Corpse Explosion","floor":16},{"not_picked":["Outmaneuver","Bane","Flying Knee"],"picked":"Singing Bowl","floor":18},{"not_picked":["Deflect","Poisoned Stab"],"picked":"Venomology","floor":19},{"not_picked":["Eviscerate","Poisoned Stab","Catalyst"],"picked":"Singing Bowl","floor":24},{"not_picked":["Quick Slash","Deflect"],"picked":"Crippling Poison+1","floor":25},{"not_picked":["PiercingWail","Dagger Spray"],"picked":"Deadly Poison","floor":28},{"not_picked":["Bane+1","Choke+1","Footwork"],"picked":"Singing Bowl","floor":30},{"not_picked":["Prepared","Skewer","A Thousand Cuts"],"picked":"Singing Bowl","floor":31},{"not_picked":["Burst","Phantasmal Killer"],"picked":"Storm of Steel","floor":33},{"not_picked":["Dagger Throw","Crippling Poison","Poisoned Stab+1"],"picked":"Singing Bowl","floor":35},{"not_picked":["Heel Hook+1","Outmaneuver","Acrobatics"],"picked":"Singing Bowl","floor":36},{"not_picked":["Dagger Spray","Flechettes","Sucker Punch"],"picked":"Singing Bowl","floor":39},{"not_picked":["Escape Plan","Eviscerate","Accuracy"],"picked":"Singing Bowl","floor":40},{"not_picked":["Deadly Poison","Endless Agony+1","Outmaneuver+1"],"picked":"Singing Bowl","floor":42},{"not_picked":["Malaise","Distraction","Quick Slash"],"picked":"Singing Bowl","floor":45},{"not_picked":["Dagger Spray","Heel Hook","Poisoned Stab"],"picked":"Singing Bowl","floor":47},{"not_picked":["Flying Knee","Acrobatics+1","Distraction"],"picked":"Singing Bowl","floor":54}],"player_experience":649886,"relics_obtained":[{"floor":6,"key":"Potion Belt"},{"floor":7,"key":"Singing Bowl"},{"floor":9,"key":"Matryoshka"},{"floor":15,"key":"Lantern"},{"floor":24,"key":"Dream Catcher"},{"floor":26,"key":"Darkstone Periapt"},{"floor":26,"key":"Kunai"},{"floor":29,"key":"Ornamental Fan"},{"floor":30,"key":"Vajra"},{"floor":36,"key":"Mango"},{"floor":40,"key":"Snake Skull"},{"floor":41,"key":"Pantograph"},{"floor":42,"key":"Pear"},{"floor":43,"key":"Strawberry"},{"floor":45,"key":"Happy Flower"},{"floor":52,"key":"Bottled Flame"},{"floor":54,"key":"Blue Candle"}],"event_choices":[{"damage_healed":0,"gold_gain":0,"player_choice":"Success","damage_taken":3,"relics_obtained":["Shovel"],"max_hp_gain":0,"max_hp_loss":0,"event_name":"Scrap Ooze","floor":5,"gold_loss":0},{"damage_healed":0,"gold_gain":0,"player_choice":"Simplicity","damage_taken":0,"max_hp_gain":0,"max_hp_loss":0,"event_name":"Back to Basics","floor":20,"gold_loss":0,"cards_upgraded":["Defend_G","Defend_G","Defend_G","Defend_G","Defend_G","Strike_G","Strike_G","Strike_G","Strike_G","Strike_G"]},{"damage_healed":23,"gold_gain":0,"player_choice":"Heal","damage_taken":0,"max_hp_gain":0,"max_hp_loss":0,"event_name":"The Library","floor":21,"gold_loss":0},{"damage_healed":0,"gold_gain":250,"player_choice":"Bet on Owner","damage_taken":0,"max_hp_gain":0,"max_hp_loss":0,"event_name":"The Joust","floor":22,"gold_loss":50},{"damage_healed":0,"gold_gain":0,"player_choice":"Fight","damage_taken":0,"max_hp_gain":0,"max_hp_loss":0,"event_name":"MindBloom","floor":36,"gold_loss":0},{"damage_healed":0,"gold_gain":0,"player_choice":"Max HP","damage_taken":0,"max_hp_gain":0,"max_hp_loss":5,"event_name":"Winding Halls","floor":37,"gold_loss":0},{"cards_removed":["Poisoned Stab"],"damage_healed":0,"gold_gain":0,"player_choice":"Removed Attack","damage_taken":0,"max_hp_gain":0,"max_hp_loss":0,"event_name":"Falling","floor":46,"gold_loss":0},{"damage_healed":0,"gold_gain":0,"player_choice":"Ignored","damage_taken":0,"max_hp_gain":0,"max_hp_loss":0,"event_name":"Tomb of Lord Red Mask","floor":48,"gold_loss":0}],"is_beta":false,"boss_relics":[{"not_picked":["HoveringKite","Calling Bell"],"picked":"Runic Pyramid"},{"not_picked":["Snecko Eye","Pandora\u0027s Box"],"picked":"Coffee Dripper"}],"items_purged_floors":[38],"is_endless":false,"potions_floor_spawned":[1,11,14,16,19,28,30,40,42,54],"killed_by":"The Heart","ascension_level":13}