{"gold_per_floor":[213,223,27,42,62,62,62,237,288,306,306,326,326,346,346,346],"floor_reached":16,"playtime":628,"items_purged":[],"score":127,"play_id":"f2cab867-58b8-4fd7-9bbe-0cfb9e0e73b5","local_time":"20190301194823","is_ascension_mode":true,"campfire_choices":[{"data":"Entrench","floor":6,"key":"SMITH"},{"data":"Demon Form","floor":13,"key":"SMITH"},{"floor":15,"key":"REST"}],"neow_cost":"NONE","seed_source_timestamp":254236064128648,"circlet_count":0,"master_deck":["Strike_R","Strike_R","Strike_R","Strike_R","Strike_R","Defend_R","Defend_R","Defend_R","Defend_R","Bash","Entrench+1","Panache","Doubt","Demon Form+1","Shrug It Off"],"relics":["Burning Blood","Bottled Tornado","Omamori","NlothsMask"],"potions_floor_usage":[10,14,16],"damage_taken":[{"damage":6,"enemies":"Cultist","floor":1,"turns":4},{"damage":2,"enemies":"2 Louse","floor":2,"turns":4},{"damage":6,"enemies":"Small Slimes","floor":4,"turns":5},{"damage":6,"enemies":"2 Fungi Beasts","floor":5,"turns":6},{"damage":47,"enemies":"Exordium Thugs","floor":10,"turns":7},{"damage":16,"enemies":"Looter","floor":12,"turns":4},{"damage":9,"enemies":"Red Slaver","floor":14,"turns":3},{"damage":51,"enemies":"Slime Boss","floor":16,"turns":6}],"seed_played":"8050729271651398493","potions_obtained":[{"floor":1,"key":"Poison Potion"},{"floor":5,"key":"Swift Potion"},{"floor":10,"key":"EssenceOfSteel"},{"floor":12,"key":"AttackPotion"}],"is_trial":false,"path_per_floor":["M","M","T","?","?","M"],"character_chosen":"IRONCLAD","items_purchased":["Panache"],"campfire_rested":1,"item_purchase_floors":[3],"current_hp_per_floor":[72,76,76,76,76,76,76,76,76,35,35,25,25,22,46,0],"gold":346,"neow_bonus":"HUNDRED_GOLD","is_prod":false,"is_daily":false,"chose_seed":false,"campfire_upgraded":2,"win_rate":0,"timestamp":1551466103,"path_taken":["M","?","$","M","?","R","?","?","T","M","?","M","R","?","R","BOSS"],"build_version":"2019-01-23","purchased_purges":0,"victory":false,"max_hp_per_floor":[80,80,80,80,80,80,80,80,80,80,80,80,80,80,80,80],"card_choices":[{"not_picked":["Rupture","Pommel Strike"],"picked":"Entrench","floor":1},{"not_picked":["Twin Strike","Flex","Anger"],"picked":"SKIP","floor":2},{"not_picked":["Clash","Burning Pact","Thunderclap"],"picked":"SKIP","floor":4},{"not_picked":["Spot Weakness","Cleave","Second Wind"],"picked":"SKIP","floor":5},{"not_picked":["Burning Pact","Shockwave"],"picked":"Demon Form","floor":10},{"not_picked":["Sword Boomerang","Bloodletting","Havoc"],"picked":"SKIP","floor":12},{"not_picked":["Body Slam","Perfected Strike"],"picked":"Shrug It Off","floor":14}],"player_experience":239391,"relics_obtained":[{"floor":7,"key":"Bottled Tornado"},{"floor":9,"key":"Omamori"}],"event_choices":[{"damage_healed":0,"gold_gain":175,"player_choice":"AGREE","damage_taken":0,"max_hp_gain":0,"max_hp_loss":0,"event_name":"Liars Game","floor":8,"gold_loss":0,"cards_obtained":["Doubt"]},{"damage_healed":0,"gold_gain":0,"player_choice":"Trade","damage_taken":0,"relics_obtained":["NlothsMask"],"max_hp_gain":0,"max_hp_loss":0,"event_name":"FaceTrader","floor":11,"gold_loss":0}],"is_beta":false,"boss_relics":[],"items_purged_floors":[],"is_endless":false,"potions_floor_spawned":[1,5,10,12],"killed_by":"Slime Boss","ascension_level":7}