{"path_per_floor":["M","?","M","?","?","E","R","E","T","R","$","M","E","$","R","B",null,"M","M","M","M","M","E","M","R","T","E","M","?","M","E","R","B",null,"M","M","M","M","M","R","E","R","T","M","M","?","$","M","R","B"],"character_chosen":"IRONCLAD","items_purchased":["Bronze Scales","Sentinel","Paper Frog","Entrench","Blood Vial","Ancient Tea Set","Evolve"],"gold_per_floor":[114,114,129,129,129,159,159,189,189,189,39,54,84,16,16,116,116,131,146,161,176,191,221,236,236,236,266,281,281,296,326,326,426,426,441,456,471,486,501,501,531,531,531,546,561,561,26,41,41,41],"floor_reached":51,"campfire_rested":0,"playtime":1739,"current_hp_per_floor":[80,80,80,86,69,51,51,37,43,43,43,43,26,26,26,17,98,97,93,91,85,79,82,81,81,81,75,62,62,63,61,61,53,75,74,68,68,69,45,45,53,53,59,56,62,62,62,67,67,85],"items_purged":[],"gold":41,"score":1014,"play_id":"9056ce4e-6b33-4f26-85bc-970e01f04355","local_time":"20180314234950","daily_mods":["Diverse","Cursed Run","Vintage"],"is_prod":false,"is_daily":true,"is_ascension_mode":false,"campfire_upgraded":0,"timestamp":1521038990,"path_taken":["M","?","M","?","?","E","R","E","T","R","?","M","E","$","R","BOSS","M","M","M","M","M","E","M","R","T","E","M","?","M","E","R","BOSS","M","M","M","M","M","R","E","R","T","M","M","?","$","M","R","BOSS"],"build_version":"2018-03-09","purchased_purges":0,"victory":true,"master_deck":["Defend_R+1","Defend_R+1","Defend_R","Bash+1","Poisoned Stab","Blur+1","Regret","Armaments+1","Heavy Blade+1","Clumsy","Corruption+1","Sentinel+1","Regret","Offering+1","Immolate+1","Evolve+1","Rupture+1","Dual Wield+1","Body Slam","Exhume+1","Bite","Bite","Bite","Bite","Bite+1","Inflame","Barricade","Twin Strike+1","Sword Boomerang","Armaments+1","Shrug It Off+1","Shrug It Off+1","Flex+1","Clumsy","Havoc+1","Entrench+1","Evolve+1","Regret"],"max_hp_per_floor":[80,80,80,86,86,86,86,86,92,92,92,92,92,92,92,98,98,98,98,108,108,108,108,108,108,108,108,108,75,75,75,75,75,75,75,75,75,75,75,75,75,75,81,81,84,84,84,84,84,90],"relics":["Cursed Key","Darkstone Periapt","Du-Vu Doll","Toxic Egg 2","Oddly Smooth Stone","Champion Belt","Shovel","Blue Candle","Anchor","Prayer Wheel","Toolbox","Bronze Scales","Kunai","Mercury Hourglass","Girya","Pen Nib","Astrolabe","Omamori","Meat on the Bone","Pear","War Paint","Charon\u0027s Ashes","Thread and Needle","Vajra","Bottled Tornado","Matryoshka","Sundial","Shuriken","Whetstone","Ice Cream","Orrery","Mummified Hand","The Courier","Gambling Chip","Bottled Flame","Frozen Egg 2","Juzu Bracelet","Pantograph","Singing Bowl","Dead Branch","Self Forming Clay","Centennial Puzzle","Paper Frog","Blood Vial","Ancient Tea Set","Letter Opener","Molten Egg 2"],"card_choices":[{"not_picked":["Seeing Red","Battle Trance"],"picked":"Armaments"},{"not_picked":["Cleave","Pommel Strike"],"picked":"Heavy Blade"},{"not_picked":["Perfected Strike","Havoc"],"picked":"Corruption"},{"not_picked":["Limit Break","Dark Embrace"],"picked":"Offering"},{"not_picked":["Pommel Strike","Sword Boomerang"],"picked":"Dual Wield"},{"not_picked":["Warcry","Headbutt"],"picked":"Body Slam"},{"not_picked":["Flex","Reckless Charge"],"picked":"Exhume"},{"not_picked":["Wild Strike","Fire Breathing"],"picked":"Inflame"},{"not_picked":["Brutality","Bludgeon"],"picked":"Barricade"},{"not_picked":["Dropkick","Spot Weakness"],"picked":"Twin Strike"},{"not_picked":["True Grit","Clash"],"picked":"Sword Boomerang"},{"not_picked":["Rage","Carnage"],"picked":"Armaments"},{"not_picked":["Uppercut","Battle Trance"],"picked":"Shrug It Off"},{"not_picked":["Clothesline","Warcry"],"picked":"Shrug It Off"},{"not_picked":["Anger","Body Slam"],"picked":"Flex"},{"not_picked":["Clothesline","Anger"],"picked":"Havoc"}],"player_experience":612321,"potions_floor_usage":[13,16,16,21,23,23,33,45,50,50,50],"damage_taken":[{"damage":0,"enemies":"2 Louse","floor":1,"turns":2},{"damage":0,"enemies":"Small Slimes","floor":3,"turns":3},{"damage":18,"enemies":"3 Sentries","floor":6,"turns":8},{"damage":14,"enemies":"Gremlin Nob","floor":8,"turns":4},{"damage":0,"enemies":"Jaw Worm","floor":12,"turns":2},{"damage":17,"enemies":"3 Sentries","floor":13,"turns":5},{"damage":27,"enemies":"Slime Boss","floor":16,"turns":5},{"damage":1,"enemies":"3 Byrds","floor":18,"turns":3},{"damage":4,"enemies":"Spheric Guardian","floor":19,"turns":2},{"damage":12,"enemies":"Centurion and Healer","floor":20,"turns":5},{"damage":6,"enemies":"Sentry and Sphere","floor":21,"turns":3},{"damage":6,"enemies":"Snecko","floor":22,"turns":2},{"damage":1,"enemies":"Slavers","floor":23,"turns":2},{"damage":1,"enemies":"Snake Plant","floor":24,"turns":3},{"damage":6,"enemies":"Gremlin Leader","floor":27,"turns":3},{"damage":13,"enemies":"Slaver and Parasite","floor":28,"turns":4},{"damage":7,"enemies":"Cultist and Chosen","floor":30,"turns":2},{"damage":6,"enemies":"Slavers","floor":31,"turns":3},{"damage":20,"enemies":"Automaton","floor":33,"turns":3},{"damage":1,"enemies":"Orb Walker","floor":35,"turns":3},{"damage":9,"enemies":"3 Shapes","floor":36,"turns":1},{"damage":0,"enemies":"3 Darklings","floor":37,"turns":2},{"damage":11,"enemies":"Maw","floor":38,"turns":5},{"damage":32,"enemies":"4 Shapes","floor":39,"turns":4},{"damage":9,"enemies":"Giant Head","floor":41,"turns":4},{"damage":5,"enemies":"3 Darklings","floor":44,"turns":2},{"damage":0,"enemies":"Sphere and 2 Shapes","floor":45,"turns":2},{"damage":6,"enemies":"4 Shapes","floor":48,"turns":2},{"damage":9,"enemies":"Awakened One","floor":50,"turns":3}],"event_choices":[{"event_name":"The Cleric","player_choice":"Leave","floor":2,"damage_taken":0},{"event_name":"Big Fish","player_choice":"Box","floor":4,"damage_taken":0},{"event_name":"Shining Light","player_choice":"Entered Light","floor":5,"damage_taken":0},{"event_name":"Vampires","player_choice":"Became a vampire","floor":29,"damage_taken":0},{"event_name":"Upgrade Shrine","player_choice":"Upgraded","floor":46,"damage_taken":0}],"boss_relics":[{"not_picked":["Runic Dome","Sozu"],"picked":"Astrolabe"},{"not_picked":["Tiny House","Black Star"],"picked":"Orrery"}],"potions_floor_spawned":[1,8,13,18,20,22,27,36,41,44,45,48],"seed_played":"2308081983426786839","ascension_level":0,"is_trial":false}