{"gold_per_floor":[362,220,220,80,98,98,129,142,165,185,185,211,231,241,241,344,344,362,29,46,61,76,76,96,96,96,96,111,122,37,37],"floor_reached":31,"playtime":2239,"items_purged":["Strike_G","Strike_G"],"score":289,"play_id":"38f72421-d8e4-4d24-9f2f-8f617b19efe8","local_time":"20190217005419","is_ascension_mode":true,"campfire_choices":[{"data":"Blur","floor":6,"key":"SMITH"},{"floor":11,"key":"REST"},{"floor":15,"key":"REST"},{"floor":23,"key":"REST"},{"floor":25,"key":"REST"},{"data":"Backflip","floor":27,"key":"SMITH"}],"neow_cost":"TEN_PERCENT_HP_LOSS","seed_source_timestamp":110194674702875,"circlet_count":0,"master_deck":["Defend_G","Defend_G","Defend_G","Defend_G","Defend_G","Strike_G","Strike_G","Strike_G","Survivor","Neutralize","Noxious Fumes+1","Blur+1","Backflip+1","Sadistic Nature"],"relics":["Ring of the Snake","Pen Nib","Snake Skull","Pantograph","White Beast Statue","Art of War","The Courier"],"potions_floor_usage":[20,21,21,22,22,24,28,29,31],"damage_taken":[{"damage":4,"enemies":"Small Slimes","floor":1,"turns":5},{"damage":0,"enemies":"Cultist","floor":5,"turns":5},{"damage":55,"enemies":"Gremlin Nob","floor":7,"turns":7},{"damage":0,"enemies":"2 Louse","floor":8,"turns":3},{"damage":0,"enemies":"Looter","floor":10,"turns":4},{"damage":5,"enemies":"3 Sentries","floor":12,"turns":7},{"damage":15,"enemies":"Gremlin Gang","floor":13,"turns":5},{"damage":0,"enemies":"Exordium Thugs","floor":14,"turns":6},{"damage":5,"enemies":"The Guardian","floor":16,"turns":12},{"damage":0,"enemies":"3 Byrds","floor":18,"turns":5},{"damage":12,"enemies":"Spheric Guardian","floor":20,"turns":7},{"damage":8,"enemies":"Chosen and Byrds","floor":21,"turns":8},{"damage":24,"enemies":"3 Cultists","floor":22,"turns":6},{"damage":22,"enemies":"Cultist and Chosen","floor":24,"turns":9},{"damage":23,"enemies":"Snecko","floor":28,"turns":9},{"damage":3,"enemies":"Snake Plant","floor":29,"turns":8},{"damage":13,"enemies":"Centurion and Healer","floor":31,"turns":2}],"seed_played":"-572428292450642337","potions_obtained":[{"floor":1,"key":"Strength Potion"},{"floor":5,"key":"Swift Potion"},{"floor":7,"key":"Ancient Potion"},{"floor":13,"key":"Energy Potion"},{"floor":20,"key":"Weak Potion"},{"floor":21,"key":"Block Potion"},{"floor":22,"key":"Ancient Potion"},{"floor":24,"key":"EssenceOfSteel"},{"floor":28,"key":"Dexterity Potion"},{"floor":29,"key":"Fruit Juice"}],"is_trial":false,"path_per_floor":["?","$","?"],"character_chosen":"THE_SILENT","items_purchased":["Noxious Fumes","Blur","Sadistic Nature","Art of War"],"campfire_rested":4,"item_purchase_floors":[2,4,19,19],"current_hp_per_floor":[59,59,59,59,59,59,4,4,4,4,22,17,2,2,20,40,63,63,63,51,43,19,37,15,33,33,33,10,12,12,0],"gold":37,"neow_bonus":"TWO_FIFTY_GOLD","is_prod":false,"is_daily":false,"chose_seed":false,"campfire_upgraded":2,"win_rate":0,"timestamp":1550361259,"path_taken":["M","$","?","?","M","R","E","M","T","M","R","E","M","M","R","BOSS","M","$","M","M","M","R","M","R","T","R","M","M","?","M"],"build_version":"2019-01-23","purchased_purges":2,"victory":false,"max_hp_per_floor":[63,63,63,63,63,63,63,63,63,63,63,63,63,63,63,63,63,63,63,63,63,63,63,63,63,63,63,63,68,68,68],"card_choices":[{"not_picked":["Infinite Blades","Concentrate","Finisher"],"picked":"SKIP","floor":1},{"not_picked":["Bane","Dagger Throw","Deflect"],"picked":"SKIP","floor":5},{"not_picked":["Deadly Poison","Quick Slash","Dagger Spray"],"picked":"SKIP","floor":7},{"not_picked":["Cloak And Dagger","Masterful Stab","Blade Dance"],"picked":"SKIP","floor":8},{"not_picked":["Dagger Spray","Noxious Fumes"],"picked":"Backflip","floor":10},{"not_picked":["Corpse Explosion","Dodge and Roll","Tactician"],"picked":"SKIP","floor":12},{"not_picked":["Deflect","Endless Agony","Choke"],"picked":"SKIP","floor":13},{"not_picked":["Prepared","Acrobatics","Dagger Throw"],"picked":"SKIP","floor":14},{"not_picked":["Backflip","Poisoned Stab+1","Dagger Throw"],"picked":"SKIP","floor":18},{"not_picked":["PiercingWail+1","Crippling Poison","Bane"],"picked":"SKIP","floor":20},{"not_picked":["Backflip","All Out Attack","Flechettes"],"picked":"SKIP","floor":21},{"not_picked":["Burst","Concentrate+1","Blade Dance"],"picked":"SKIP","floor":22},{"not_picked":["Concentrate+1","Infinite Blades","Cloak And Dagger+1"],"picked":"SKIP","floor":24},{"not_picked":["Dagger Spray","Prepared+1","Outmaneuver+1"],"picked":"SKIP","floor":28},{"not_picked":["Endless Agony+1","Outmaneuver","Leg Sweep"],"picked":"SKIP","floor":29}],"player_experience":207367,"relics_obtained":[{"floor":7,"key":"Pen Nib"},{"floor":9,"key":"Snake Skull"},{"floor":12,"key":"Pantograph"}],"event_choices":[{"damage_healed":0,"gold_gain":0,"player_choice":"Upgraded","damage_taken":0,"max_hp_gain":0,"max_hp_loss":0,"event_name":"Upgrade Shrine","floor":3,"gold_loss":0,"cards_upgraded":["Noxious Fumes"]},{"damage_healed":0,"gold_gain":0,"player_choice":"Obtained Relic","damage_taken":0,"relics_obtained":["The Courier"],"max_hp_gain":0,"max_hp_loss":0,"event_name":"Addict","floor":30,"gold_loss":85}],"is_beta":false,"boss_relics":[{"not_picked":["Runic Dome","Coffee Dripper"],"picked":"White Beast Statue"}],"items_purged_floors":[2,4],"is_endless":false,"potions_floor_spawned":[1,5,7,13,18,20,21,22,24,28,29],"killed_by":"Centurion and Healer","ascension_level":3}