{"gold_per_floor":[115,115,128,143,160,160,180,180,207,223,223,242,254,224,224,320,320,330,179,154,154,167,194,194,206,206,206,216,315,328,149,149,149],"floor_reached":33,"playtime":4341,"items_purged":["Strike_G","Writhe"],"score":346,"play_id":"7d054e8c-62fb-49f7-8065-f4bf2579179d","local_time":"20190130181525","is_ascension_mode":true,"campfire_choices":[{"floor":6,"key":"REST"},{"data":"Blur","floor":8,"key":"SMITH"},{"data":"Noxious Fumes","floor":11,"key":"SMITH"},{"data":"Adrenaline","floor":15,"key":"SMITH"},{"floor":24,"key":"REST"},{"floor":32,"key":"REST"}],"neow_cost":"NONE","seed_source_timestamp":1774038965664807,"circlet_count":0,"master_deck":["Defend_G","Defend_G","Defend_G","Defend_G","Defend_G","Strike_G","Strike_G","Strike_G+1","Survivor","Neutralize+1","Dodge and Roll","Blur+1","Deadly Poison","Noxious Fumes+1","Dash","Adrenaline+1","After Image","Well Laid Plans","Burst","Well Laid Plans","Cloak And Dagger","Noxious Fumes","Footwork"],"relics":["Ring of the Snake","Juzu Bracelet","Runic Pyramid","Vajra","Blue Candle","Bag of Marbles"],"potions_floor_usage":[16,16,16,23,23,33],"damage_taken":[{"damage":3,"enemies":"Jaw Worm","floor":1,"turns":6},{"damage":0,"enemies":"Small Slimes","floor":3,"turns":4},{"damage":0,"enemies":"Cultist","floor":4,"turns":4},{"damage":0,"enemies":"Blue Slaver","floor":5,"turns":6},{"damage":0,"enemies":"Looter","floor":7,"turns":5},{"damage":0,"enemies":"2 Fungi Beasts","floor":10,"turns":4},{"damage":0,"enemies":"Large Slime","floor":12,"turns":8},{"damage":2,"enemies":"3 Louse","floor":13,"turns":3},{"damage":0,"enemies":"Looter","floor":14,"turns":4},{"damage":24,"enemies":"Slime Boss","floor":16,"turns":11},{"damage":17,"enemies":"3 Byrds","floor":18,"turns":7},{"damage":9,"enemies":"2 Thieves","floor":20,"turns":5},{"damage":24,"enemies":"Centurion and Healer","floor":22,"turns":8},{"damage":0,"enemies":"Book of Stabbing","floor":23,"turns":8},{"damage":0,"enemies":"Shelled Parasite and Fungi","floor":25,"turns":12},{"damage":28,"enemies":"Sentry and Sphere","floor":28,"turns":6},{"damage":3,"enemies":"Cultist and Chosen","floor":30,"turns":9},{"damage":41,"enemies":"Champ","floor":33,"turns":14}],"seed_played":"2628374927698639255","potions_obtained":[{"floor":3,"key":"Strength Potion"},{"floor":5,"key":"PowerPotion"},{"floor":13,"key":"Energy Potion"},{"floor":16,"key":"PowerPotion"},{"floor":18,"key":"AttackPotion"},{"floor":28,"key":"SpeedPotion"}],"is_trial":false,"path_per_floor":["M","?","M","M","M","R","M","R","T","M","R","M","M","M","R","B",null,"M","$","M","?","M","E","R","M","T","?","M","?","M","$","R","B"],"character_chosen":"THE_SILENT","items_purchased":["Well Laid Plans","Footwork"],"campfire_rested":3,"item_purchase_floors":[19,31],"current_hp_per_floor":[67,53,53,53,53,70,70,70,70,70,70,70,68,68,68,44,70,53,53,44,44,20,20,41,41,41,41,13,13,10,10,31,0],"gold":149,"neow_bonus":"TRANSFORM_CARD","is_prod":false,"is_daily":false,"chose_seed":false,"campfire_upgraded":3,"win_rate":0,"timestamp":1548893725,"path_taken":["M","?","M","M","M","R","M","R","T","M","R","M","M","M","R","BOSS","M","$","M","?","M","E","R","M","T","?","M","?","M","$","R","BOSS"],"build_version":"2019-01-23","purchased_purges":2,"victory":false,"max_hp_per_floor":[70,70,70,70,70,70,70,70,70,70,70,70,70,70,70,70,70,70,70,70,70,70,70,70,70,70,70,70,70,70,70,70,70],"card_choices":[{"not_picked":["Flying Knee","PiercingWail"],"picked":"Blur","floor":1},{"not_picked":["Prepared","Bane"],"picked":"Deadly Poison","floor":3},{"not_picked":["Poisoned Stab","Distraction","All Out Attack"],"picked":"SKIP","floor":4},{"not_picked":["Cloak And Dagger","Backflip"],"picked":"Noxious Fumes","floor":5},{"not_picked":["Poisoned Stab","Acrobatics"],"picked":"Dash","floor":7},{"not_picked":["PiercingWail","Dodge and Roll","Poisoned Stab"],"picked":"SKIP","floor":10},{"not_picked":["Flying Knee","Poisoned Stab"],"picked":"Adrenaline","floor":12},{"not_picked":["Quick Slash","Distraction","Slice"],"picked":"SKIP","floor":13},{"not_picked":["Bane","Underhanded Strike","Concentrate"],"picked":"SKIP","floor":14},{"not_picked":["Night Terror","Adrenaline"],"picked":"After Image","floor":16},{"not_picked":["Poisoned Stab","Finisher","Predator"],"picked":"SKIP","floor":18},{"not_picked":["Slice","Calculated Gamble","Quick Slash"],"picked":"SKIP","floor":20},{"not_picked":["Concentrate","Dodge and Roll","Reflex"],"picked":"SKIP","floor":22},{"not_picked":["Quick Slash","Night Terror"],"picked":"Well Laid Plans","floor":23},{"not_picked":["Poisoned Stab","Sucker Punch","Masterful Stab"],"picked":"SKIP","floor":25},{"not_picked":["Crippling Poison","Dodge and Roll"],"picked":"Cloak And Dagger","floor":28},{"not_picked":["PiercingWail+1","Concentrate+1"],"picked":"Noxious Fumes","floor":30}],"player_experience":1197707,"relics_obtained":[{"floor":9,"key":"Juzu Bracelet"},{"floor":23,"key":"Vajra"},{"floor":26,"key":"Blue Candle"}],"event_choices":[{"damage_healed":0,"gold_gain":0,"player_choice":"Entered Light","damage_taken":14,"max_hp_gain":0,"max_hp_loss":0,"event_name":"Shining Light","floor":2,"gold_loss":0,"cards_upgraded":["Neutralize","Strike_G"]},{"damage_healed":0,"gold_gain":0,"player_choice":"1 cards matched","damage_taken":0,"max_hp_gain":0,"max_hp_loss":0,"event_name":"Match and Keep!","floor":21,"gold_loss":0,"cards_obtained":["Burst"]},{"damage_healed":0,"gold_gain":0,"player_choice":"Opened","damage_taken":0,"relics_obtained":["Bag of Marbles"],"max_hp_gain":0,"max_hp_loss":0,"event_name":"The Mausoleum","floor":27,"gold_loss":0,"cards_obtained":["Writhe"]},{"damage_healed":0,"gold_gain":99,"player_choice":"Stole From Cult","damage_taken":0,"max_hp_gain":0,"max_hp_loss":0,"event_name":"Nest","floor":29,"gold_loss":0}],"is_beta":false,"boss_relics":[{"not_picked":["WristBlade","Eternal Feather"],"picked":"Runic Pyramid"}],"items_purged_floors":[19,31],"is_endless":false,"potions_floor_spawned":[3,5,13,16,18,28],"killed_by":"Champ","ascension_level":4}