{"gold_per_floor":[112,112,112,130,130,157,174,174,174,174,190,207,224,252,252,326,326,338,15,31,31,46,46],"floor_reached":23,"playtime":789,"items_purged":[],"score":445,"play_id":"64da6309-8e3a-4c20-95e2-23c6ed5f2c98","local_time":"20181221114841","is_ascension_mode":true,"campfire_choices":[{"data":"Defragment","floor":8,"key":"SMITH"},{"data":"Thunder Strike","floor":10,"key":"SMITH"},{"data":"Ball Lightning","floor":15,"key":"SMITH"}],"neow_cost":"NONE","seed_source_timestamp":10266646437310,"circlet_count":0,"master_deck":["AscendersBane","Strike_B","Strike_B","Defend_B","Defend_B","Defend_B","Defend_B","Zap+1","Dualcast","Ball Lightning+1","Thunder Strike+1","Defragment+1","Conserve Battery","Hologram","Self Repair","Core Surge","Cold Snap","Stack+1","Pain","Self Repair+1"],"special_seed":0,"relics":["Cracked Core","NeowsBlessing","Shuriken","Mercury Hourglass","Bottled Flame","Fusion Hammer","Meat on the Bone","WarpedTongs"],"potions_floor_usage":[12,18,20,23,23],"damage_taken":[{"damage":0.0,"enemies":"Cultist","floor":1.0,"turns":1.0},{"damage":0.0,"enemies":"2 Louse","floor":4.0,"turns":1.0},{"damage":0,"enemies":"3 Sentries","floor":6,"turns":1},{"damage":5,"enemies":"Small Slimes","floor":7,"turns":3},{"damage":4,"enemies":"Looter","floor":11,"turns":2},{"damage":7,"enemies":"Gremlin Gang","floor":12,"turns":4},{"damage":8,"enemies":"Large Slime","floor":13,"turns":4},{"damage":16,"enemies":"Lagavulin","floor":14,"turns":5},{"damage":22,"enemies":"Hexaghost","floor":16,"turns":7},{"damage":20,"enemies":"2 Thieves","floor":18,"turns":3},{"damage":17,"enemies":"Shell Parasite","floor":20,"turns":5},{"damage":26,"enemies":"3 Cultists","floor":22,"turns":5},{"damage":39,"enemies":"Book of Stabbing","floor":23,"turns":3}],"seed_played":"-7164700219314329243","potions_obtained":[{"floor":4.0,"key":"SpeedPotion"},{"floor":11,"key":"LiquidBronze"},{"floor":13,"key":"Explosive Potion"},{"floor":18,"key":"EssenceOfSteel"},{"floor":22,"key":"Regen Potion"}],"is_trial":false,"path_per_floor":["M","?","?","M","?","E","M","R","T","R","M","M","M","E","R","B",null,"M","$","M","?","M","E"],"character_chosen":"DEFECT","items_purchased":["Meat on the Bone","Cold Snap"],"campfire_rested":0,"item_purchase_floors":[19,19],"current_hp_per_floor":[64,57,57,57,57,57,52,52,52,52,48,41,33,24,24,9,56,36,36,38,38,31,1],"gold":46,"neow_bonus":"THREE_ENEMY_KILL","is_prod":false,"is_daily":false,"chose_seed":false,"campfire_upgraded":3,"win_rate":0,"timestamp":1545389321,"path_taken":["M","?","?","M","?","E","M","R","T","R","M","M","M","E","R","BOSS","M","?","M","?","?","E"],"build_version":"2018-12-20","purchased_purges":0,"victory":false,"max_hp_per_floor":[71,71,71,71,71,71,71,71,71,71,71,71,71,71,71,71,71,71,71,71,71,71,71],"card_choices":[{"not_picked":["Scrape","Conserve Battery"],"picked":"Ball Lightning","floor":1.0},{"not_picked":["Go for the Eyes","Doom and Gloom"],"picked":"Thunder Strike","floor":4.0},{"not_picked":["Redo","Beam Cell"],"picked":"Conserve Battery","floor":6},{"not_picked":["Consume","Machine Learning"],"picked":"Hologram","floor":7},{"not_picked":["Sweeping Beam","Turbo","Gash"],"picked":"SKIP","floor":11},{"not_picked":["Redo","Rebound","Skim"],"picked":"SKIP","floor":12},{"not_picked":["Stack","Steam"],"picked":"Self Repair","floor":13},{"not_picked":["Storm","Redo","Doom and Gloom"],"picked":"SKIP","floor":14},{"not_picked":["Hyperbeam","Creative AI"],"picked":"Core Surge","floor":16},{"not_picked":["Blizzard","Hello World","Sweeping Beam"],"picked":"SKIP","floor":18},{"not_picked":["Force Field","Static Discharge+1"],"picked":"Stack+1","floor":20},{"not_picked":["Coolheaded","Stack"],"picked":"Self Repair+1","floor":22}],"player_experience":852362,"relics_obtained":[{"floor":6,"key":"Shuriken"},{"floor":9,"key":"Mercury Hourglass"},{"floor":14,"key":"Bottled Flame"}],"event_choices":[{"cards_removed":["Strike_B"],"damage_healed":0.0,"max_hp_gain":0.0,"max_hp_loss":0.0,"gold_gain":0.0,"event_name":"Golden Wing","player_choice":"Card Removal","floor":2.0,"gold_loss":0.0,"damage_taken":7.0},{"damage_healed":0.0,"max_hp_gain":0.0,"max_hp_loss":0.0,"gold_gain":0.0,"event_name":"Living Wall","player_choice":"Grow","floor":3.0,"gold_loss":0.0,"damage_taken":0.0,"cards_upgraded":["Zap"]},{"damage_healed":0,"gold_gain":0,"cards_transformed":["Strike_B"],"player_choice":"Transformed","damage_taken":0,"max_hp_gain":0,"max_hp_loss":0,"event_name":"Transmorgrifier","floor":5,"gold_loss":0,"cards_obtained":["Defragment"]},{"damage_healed":0,"gold_gain":0,"player_choice":"Rummage","damage_taken":0,"relics_obtained":["WarpedTongs"],"max_hp_gain":0,"max_hp_loss":0,"event_name":"Accursed Blacksmith","floor":21,"gold_loss":0,"cards_obtained":["Pain"]}],"is_beta":true,"boss_relics":[{"not_picked":["Orrery","Busted Crown"],"picked":"Fusion Hammer"}],"items_purged_floors":[],"is_endless":false,"potions_floor_spawned":[4,11,13,14,18,22],"killed_by":"Book of Stabbing","ascension_level":19}