{"gold_per_floor":[112,132,150,47,47,47,74,90,113,113,128,146,166,201,201,296,296,308,318,318,318,328,328,328],"floor_reached":24,"playtime":2088,"items_purged":[],"score":294,"play_id":"9f99e4e3-b19b-482c-af22-f57729aa879c","local_time":"20190203133101","is_ascension_mode":true,"campfire_choices":[{"data":"Neutralize","floor":6.0,"key":"SMITH"},{"floor":15.0,"key":"REST"},{"floor":23,"key":"REST"}],"neow_cost":"NONE","seed_source_timestamp":347173855288888,"circlet_count":0,"master_deck":["Defend_G","Defend_G","Defend_G","Defend_G","Defend_G","Strike_G","Strike_G","Strike_G","Strike_G","Strike_G","Survivor","Neutralize+1","Deflect","Skewer","Flying Knee","PiercingWail","Sucker Punch+1","Cloak And Dagger","Dodge and Roll","Blur","Bouncing Flask","Malaise","Escape Plan","Backflip","Glass Knife"],"special_seed":0,"relics":["Ring of the Snake","CultistMask","Bag of Preparation","Omamori","Strawberry","Lizard Tail"],"potions_floor_usage":[24],"damage_taken":[{"damage":7.0,"enemies":"Cultist","floor":1.0,"turns":5.0},{"damage":3.0,"enemies":"Small Slimes","floor":2.0,"turns":4.0},{"damage":1.0,"enemies":"Jaw Worm","floor":3.0,"turns":5.0},{"damage":35.0,"enemies":"3 Sentries","floor":7.0,"turns":17.0},{"damage":6.0,"enemies":"Gremlin Gang","floor":8.0,"turns":4.0},{"damage":0.0,"enemies":"Looter","floor":11.0,"turns":2.0},{"damage":0.0,"enemies":"3 Louse","floor":12.0,"turns":4.0},{"damage":1.0,"enemies":"Exordium Thugs","floor":13.0,"turns":8.0},{"damage":8.0,"enemies":"Lagavulin","floor":14.0,"turns":12.0},{"damage":12.0,"enemies":"The Guardian","floor":16.0,"turns":14.0},{"damage":16.0,"enemies":"Spheric Guardian","floor":18.0,"turns":6.0},{"damage":56,"enemies":"3 Byrds","floor":19,"turns":10},{"damage":39,"enemies":"Shelled Parasite and Fungi","floor":22,"turns":8},{"damage":40,"enemies":"Book of Stabbing","floor":24,"turns":11}],"seed_played":"-698832124057529964","potions_obtained":[{"floor":2.0,"key":"FairyPotion"},{"floor":3.0,"key":"SkillPotion"},{"floor":8.0,"key":"EssenceOfSteel"},{"floor":13.0,"key":"Block Potion"},{"floor":22,"key":"EssenceOfSteel"}],"is_trial":false,"path_per_floor":["M","M","M","$","?","R","E","M","T","?","M","M","M","E","R","B",null,"M","M","?","?","M","R","E"],"character_chosen":"THE_SILENT","items_purchased":["PiercingWail","GhostInAJar"],"campfire_rested":2,"item_purchase_floors":[4,4],"current_hp_per_floor":[63,60,59,59,59,59,24,18,18,18,18,18,17,16,41,29,70,54,7,7,7,13,38,0],"gold":328,"neow_bonus":"TEN_PERCENT_HP_BONUS","is_prod":false,"is_daily":false,"chose_seed":false,"campfire_upgraded":1,"win_rate":0,"timestamp":1549229461,"path_taken":["M","M","M","$","?","R","E","?","T","?","?","M","M","E","R","BOSS","M","M","?","?","?","R","E"],"build_version":"2019-01-23","purchased_purges":0,"victory":false,"max_hp_per_floor":[77,77,77,77,77,77,77,77,77,77,77,77,77,84,84,84,84,84,84,84,84,84,84,84],"card_choices":[{"not_picked":["Acrobatics","Flying Knee"],"picked":"Deflect","floor":1.0},{"not_picked":["Eviscerate","Dagger Throw"],"picked":"Skewer","floor":2.0},{"not_picked":["Deflect","Blade Dance"],"picked":"Flying Knee","floor":3.0},{"not_picked":["All Out Attack","Flying Knee","Catalyst"],"picked":"SKIP","floor":7.0},{"not_picked":["Prepared","Outmaneuver"],"picked":"Sucker Punch","floor":8.0},{"not_picked":["Poisoned Stab","Dagger Spray"],"picked":"Cloak And Dagger","floor":11.0},{"not_picked":["Deadly Poison","Poisoned Stab"],"picked":"Dodge and Roll","floor":12.0},{"not_picked":["Cloak And Dagger","Finisher"],"picked":"Blur","floor":13.0},{"not_picked":["Quick Slash","Calculated Gamble"],"picked":"Bouncing Flask","floor":14.0},{"not_picked":["Wraith Form v2","Unload"],"picked":"Malaise","floor":16.0},{"not_picked":["Underhanded Strike","Flying Knee"],"picked":"Escape Plan","floor":18.0},{"not_picked":["Flying Knee","Dodge and Roll"],"picked":"Backflip","floor":19},{"not_picked":["Prepared","Poisoned Stab"],"picked":"Glass Knife","floor":22}],"player_experience":424220,"relics_obtained":[{"floor":7.0,"key":"Bag of Preparation"},{"floor":9.0,"key":"Omamori"},{"floor":14.0,"key":"Strawberry"}],"event_choices":[{"damage_healed":0.0,"max_hp_gain":0.0,"max_hp_loss":0.0,"gold_gain":0.0,"event_name":"FaceTrader","player_choice":"Trade","floor":5.0,"gold_loss":0.0,"damage_taken":0.0,"relics_obtained":["CultistMask"]},{"damage_healed":0.0,"max_hp_gain":0.0,"max_hp_loss":0.0,"gold_gain":0.0,"event_name":"Accursed Blacksmith","player_choice":"Forge","floor":10.0,"gold_loss":0.0,"damage_taken":0.0,"cards_upgraded":["Sucker Punch"]},{"damage_healed":0,"gold_gain":0,"player_choice":"Ignored","damage_taken":0,"max_hp_gain":0,"max_hp_loss":0,"event_name":"Ghosts","floor":20,"gold_loss":0},{"damage_healed":0,"gold_gain":0,"player_choice":"Ignored","damage_taken":0,"max_hp_gain":0,"max_hp_loss":0,"event_name":"Cursed Tome","floor":21,"gold_loss":0}],"is_beta":false,"boss_relics":[{"not_picked":["Tiny House","Pandora\u0027s Box"],"picked":"Lizard Tail"}],"items_purged_floors":[],"is_endless":false,"potions_floor_spawned":[2,3,8,13,22],"killed_by":"Book of Stabbing","ascension_level":8}