{"gold_per_floor":[113,127,140,160,110,110,136,136,136,168,168,194,194,205,205,309,309,328,318,318,207,207,207,238,238,238,238,255,59,69,84,84,185,185,200,76,76,26,38,38,69,69,69,84,131,147,97,113,113,113],"floor_reached":51,"playtime":2230,"items_purged":["Strike_G","Normality","Decay","Writhe"],"score":859,"play_id":"ef10c05b-84d4-4765-81b8-cd1e1767728c","local_time":"20190415013150","is_ascension_mode":true,"campfire_choices":[{"floor":6,"key":"REST"},{"floor":8,"key":"REST"},{"floor":11,"key":"REST"},{"floor":15,"key":"REST"},{"floor":23,"key":"REST"},{"floor":25,"key":"REST"},{"data":"Noxious Fumes","floor":27,"key":"SMITH"},{"floor":32,"key":"REST"},{"floor":40,"key":"REST"},{"floor":42,"key":"REST"},{"floor":49,"key":"REST"}],"neow_cost":"NONE","seed_source_timestamp":24398597148465,"circlet_count":0,"master_deck":["Defend_G","Defend_G","Defend_G","Strike_G","Strike_G","Strike_G","Survivor","Neutralize","Glass Knife","Deadly Poison","PiercingWail","Deadly Poison","Backflip","Quick Slash","Distraction+1","Deflect+1","Crippling Poison+1","Noxious Fumes+1","Well Laid Plans+1","Catalyst+1","Apotheosis+1","Well Laid Plans","Glass Knife","Acrobatics+1","Noxious Fumes","Magnetism","Deadly Poison+1","Prepared+1","Parasite","Dash+1","Deadly Poison+1"],"relics":["Ring of the Snake","Toxic Egg 2","Kunai","Matryoshka","Torii","Sozu","Bottled Lightning","Art of War","Darkstone Periapt","Calling Bell","Smiling Mask","Letter Opener","Peace Pipe","Thread and Needle","Mummified Hand","Incense Burner","Regal Pillow"],"potions_floor_usage":[2,16,16],"damage_taken":[{"damage":1,"enemies":"Cultist","floor":1,"turns":3},{"damage":0,"enemies":"2 Louse","floor":2,"turns":2},{"damage":7,"enemies":"Jaw Worm","floor":3,"turns":2},{"damage":13,"enemies":"Blue Slaver","floor":4,"turns":3},{"damage":26,"enemies":"Lagavulin","floor":7,"turns":6},{"damage":22,"enemies":"3 Sentries","floor":10,"turns":10},{"damage":31,"enemies":"Lagavulin","floor":12,"turns":7},{"damage":18,"enemies":"Exordium Thugs","floor":14,"turns":4},{"damage":6,"enemies":"The Guardian","floor":16,"turns":10},{"damage":13,"enemies":"Spheric Guardian","floor":18,"turns":6},{"damage":17,"enemies":"2 Thieves","floor":19,"turns":4},{"damage":20,"enemies":"Book of Stabbing","floor":24,"turns":6},{"damage":13,"enemies":"Snake Plant","floor":28,"turns":4},{"damage":0,"enemies":"Centurion and Healer","floor":30,"turns":2},{"damage":0,"enemies":"Sentry and Sphere","floor":31,"turns":3},{"damage":28,"enemies":"Automaton","floor":33,"turns":9},{"damage":1,"enemies":"Orb Walker","floor":35,"turns":2},{"damage":23,"enemies":"3 Shapes","floor":39,"turns":3},{"damage":23,"enemies":"Giant Head","floor":41,"turns":7},{"damage":37,"enemies":"Spire Growth","floor":44,"turns":4},{"damage":1,"enemies":"Writhing Mass","floor":46,"turns":5},{"damage":14,"enemies":"Jaw Worm Horde","floor":48,"turns":4},{"damage":26,"enemies":"Donu and Deca","floor":50,"turns":6}],"seed_played":"2978739445112329942","potions_obtained":[{"floor":1,"key":"Fruit Juice"},{"floor":12,"key":"SteroidPotion"},{"floor":14,"key":"Weak Potion"}],"is_trial":false,"path_per_floor":["M","M","M","M","?","R","E","R","T","E","R","E","?","M","R","B",null,"M","M","?","$","?","R","E","R","T","R","M","$","M","M","R","B",null,"M","$","?","$","M","R","E","R","T","M","T","M","$","M","R","B",null],"character_chosen":"THE_SILENT","items_purchased":["Noxious Fumes","Apotheosis+1","Noxious Fumes"],"campfire_rested":10,"item_purchase_floors":[21,29,36],"current_hp_per_floor":[69,74,67,54,54,75,49,71,71,49,71,40,40,22,44,38,75,62,45,45,45,45,67,47,69,69,69,56,56,56,56,75,47,93,92,92,92,92,69,93,70,93,93,56,56,61,61,47,91,65],"gold":113,"neow_bonus":"ONE_RANDOM_RARE_CARD","is_prod":false,"is_daily":false,"chose_seed":false,"campfire_upgraded":1,"win_rate":0,"timestamp":1555284710,"path_taken":["M","M","M","M","?","R","E","R","T","E","R","E","?","M","R","BOSS","M","?","?","$","?","R","E","R","T","R","M","$","M","M","R","BOSS","M","$","?","?","M","R","E","R","T","M","?","M","$","M","R","BOSS"],"build_version":"2019-01-23","purchased_purges":4,"victory":true,"max_hp_per_floor":[70,75,75,75,75,75,75,75,75,75,75,75,75,75,75,75,75,75,75,75,75,75,75,75,75,75,75,75,75,75,75,75,75,93,93,93,93,93,93,93,93,93,93,93,93,99,99,99,99,99],"card_choices":[{"not_picked":["Flying Knee","Dodge and Roll"],"picked":"Deadly Poison","floor":1},{"not_picked":["Heel Hook","Prepared"],"picked":"PiercingWail","floor":2},{"not_picked":["Flying Knee","Acrobatics"],"picked":"Deadly Poison","floor":3},{"not_picked":["Dodge and Roll","Masterful Stab"],"picked":"Backflip","floor":4},{"not_picked":["A Thousand Cuts","Dagger Spray","Predator"],"picked":"SKIP","floor":7},{"not_picked":["Heel Hook","Slice","All Out Attack"],"picked":"SKIP","floor":10},{"not_picked":["Riddle With Holes","Outmaneuver+1"],"picked":"Quick Slash","floor":12},{"not_picked":["Bane","Slice"],"picked":"Deflect+1","floor":14},{"not_picked":["Tactician+1","Underhanded Strike","Reflex+1"],"picked":"SKIP","floor":18},{"not_picked":["Deadly Poison+1","Dagger Spray"],"picked":"Crippling Poison+1","floor":19},{"not_picked":["Blade Dance+1","Calculated Gamble+1"],"picked":"Well Laid Plans+1","floor":24},{"not_picked":["Underhanded Strike","Deadly Poison+1"],"picked":"Catalyst+1","floor":28},{"not_picked":["Dagger Throw","Choke"],"picked":"Well Laid Plans","floor":30},{"not_picked":["Expertise+1","Eviscerate","Quick Slash"],"picked":"SKIP","floor":31},{"not_picked":["Burst+1","Night Terror+1"],"picked":"Glass Knife","floor":33},{"not_picked":["Deflect+1","Blade Dance+1"],"picked":"Acrobatics+1","floor":35},{"not_picked":["PanicButton+1","Enlightenment+1"],"picked":"Magnetism","floor":37},{"not_picked":["Dagger Spray","Leg Sweep+1"],"picked":"Deadly Poison+1","floor":39},{"not_picked":["Dodge and Roll+1","Outmaneuver+1"],"picked":"Prepared+1","floor":41},{"not_picked":["Caltrops","Choke","Setup+1"],"picked":"SKIP","floor":44},{"not_picked":["Flying Knee","Bane+1"],"picked":"Dash+1","floor":46},{"not_picked":["Dash","Dagger Spray+1"],"picked":"Deadly Poison+1","floor":48}],"player_experience":469686,"relics_obtained":[{"floor":7,"key":"Toxic Egg 2"},{"floor":9,"key":"Kunai"},{"floor":10,"key":"Matryoshka"},{"floor":12,"key":"Torii"},{"floor":24,"key":"Bottled Lightning"},{"floor":26,"key":"Art of War"},{"floor":26,"key":"Darkstone Periapt"},{"floor":34,"key":"Smiling Mask"},{"floor":34,"key":"Letter Opener"},{"floor":34,"key":"Peace Pipe"},{"floor":41,"key":"Thread and Needle"},{"floor":43,"key":"Mummified Hand"},{"floor":43,"key":"Incense Burner"},{"floor":45,"key":"Regal Pillow"}],"event_choices":[{"cards_removed":["Strike_G"],"damage_healed":0,"gold_gain":0,"player_choice":"Card Removal","damage_taken":0,"max_hp_gain":0,"max_hp_loss":0,"event_name":"The Cleric","floor":5,"gold_loss":50},{"damage_healed":0,"gold_gain":0,"cards_transformed":["Defend_G"],"player_choice":"Transformed","damage_taken":0,"max_hp_gain":0,"max_hp_loss":0,"event_name":"Transmorgrifier","floor":13,"gold_loss":0,"cards_obtained":["Distraction"]},{"damage_healed":0,"gold_gain":0,"player_choice":"Ignored","damage_taken":0,"max_hp_gain":0,"max_hp_loss":0,"event_name":"Vampires","floor":20,"gold_loss":0},{"cards_removed":["Defend_G"],"damage_healed":0,"gold_gain":0,"player_choice":"Elegance","damage_taken":0,"max_hp_gain":0,"max_hp_loss":0,"event_name":"Back to Basics","floor":22,"gold_loss":0},{"damage_healed":0,"gold_gain":0,"player_choice":"Memory 1","damage_taken":0,"max_hp_gain":0,"max_hp_loss":0,"event_name":"SensoryStone","floor":37,"gold_loss":0}],"is_beta":false,"boss_relics":[{"not_picked":["Runic Dome","Eternal Feather"],"picked":"Sozu"},{"not_picked":["Philosopher\u0027s Stone","Cursed Key"],"picked":"Calling Bell"}],"items_purged_floors":[21,36,38,47],"is_endless":false,"potions_floor_spawned":[1,12,14,18,24,28,35,39,46],"ascension_level":2}