{"gold_per_floor":[117,117,134,150,168,168,193,193,216,230,258,275,290,29,29,124,124,135,152,152,152,152,152,19,50,76,76,102,125,165,177,189,297,309,336,401,413,39,53,83,83,115,415,176,176,176,176,176,176,176],"floor_reached":51,"playtime":10898,"items_purged":["Strike_B","Turbo","Rebound","Injury"],"score":959,"play_id":"d5179ed6-729a-42fe-86fe-528ca05eb15e","local_time":"20180724190200","is_ascension_mode":true,"campfire_choices":[{"data":"Go for the Eyes","floor":6,"key":"SMITH"},{"data":"Zap","floor":8,"key":"SMITH"},{"data":"Machine Learning","floor":15,"key":"SMITH"},{"data":"Defragment","floor":23,"key":"SMITH"},{"data":"Defragment","floor":32,"key":"SMITH"},{"data":"Seek","floor":41,"key":"SMITH"},{"data":"Creative AI","floor":46,"key":"SMITH"},{"data":"Storm","floor":49,"key":"SMITH"}],"neow_cost":"NONE","seed_source_timestamp":101760316098745,"circlet_count":0,"master_deck":["Zap+1","Dualcast+1","Steam","Rip and Tear","Self Repair","Go for the Eyes+1","Darkness","Storm+1","Sunder","Self Repair","Machine Learning+1","Heatsinks","FTL","Sweeping Beam","Machine Learning","Go for the Eyes","Glacier","Cold Snap","Go for the Eyes","Sweeping Beam","Defragment+1","Compile Driver","Ghostly","Ghostly","Ghostly","Ghostly","Ghostly","RitualDagger","Defragment+1","BootSequence","Undo","Chill","Creative AI+1","Doom and Gloom","Force Field","Seek+1","Electrodynamics","Flash of Steel","Writhe"],"relics":["Cracked Core","Centennial Puzzle","DataDisk","Ancient Tea Set","Juzu Bracelet","Pandora\u0027s Box","Pantograph","Art of War","Regal Pillow","MawBank","Dream Catcher","Cursed Key","Emotion Chip","Dodecahedron","Bottled Lightning","Gremlin Horn","Old Coin"],"potions_floor_usage":[7,12,16,16,33,50],"damage_taken":[{"damage":0,"enemies":"Cultist","floor":1,"turns":4},{"damage":0,"enemies":"Jaw Worm","floor":3,"turns":3},{"damage":0,"enemies":"Small Slimes","floor":4,"turns":3},{"damage":0,"enemies":"Looter","floor":5,"turns":2},{"damage":12,"enemies":"Gremlin Nob","floor":7,"turns":3},{"damage":1,"enemies":"Red Slaver","floor":10,"turns":2},{"damage":7,"enemies":"Lagavulin","floor":11,"turns":6},{"damage":3,"enemies":"Blue Slaver","floor":12,"turns":2},{"damage":1,"enemies":"Exordium Wildlife","floor":13,"turns":3},{"damage":5,"enemies":"The Guardian","floor":16,"turns":7},{"damage":16,"enemies":"2 Thieves","floor":18,"turns":4},{"damage":5,"enemies":"Chosen","floor":19,"turns":3},{"damage":0,"enemies":"Book of Stabbing","floor":25,"turns":6},{"damage":8,"enemies":"Gremlin Leader","floor":28,"turns":5},{"damage":4,"enemies":"3 Cultists","floor":29,"turns":5},{"damage":19,"enemies":"Slavers","floor":30,"turns":7},{"damage":16,"enemies":"Collector","floor":33,"turns":12},{"damage":0,"enemies":"Flame Bruiser 1 Orb","floor":35,"turns":6},{"damage":7,"floor":36,"turns":5},{"damage":12,"enemies":"3 Darklings","floor":39,"turns":5},{"damage":19,"enemies":"2 Orb Walkers","floor":40,"turns":5},{"damage":0,"enemies":"Nemesis","floor":42,"turns":7},{"damage":16,"enemies":"Donu and Deca","floor":50,"turns":5}],"seed_played":"2298210365479327629","potions_obtained":[{"floor":1,"key":"Energy Potion"},{"floor":5,"key":"AttackPotion"},{"floor":11,"key":"Fruit Juice"},{"floor":12,"key":"SteroidPotion"},{"floor":13,"key":"Explosive Potion"},{"floor":19,"key":"SneckoOil"},{"floor":33,"key":"SpeedPotion"},{"floor":40,"key":"Fire Potion"},{"floor":47,"key":"Swift Potion"}],"is_trial":false,"path_per_floor":["M","?","M","M","M","R","E","R","T","M","E","M","M","$","R","B",null,"M","M","?","T","?","R","$","E","T","$","E","M","E","?","R","B",null,"M","?","?","$","M","E","R","E","T","$","?","R","?","?","R","B"],"character_chosen":"DEFECT","items_purchased":["Heatsinks","FTL","Sweeping Beam","Defragment","Dodecahedron","Flash of Steel"],"campfire_rested":0,"item_purchase_floors":[14,14,14,24,38,44],"current_hp_per_floor":[75,60,60,60,67,67,62,62,62,68,68,70,80,80,80,80,80,78,80,40,40,34,34,34,40,40,40,40,40,35,35,35,24,40,40,33,40,40,35,23,23,37,37,37,37,37,37,40,40,38],"gold":176,"neow_bonus":"RANDOM_COMMON_RELIC","is_prod":false,"is_daily":false,"chose_seed":false,"campfire_upgraded":8,"win_rate":0,"timestamp":1532484120,"path_taken":["M","?","?","M","M","R","E","R","T","M","E","M","M","$","R","BOSS","M","M","?","?","?","R","?","E","T","$","E","M","E","?","R","BOSS","M","?","?","$","M","E","R","E","T","?","?","R","?","?","R","BOSS"],"build_version":"2018-07-19v2","purchased_purges":4,"victory":true,"max_hp_per_floor":[75,75,75,75,75,75,75,75,75,75,75,80,80,80,80,80,80,80,80,40,40,40,40,40,40,40,40,40,40,40,40,40,40,40,40,40,40,40,40,40,40,40,40,40,40,40,40,40,40,40],"card_choices":[{"not_picked":["Capacitor","Streamline"],"picked":"Steam","floor":1},{"not_picked":["Beam Cell","Redo"],"picked":"Rip and Tear","floor":3},{"not_picked":["Capacitor","Force Field"],"picked":"Self Repair","floor":4},{"not_picked":["Recycle","Rebound"],"picked":"Go for the Eyes","floor":5},{"not_picked":["Fusion","Turbo"],"picked":"Darkness","floor":7},{"not_picked":["Turbo","Stack"],"picked":"Storm","floor":10},{"not_picked":["Leap","Turbo"],"picked":"Sunder","floor":11},{"not_picked":["Chaos","Rebound"],"picked":"Self Repair","floor":12},{"not_picked":["Go for the Eyes","Sweeping Beam"],"picked":"Machine Learning","floor":13},{"not_picked":["Reboot","Rainbow"],"picked":"Machine Learning","floor":16},{"not_picked":["Beam Cell","Go for the Eyes"],"picked":"Defragment","floor":18},{"not_picked":["Steam+1","Coolheaded"],"picked":"Compile Driver","floor":19},{"not_picked":["Go for the Eyes","Melter"],"picked":"BootSequence","floor":25},{"not_picked":["Rebound+1","Gash+1"],"picked":"Undo","floor":28},{"not_picked":["Blizzard","Turbo"],"picked":"Chill","floor":29},{"not_picked":["Beam Cell+1","Go for the Eyes","Sweeping Beam"],"picked":"SKIP","floor":30},{"not_picked":["Seek","Amplify"],"picked":"Creative AI","floor":33},{"not_picked":["Gash","Steam Power"],"picked":"Consume","floor":35},{"not_picked":["Rebound+1","Steam Power+1"],"picked":"Doom and Gloom","floor":36},{"not_picked":["Fusion","Barrage"],"picked":"Force Field","floor":39},{"not_picked":["FTL+1","Genetic Algorithm+1"],"picked":"Seek","floor":40},{"not_picked":["Hologram","Conserve Battery"],"picked":"Electrodynamics","floor":42}],"player_experience":170360,"relics_obtained":[{"floor":7,"key":"DataDisk"},{"floor":9,"key":"Ancient Tea Set"},{"floor":11,"key":"Juzu Bracelet"},{"floor":21,"key":"Pantograph"},{"floor":25,"key":"Art of War"},{"floor":26,"key":"Regal Pillow"},{"floor":28,"key":"MawBank"},{"floor":30,"key":"Dream Catcher"},{"floor":36,"key":"Emotion Chip"},{"floor":40,"key":"Bottled Lightning"},{"floor":42,"key":"Gremlin Horn"},{"floor":43,"key":"Old Coin"}],"event_choices":[{"event_name":"Shining Light","player_choice":"Entered Light","floor":2,"damage_taken":0},{"event_name":"Ghosts","player_choice":"Became a Ghost","floor":20,"damage_taken":0},{"event_name":"Nest","player_choice":"Joined the Cult","floor":22,"damage_taken":0},{"event_name":"Vampires","player_choice":"Ignored","floor":31,"damage_taken":0},{"event_name":"Mysterious Sphere","player_choice":"Fight","floor":36,"damage_taken":0},{"event_name":"Wheel of Change","player_choice":"Full Heal","floor":37,"damage_taken":0},{"event_name":"Purifier","player_choice":"One Purge","floor":45,"damage_taken":0},{"event_name":"The Lab","player_choice":"Got Potions","floor":47,"damage_taken":0},{"event_name":"Winding Halls","player_choice":"Writhe","floor":48,"damage_taken":0}],"is_beta":false,"boss_relics":[{"not_picked":["Velvet Choker","Lizard Tail"],"picked":"Pandora\u0027s Box"},{"not_picked":["Orrery","White Beast Statue"],"picked":"Cursed Key"}],"items_purged_floors":[14,24,38,44],"is_endless":false,"potions_floor_spawned":[1,5,11,12,13,19,33,40],"ascension_level":3}