{"gold_per_floor":[111,111,130,130,55,55,55,55,81,93,116,158,170,207,219,231],"floor_reached":16,"playtime":1244,"items_purged":[],"score":201,"play_id":"51bd375d-e98b-4d29-a09c-c7bd18398139","local_time":"20181225115320","is_ascension_mode":true,"campfire_choices":[{"data":"Neutralize","floor":6.0,"key":"SMITH"},{"data":"Bane","floor":8.0,"key":"SMITH"},{"data":"Survivor","floor":10.0,"key":"SMITH"},{"data":"Sucker Punch","floor":13.0,"key":"SMITH"},{"data":"Leg Sweep","floor":15.0,"key":"SMITH"}],"neow_cost":"NONE","seed_source_timestamp":107065735839336,"circlet_count":0,"master_deck":["AscendersBane","Defend_G","Defend_G","Defend_G","Defend_G","Defend_G","Strike_G","Strike_G","Strike_G","Strike_G","Survivor+1","Neutralize+1","Bane+1","Dash+1","Sucker Punch+1","Die Die Die","Leg Sweep+1"],"special_seed":0,"relics":["Coffee Dripper","Frozen Egg 2","MawBank","Oddly Smooth Stone","Regal Pillow"],"potions_floor_usage":[16],"damage_taken":[{"damage":2.0,"enemies":"Jaw Worm","floor":1.0,"turns":6.0},{"damage":0.0,"enemies":"2 Louse","floor":3.0,"turns":5.0},{"damage":1.0,"enemies":"Small Slimes","floor":11.0,"turns":3.0},{"damage":39.0,"enemies":"Lagavulin","floor":12.0,"turns":10.0},{"damage":8.0,"enemies":"3 Sentries","floor":14.0,"turns":7.0},{"damage":19,"enemies":"Hexaghost","floor":16,"turns":16}],"seed_played":"1661040341598544921","potions_obtained":[{"floor":12.0,"key":"SpeedPotion"},{"floor":14.0,"key":"Fruit Juice"}],"is_trial":false,"path_per_floor":["M","?","M","T","?","R","?","R","T","R","M","E","R","E","R","B"],"character_chosen":"THE_SILENT","items_purchased":[],"campfire_rested":0,"item_purchase_floors":[],"current_hp_per_floor":[57,62,62,62,62,62,62,62,62,62,61,22,22,19,19,0],"gold":231,"neow_bonus":"BOSS_RELIC","is_prod":false,"is_daily":false,"chose_seed":false,"campfire_upgraded":5,"win_rate":0,"timestamp":1545767600,"path_taken":["M","?","M","?","?","R","?","R","T","R","?","E","R","E","R","BOSS"],"build_version":"2018-12-20","purchased_purges":0,"victory":false,"max_hp_per_floor":[66,71,71,71,71,71,71,71,71,71,71,71,71,76,76,76],"card_choices":[{"not_picked":["Acrobatics","Underhanded Strike"],"picked":"Bane","floor":1.0},{"not_picked":["Flechettes","Dagger Throw"],"picked":"Dash","floor":3.0},{"not_picked":["Masterful Stab","Slice"],"picked":"Sucker Punch","floor":11.0},{"not_picked":["Crippling Poison","Underhanded Strike"],"picked":"Die Die Die","floor":12.0},{"not_picked":["Bane","Backflip"],"picked":"Leg Sweep","floor":14.0}],"player_experience":700528,"relics_obtained":[{"floor":4.0,"key":"Frozen Egg 2"},{"floor":9.0,"key":"MawBank"},{"floor":12.0,"key":"Oddly Smooth Stone"},{"floor":14.0,"key":"Regal Pillow"}],"event_choices":[{"damage_healed":0.0,"max_hp_gain":5.0,"max_hp_loss":0.0,"gold_gain":0.0,"event_name":"Big Fish","player_choice":"Donut","floor":2.0,"gold_loss":0.0,"damage_taken":0.0},{"cards_removed":["Strike_G"],"damage_healed":0.0,"max_hp_gain":0.0,"max_hp_loss":0.0,"gold_gain":0.0,"event_name":"The Cleric","player_choice":"Card Removal","floor":5.0,"gold_loss":75.0,"damage_taken":0.0},{"damage_healed":0.0,"max_hp_gain":0.0,"max_hp_loss":0.0,"gold_gain":0.0,"event_name":"Living Wall","player_choice":"Grow","floor":7.0,"gold_loss":0.0,"damage_taken":0.0,"cards_upgraded":["Dash"]}],"is_beta":false,"boss_relics":[],"items_purged_floors":[],"is_endless":false,"potions_floor_spawned":[12,14],"killed_by":"Hexaghost","ascension_level":18}