{"gold_per_floor":[211,22,22,94,94,128,128,160,183,214,214,164,179,198,198,294,294,312,312,33,33,44,44,77,0,82,117,117,117,117,131,131,234,234,244,244,244,244,48,77,89,101,113,144,156,0,23,50,62,74],"floor_reached":51,"playtime":3430,"items_purged":[],"score":975,"play_id":"204aa590-9785-454e-b269-6d251adf3ace","local_time":"20180725161858","is_ascension_mode":true,"campfire_choices":[{"data":"Well Laid Plans","floor":7,"key":"SMITH"},{"floor":15,"key":"REST"},{"data":"Accuracy","floor":23,"key":"SMITH"},{"data":"A Thousand Cuts","floor":28,"key":"SMITH"},{"data":"Doppelganger","floor":30,"key":"SMITH"},{"floor":32,"key":"REST"},{"data":"After Image","floor":41,"key":"SMITH"},{"data":"Panache","floor":45,"key":"SMITH"},{"floor":49,"key":"REST"}],"neow_cost":"NONE","seed_source_timestamp":185921010814432,"circlet_count":0,"master_deck":["Defend_G","Defend_G","Defend_G","Defend_G","Strike_G+1","Survivor","Neutralize","Cloak And Dagger+1","Well Laid Plans+1","Sucker Punch+1","Heel Hook+1","Footwork","Infinite Blades","Outmaneuver","Doppelganger+1","A Thousand Cuts+1","Bane+1","PiercingWail+1","Infinite Blades","Accuracy+1","Deflect","J.A.X.","Cloak And Dagger+1","RitualDagger+1","Caltrops+1","After Image+1","Cloak And Dagger","Madness","Madness","Accuracy+1","After Image+1","Dramatic Entrance+1","Panache+1","Master of Strategy","PiercingWail","Prepared+1"],"relics":["Ring of the Snake","Juzu Bracelet","Molten Egg 2","Meat on the Bone","Art of War","Bag of Preparation","Bronze Scales","Astrolabe","Letter Opener","Du-Vu Doll","Mummified Hand","Question Card","Runic Dome","DollysMirror","MawBank","Regal Pillow","Red Mask"],"potions_floor_usage":[16,16,33],"damage_taken":[{"damage":0,"enemies":"2 Louse","floor":1,"turns":4},{"damage":5,"enemies":"3 Sentries","floor":6,"turns":12},{"damage":20,"enemies":"Gremlin Nob","floor":8,"turns":4},{"damage":19,"enemies":"3 Sentries","floor":10,"turns":10},{"damage":0,"enemies":"Small Slimes","floor":13,"turns":3},{"damage":0,"enemies":"Jaw Worm","floor":14,"turns":3},{"damage":0,"enemies":"Hexaghost","floor":16,"turns":7},{"damage":24,"enemies":"2 Thieves","floor":18,"turns":4},{"damage":7,"enemies":"Shell Parasite","floor":22,"turns":6},{"damage":27,"enemies":"Book of Stabbing","floor":24,"turns":5},{"damage":3,"enemies":"Gremlin Leader","floor":27,"turns":5},{"damage":4,"enemies":"Centurion and Healer","floor":31,"turns":4},{"damage":32,"enemies":"Collector","floor":33,"turns":6},{"damage":18,"enemies":"Flame Bruiser 1 Orb","floor":35,"turns":4},{"damage":20,"enemies":"Giant Head","floor":40,"turns":6},{"damage":0,"enemies":"3 Darklings","floor":44,"turns":1},{"damage":0,"enemies":"Spire Growth","floor":47,"turns":4},{"damage":5,"enemies":"Sphere and 2 Shapes","floor":48,"turns":4},{"damage":37,"enemies":"Donu and Deca","floor":50,"turns":7}],"seed_played":"5349816022805770586","potions_obtained":[{"floor":10,"key":"Explosive Potion"},{"floor":14,"key":"SteroidPotion"},{"floor":24,"key":"Weak Potion"},{"floor":31,"key":"SpeedPotion"},{"floor":33,"key":"Weak Potion"},{"floor":35,"key":"Energy Potion"},{"floor":47,"key":"Explosive Potion"}],"is_trial":false,"path_per_floor":["M","$","?","T","?","E","R","E","T","E","?","?","M","M","R","B",null,"M","?","$","?","M","R","E","?","T","E","R","?","R","M","R","B",null,"M","?","?","?","$","E","R","?","T","M","R","?","M","M","R","B"],"character_chosen":"THE_SILENT","items_purchased":["Juzu Bracelet","Well Laid Plans","Accuracy","Letter Opener","DollysMirror"],"campfire_rested":3,"item_purchase_floors":[2,2,20,20,39],"current_hp_per_floor":[70,70,56,56,56,51,51,43,43,36,36,36,36,36,57,57,70,46,46,46,46,39,39,24,24,24,33,33,27,27,35,56,36,70,52,52,43,43,43,35,35,25,25,37,37,37,37,44,70,45],"gold":86,"neow_bonus":"HUNDRED_GOLD","is_prod":false,"is_daily":false,"chose_seed":false,"campfire_upgraded":6,"win_rate":0,"timestamp":1532560738,"path_taken":["M","$","?","?","?","E","R","E","T","E","?","?","M","M","R","BOSS","M","?","$","?","M","R","E","?","T","E","R","?","R","M","R","BOSS","M","?","?","?","$","E","R","?","T","M","R","?","M","M","R","BOSS"],"build_version":"2018-07-19v2","purchased_purges":0,"victory":true,"max_hp_per_floor":[70,70,70,70,70,70,70,70,70,70,70,70,70,70,70,70,70,70,70,70,70,70,70,70,70,70,70,70,70,70,70,70,70,70,70,70,70,70,70,70,70,70,70,70,70,70,70,70,70,70],"card_choices":[{"not_picked":["Slice","Dagger Spray"],"picked":"Cloak And Dagger","floor":1},{"not_picked":["Dodge and Roll","Flying Knee+1"],"picked":"Sucker Punch+1","floor":6},{"not_picked":["Blur","Backflip"],"picked":"Heel Hook+1","floor":8},{"not_picked":["Flechettes+1","Endless Agony+1"],"picked":"Footwork","floor":10},{"not_picked":["Deflect","Leg Sweep"],"picked":"Outmaneuver","floor":13},{"not_picked":["Flying Knee+1","Underhanded Strike+1"],"picked":"Doppelganger","floor":14},{"not_picked":["Bullet Time","Tools of the Trade"],"picked":"A Thousand Cuts","floor":16},{"not_picked":["Flying Knee+1","Prepared"],"picked":"Infinite Blades","floor":18},{"not_picked":["Outmaneuver","Bane+1"],"picked":"Deflect","floor":22},{"not_picked":["Wraith Form v2","Bouncing Flask","Tactician+1"],"picked":"SKIP","floor":24},{"not_picked":["Deflect+1","Outmaneuver"],"picked":"Cloak And Dagger+1","floor":27},{"not_picked":["Sucker Punch+1","Outmaneuver","Distraction"],"picked":"Caltrops+1","floor":31},{"not_picked":["Phantasmal Killer","Storm of Steel","A Thousand Cuts"],"picked":"After Image","floor":33},{"not_picked":["Dagger Spray+1","Finisher+1","Sucker Punch+1"],"picked":"Cloak And Dagger","floor":35},{"not_picked":["Underhanded Strike+1","Slice+1","Backstab+1"],"picked":"After Image","floor":40},{"not_picked":["Blind","Magnetism","Jack Of All Trades"],"picked":"Dramatic Entrance+1","floor":42},{"not_picked":["Blind","Magnetism","Swift Strike+1"],"picked":"Panache","floor":42},{"not_picked":["Secret Technique","Panache","Magnetism"],"picked":"Master of Strategy","floor":42},{"not_picked":["Dagger Throw+1","Underhanded Strike+1","Dodge and Roll+1"],"picked":"PiercingWail","floor":44},{"not_picked":["Sucker Punch+1","Masterful Stab+1","Concentrate","Dodge and Roll+1"],"picked":"SKIP","floor":47},{"not_picked":["Predator+1","Dodge and Roll","Dash+1"],"picked":"Prepared+1","floor":48}],"player_experience":190648,"relics_obtained":[{"floor":4,"key":"Molten Egg 2"},{"floor":6,"key":"Meat on the Bone"},{"floor":8,"key":"Art of War"},{"floor":9,"key":"Bag of Preparation"},{"floor":10,"key":"Bronze Scales"},{"floor":24,"key":"Du-Vu Doll"},{"floor":26,"key":"Mummified Hand"},{"floor":27,"key":"Question Card"},{"floor":40,"key":"MawBank"},{"floor":43,"key":"Regal Pillow"}],"event_choices":[{"event_name":"Shining Light","player_choice":"Entered Light","floor":3,"damage_taken":0},{"event_name":"Purifier","player_choice":"One Purge","floor":5,"damage_taken":0},{"event_name":"Match and Keep!","player_choice":"2 cards matched","floor":11,"damage_taken":0},{"event_name":"Match and Keep!","player_choice":"2 cards matched","floor":11,"damage_taken":0},{"event_name":"The Cleric","player_choice":"Card Removal","floor":12,"damage_taken":0},{"event_name":"Back to Basics","player_choice":"Elegance","floor":19,"damage_taken":0},{"event_name":"Vampires","player_choice":"Ignored","floor":21,"damage_taken":0},{"event_name":"Drug Dealer","player_choice":"Got JAXXED","floor":25,"damage_taken":0},{"event_name":"Nest","player_choice":"Joined the Cult","floor":29,"damage_taken":0},{"event_name":"Accursed Blacksmith","player_choice":"Forge","floor":36,"damage_taken":0},{"event_name":"Winding Halls","player_choice":"Embrace Madness","floor":37,"damage_taken":0},{"event_name":"Falling","player_choice":"Removed Attack","floor":38,"damage_taken":0},{"event_name":"SensoryStone","player_choice":"Memory 3","floor":42,"damage_taken":0},{"event_name":"Tomb of Lord Red Mask","player_choice":"Paid","floor":46,"damage_taken":0}],"is_beta":false,"boss_relics":[{"not_picked":["Pandora\u0027s Box","Cursed Key"],"picked":"Astrolabe"},{"not_picked":["Velvet Choker","Philosopher\u0027s Stone"],"picked":"Runic Dome"}],"items_purged_floors":[],"is_endless":false,"potions_floor_spawned":[10,14,24,31,33,35,47],"ascension_level":4}