{"gold_per_floor":[119,129,148,8,26,26,45,80,151,184,184,214,214,214,214,293,293,305,323,283,60,72,72,104,104,104,104,139,64,76,95,95,173,173,192,192,239,239,257,257,257,257,257,270,270,270,3,21,21,21],"floor_reached":51,"playtime":5200,"items_purged":["Clash+1"],"score":1193,"play_id":"9353fe99-2c98-4ecd-99a6-3874f82f43ba","local_time":"20180820223453","is_ascension_mode":true,"campfire_choices":[{"data":"Clothesline","floor":6.0,"key":"SMITH"},{"data":"Bludgeon","floor":11.0,"key":"SMITH"},{"data":"Flame Barrier","floor":13.0,"key":"SMITH"},{"data":"Bash","floor":15.0,"key":"SMITH"},{"data":"Clothesline","floor":23.0,"key":"SMITH"},{"data":"Fiend Fire","floor":25.0,"key":"SMITH"},{"data":"Armaments","floor":27.0,"key":"SMITH"},{"floor":32.0,"key":"REST"},{"data":"1","floor":40.0,"key":"LIFT"},{"data":"2","floor":42.0,"key":"LIFT"},{"data":"3","floor":46.0,"key":"LIFT"},{"data":"Limit Break","floor":49.0,"key":"SMITH"}],"neow_cost":"NONE","seed_source_timestamp":314739887514513,"circlet_count":0,"master_deck":["Strike_R","Defend_R","Defend_R","Defend_R","Defend_R","Bash+1","AscendersBane","Rampage","Clothesline+1","Metallicize","Feed","Shrug It Off","Iron Wave","Bludgeon+1","Flame Barrier+1","Fiend Fire+1","Armaments+1","Inflame+1","Clothesline+1","Shockwave","Armaments","Reaper","Dropkick+1","Entrench+1","Anger","Sword Boomerang+1","True Grit","Sadistic Nature+1","Limit Break+1","Armaments+1"],"special_seed":0,"relics":["Burning Blood","Omamori","Frozen Egg 2","Pear","Unceasing Top","Anchor","Cursed Key","Vajra","Centennial Puzzle","Bottled Flame","Blood Vial","Astrolabe","Girya","Mercury Hourglass","Turnip","Paper Frog"],"potions_floor_usage":[50,50],"damage_taken":[{"damage":2.0,"enemies":"2 Louse","floor":1.0,"turns":4.0},{"damage":1.0,"enemies":"Cultist","floor":2.0,"turns":3.0},{"damage":7.0,"enemies":"Small Slimes","floor":3.0,"turns":4.0},{"damage":9.0,"enemies":"Looter","floor":5.0,"turns":5.0},{"damage":19.0,"enemies":"Exordium Thugs","floor":7.0,"turns":5.0},{"damage":28.0,"enemies":"3 Sentries","floor":8.0,"turns":13.0},{"damage":31.0,"enemies":"Gremlin Nob","floor":10.0,"turns":6.0},{"damage":12.0,"enemies":"3 Sentries","floor":12.0,"turns":9.0},{"damage":20.0,"enemies":"Slime Boss","floor":16.0,"turns":13.0},{"damage":1.0,"enemies":"2 Thieves","floor":18.0,"turns":4.0},{"damage":4.0,"enemies":"Chosen","floor":19.0,"turns":6.0},{"damage":46.0,"enemies":"Sentry and Sphere","floor":22.0,"turns":6.0},{"damage":14.0,"enemies":"Book of Stabbing","floor":24.0,"turns":5.0},{"damage":33.0,"enemies":"Gremlin Leader","floor":28.0,"turns":7.0},{"damage":4.0,"enemies":"Cultist and Chosen","floor":30.0,"turns":6.0},{"damage":11.0,"enemies":"Snake Plant","floor":31.0,"turns":4.0},{"damage":16.0,"enemies":"Collector","floor":33.0,"turns":19.0},{"damage":43.0,"enemies":"3 Darklings","floor":35.0,"turns":8.0},{"damage":15.0,"floor":37.0,"turns":7.0},{"damage":3.0,"enemies":"Orb Walker","floor":39.0,"turns":5.0},{"damage":0.0,"floor":41.0,"turns":4.0},{"damage":12.0,"enemies":"Sphere and 2 Shapes","floor":44.0,"turns":8.0},{"damage":0.0,"enemies":"Maw","floor":48.0,"turns":6.0},{"damage":43,"enemies":"Time Eater","floor":50,"turns":8}],"seed_played":"-3486334176262480880","potions_obtained":[{"floor":1.0,"key":"LiquidBronze"},{"floor":5.0,"key":"FairyPotion"},{"floor":10.0,"key":"Regen Potion"},{"floor":14.0,"key":"PowerPotion"},{"floor":16.0,"key":"Swift Potion"},{"floor":20.0,"key":"EntropicBrew"},{"floor":24.0,"key":"Block Potion"},{"floor":28.0,"key":"PowerPotion"},{"floor":30.0,"key":"BloodPotion"},{"floor":41.0,"key":"Fire Potion"},{"floor":48.0,"key":"Weak Potion"}],"is_trial":false,"path_per_floor":["M","M","M","$","M","R","M","E","T","E","R","E","R","?","R","B",null,"M","M","?","$","M","R","E","R","T","R","E","?","M","M","R","B",null,"M","?","?","?","M","R","?","R","T","M","?","R","$","M","R","B"],"character_chosen":"IRONCLAD","items_purchased":["Feed","Inflame+1","Vajra","Limit Break","PowerPotion"],"campfire_rested":1,"item_purchase_floors":[4,21,21,47,47],"current_hp_per_floor":[72,75,74,74,74,74,64,45,55,33,33,45,45,45,45,34,86,94,96,96,96,56,56,48,48,48,48,21,21,25,32,63,59,97,85,85,97,97,102,102,116,116,116,119,109,109,109,122,122,103],"gold":21,"neow_bonus":"RANDOM_COMMON_RELIC","is_prod":false,"is_daily":false,"chose_seed":false,"campfire_upgraded":8,"win_rate":0,"timestamp":1534829693,"path_taken":["M","M","M","$","M","R","M","E","T","E","R","E","R","?","R","BOSS","M","M","?","$","M","R","E","R","T","R","E","?","M","M","R","BOSS","M","?","?","?","?","R","?","R","T","M","?","R","$","M","R","BOSS"],"build_version":"2018-08-16","purchased_purges":1,"victory":true,"max_hp_per_floor":[75,75,75,75,78,78,81,84,94,97,97,100,100,100,100,103,103,106,106,106,106,106,106,106,106,106,106,106,106,106,106,106,110,110,113,113,116,116,116,116,116,116,116,119,119,119,119,122,122,122],"card_choices":[{"not_picked":["Burning Pact","Bloodletting"],"picked":"Rampage","floor":1.0},{"not_picked":["Rupture","Bloodletting"],"picked":"Clothesline","floor":2.0},{"not_picked":["Evolve","Body Slam"],"picked":"Metallicize","floor":3.0},{"not_picked":["Flex","Body Slam"],"picked":"Shrug It Off","floor":5.0},{"not_picked":["Warcry","Bloodletting","Flex"],"picked":"SKIP","floor":7.0},{"not_picked":["Sever Soul","Intimidate"],"picked":"Iron Wave","floor":8.0},{"not_picked":["Sever Soul","Flex"],"picked":"Bludgeon","floor":10.0},{"not_picked":["Wild Strike","Hemokinesis"],"picked":"Flame Barrier","floor":12.0},{"not_picked":["Brutality+1","Dark Embrace+1"],"picked":"Fiend Fire","floor":16.0},{"not_picked":["Clash","Body Slam","Dual Wield"],"picked":"SKIP","floor":18.0},{"not_picked":["Hemokinesis","Heavy Blade"],"picked":"Armaments","floor":19.0},{"not_picked":["Shockwave","Havoc+1"],"picked":"Clothesline","floor":22.0},{"not_picked":["Pommel Strike","Sentinel","Heavy Blade"],"picked":"SKIP","floor":24.0},{"not_picked":["Fiend Fire","Rupture+1"],"picked":"Shockwave","floor":28.0},{"not_picked":["Twin Strike","Hemokinesis"],"picked":"Feel No Pain+1","floor":30.0},{"not_picked":["Clash","Searing Blow"],"picked":"Armaments","floor":31.0},{"not_picked":["Feed","Juggernaut+1"],"picked":"Reaper","floor":33.0},{"not_picked":["Body Slam","Armaments"],"picked":"Anger","floor":35.0},{"not_picked":["Pommel Strike","Wild Strike"],"picked":"Sword Boomerang+1","floor":37.0},{"not_picked":["Perfected Strike","Flex","Heavy Blade"],"picked":"SKIP","floor":39.0},{"not_picked":["Intimidate","Entrench"],"picked":"True Grit","floor":44.0},{"not_picked":["Trip","Finesse"],"picked":"Sadistic Nature+1","floor":45.0},{"not_picked":["Sword Boomerang+1","Perfected Strike"],"picked":"Armaments+1","floor":48.0}],"player_experience":561261,"relics_obtained":[{"floor":8.0,"key":"Frozen Egg 2"},{"floor":9.0,"key":"Pear"},{"floor":10.0,"key":"Unceasing Top"},{"floor":12.0,"key":"Anchor"},{"floor":24.0,"key":"Centennial Puzzle"},{"floor":26.0,"key":"Bottled Flame"},{"floor":28.0,"key":"Blood Vial"},{"floor":37.0,"key":"Girya"},{"floor":41.0,"key":"Turnip"},{"floor":43.0,"key":"Paper Frog"}],"event_choices":[{"event_name":"The Lab","player_choice":"Got Potions","floor":14.0,"damage_taken":0.0},{"event_name":"The Woman in Blue","player_choice":"Bought 3 Potions","floor":20.0,"damage_taken":0.0},{"event_name":"Beggar","player_choice":"Gave Gold","floor":29.0,"damage_taken":0.0},{"event_name":"Falling","player_choice":"Removed Power","floor":36.0,"damage_taken":0.0},{"event_name":"Mysterious Sphere","player_choice":"Fight","floor":37.0,"damage_taken":0.0},{"event_name":"Wheel of Change","player_choice":"Relic","floor":38.0,"damage_taken":0.0},{"event_name":"MindBloom","player_choice":"Fight","floor":41.0,"damage_taken":0.0},{"event_name":"SensoryStone","player_choice":"Memory 3","floor":45.0,"damage_taken":0.0}],"is_beta":false,"boss_relics":[{"not_picked":["Black Blood","Tiny House"],"picked":"Cursed Key"},{"not_picked":["Calling Bell","Philosopher\u0027s Stone"],"picked":"Astrolabe"}],"items_purged_floors":[47],"is_endless":false,"potions_floor_spawned":[1,5,10,16,22,24,28,30,41,48],"ascension_level":15}