{"gold_per_floor":[114,114,39,39,55,83,83,148,172,198,218,228,262,312,312,415,415,428,18,29,29,44,72,25,42,42,42,67,67,79,95,95,191,191,211,211,228,242,262,262,262,262,262,59,59,74,74,84,84,84],"floor_reached":51,"playtime":5813,"items_purged":["Defend_G","Regret","Strike_G"],"score":1306,"play_id":"fdaf198b-2213-414a-9fe9-cc7331116d48","local_time":"20180723214720","is_ascension_mode":true,"campfire_choices":[{"floor":7,"key":"REST"},{"floor":15,"key":"REST"},{"floor":27,"key":"REST"},{"data":"Infinite Blades","floor":29,"key":"SMITH"},{"floor":32,"key":"REST"},{"data":"After Image","floor":40,"key":"SMITH"},{"floor":45,"key":"REST"},{"data":"Strike_G","floor":47,"key":"PURGE"},{"data":"Defend_G","floor":49,"key":"PURGE"}],"neow_cost":"NONE","seed_source_timestamp":30435041823654,"circlet_count":0,"master_deck":["Defend_G+1","Defend_G+1","Strike_G+1","Survivor","Neutralize","Tools of the Trade+1","Cloak And Dagger+1","Prepared+1","Backflip","Accuracy","Accuracy","Infinite Blades+1","Blur","Deflect+1","Backstab","After Image+1","Backflip+1","Well Laid Plans","Backflip","Cloak And Dagger+1","Blade Dance","Deflect","Outmaneuver","Cloak And Dagger","Cloak And Dagger","Sucker Punch+1","Storm of Steel","Backflip+1","Neutralize","Acrobatics","Backflip","Expertise+1"],"relics":["Astrolabe","Pen Nib","Bottled Lightning","Tiny Chest","Lantern","Ninja Scroll","Peace Pipe","War Paint","WristBlade","Paper Crane","Smiling Mask","Dodecahedron","Pear","Sozu","Thread and Needle","Calipers","Vajra"],"potions_floor_usage":[10,13,16,23,31,33,35],"damage_taken":[{"damage":0,"enemies":"Jaw Worm","floor":1,"turns":4},{"damage":0,"enemies":"Small Slimes","floor":5,"turns":3},{"damage":27,"enemies":"Gremlin Nob","floor":6,"turns":5},{"damage":6,"enemies":"Lagavulin","floor":8,"turns":5},{"damage":4,"enemies":"Gremlin Nob","floor":10,"turns":4},{"damage":0,"enemies":"Cultist","floor":11,"turns":1},{"damage":0,"enemies":"2 Fungi Beasts","floor":12,"turns":4},{"damage":1,"enemies":"3 Sentries","floor":13,"turns":7},{"damage":2,"enemies":"Slime Boss","floor":16,"turns":7},{"damage":4,"enemies":"Chosen","floor":18,"turns":3},{"damage":0,"enemies":"Spheric Guardian","floor":20,"turns":2},{"damage":7,"enemies":"Snake Plant","floor":22,"turns":3},{"damage":23,"enemies":"Book of Stabbing","floor":23,"turns":5},{"damage":0,"enemies":"3 Cultists","floor":25,"turns":5},{"damage":23,"enemies":"Slavers","floor":28,"turns":6},{"damage":6,"enemies":"Cultist and Chosen","floor":30,"turns":5},{"damage":5,"enemies":"Snake Plant","floor":31,"turns":5},{"damage":15,"enemies":"Collector","floor":33,"turns":9},{"damage":2,"enemies":"3 Darklings","floor":35,"turns":5},{"damage":4,"enemies":"3 Shapes","floor":37,"turns":4},{"damage":8,"enemies":"3 Darklings","floor":38,"turns":5},{"damage":6,"enemies":"Spire Growth","floor":39,"turns":5},{"damage":0,"floor":41,"turns":5},{"damage":0,"enemies":"4 Shapes","floor":46,"turns":6},{"damage":0,"enemies":"Sphere and 2 Shapes","floor":48,"turns":4},{"damage":0,"enemies":"Time Eater","floor":50,"turns":14}],"seed_played":"-7948462940295393345","potions_obtained":[{"floor":5,"key":"GamblersBrew"},{"floor":8,"key":"GhostInAJar"},{"floor":11,"key":"FearPotion"},{"floor":12,"key":"SteroidPotion"},{"floor":18,"key":"GamblersBrew"},{"floor":28,"key":"Swift Potion"},{"floor":30,"key":"Regen Potion"}],"is_trial":false,"path_per_floor":["M","?","$","?","M","E","R","E","T","E","M","M","E","T","R","B",null,"M","$","M","?","M","E","$","M","T","R","E","R","M","M","R","B",null,"M","?","M","M","M","R","?","?","T","$","R","M","R","M","R","B"],"character_chosen":"THE_SILENT","items_purchased":["Paper Crane","Well Laid Plans","Outmaneuver","Vajra"],"campfire_rested":5,"item_purchase_floors":[19,19,24,44],"current_hp_per_floor":[70,56,56,56,56,29,50,44,44,40,40,40,39,39,60,58,70,66,66,66,66,59,36,36,36,36,57,44,44,38,47,71,56,80,78,78,74,66,60,60,60,60,60,60,80,80,80,80,80,80],"gold":84,"neow_bonus":"BOSS_RELIC","is_prod":false,"is_daily":false,"chose_seed":false,"campfire_upgraded":2,"win_rate":0,"timestamp":1532407640,"path_taken":["M","?","$","?","M","E","R","E","T","E","M","?","E","?","R","BOSS","M","$","M","?","M","E","$","M","T","R","E","R","M","M","R","BOSS","M","?","?","M","M","R","?","?","T","$","R","M","R","M","R","BOSS"],"build_version":"2018-07-19v2","purchased_purges":3,"victory":true,"max_hp_per_floor":[70,70,70,70,70,70,70,70,70,70,70,70,70,70,70,70,70,70,70,70,70,70,70,70,70,70,70,80,80,80,80,80,80,80,80,80,80,80,80,80,80,80,80,80,80,80,80,80,80,80],"card_choices":[{"not_picked":["Prepared","Concentrate"],"picked":"Backflip","floor":1},{"not_picked":["PiercingWail","Infinite Blades"],"picked":"Accuracy","floor":5},{"not_picked":["Crippling Poison","Flying Knee"],"picked":"Accuracy","floor":6},{"not_picked":["Choke","All Out Attack"],"picked":"Infinite Blades","floor":8},{"not_picked":["Deadly Poison","Slice"],"picked":"Blur","floor":10},{"not_picked":["Dagger Spray","Bane"],"picked":"Deflect","floor":11},{"not_picked":["Bane","Poisoned Stab","Bouncing Flask"],"picked":"SKIP","floor":12},{"not_picked":["Heel Hook","Flying Knee"],"picked":"Backstab","floor":13},{"not_picked":["Tools of the Trade","Doppelganger"],"picked":"After Image","floor":16},{"not_picked":["Bane","Flechettes"],"picked":"Backflip+1","floor":18},{"not_picked":["Dagger Spray","Dagger Throw"],"picked":"Backflip","floor":20},{"not_picked":["All Out Attack+1","Slice"],"picked":"Blade Dance","floor":22},{"not_picked":["Deadly Poison","Bane"],"picked":"Deflect","floor":23},{"not_picked":["Poisoned Stab","Dagger Throw"],"picked":"Cloak And Dagger","floor":25},{"not_picked":["Dagger Spray+1","Well Laid Plans"],"picked":"Cloak And Dagger","floor":28},{"not_picked":["Cloak And Dagger","Quick Slash"],"picked":"Sucker Punch+1","floor":30},{"not_picked":["All Out Attack","Deadly Poison","Concentrate"],"picked":"SKIP","floor":31},{"not_picked":["Malaise","A Thousand Cuts"],"picked":"Storm of Steel","floor":33},{"not_picked":["Crippling Poison","Blur"],"picked":"Backflip+1","floor":35},{"not_picked":["Cloak And Dagger","Concentrate","Tactician+1"],"picked":"SKIP","floor":37},{"not_picked":["PiercingWail","Prepared"],"picked":"Acrobatics","floor":38},{"not_picked":["Venomology","PiercingWail","Cloak And Dagger"],"picked":"SKIP","floor":39},{"not_picked":["Crippling Poison","Dagger Spray+1"],"picked":"Backflip","floor":41},{"not_picked":["Finisher","Blur","Flying Knee+1"],"picked":"SKIP","floor":46},{"not_picked":["Terror+1","Sucker Punch"],"picked":"Expertise+1","floor":48}],"player_experience":151647,"relics_obtained":[{"floor":6,"key":"Bottled Lightning"},{"floor":8,"key":"Tiny Chest"},{"floor":9,"key":"Lantern"},{"floor":10,"key":"Ninja Scroll"},{"floor":13,"key":"Peace Pipe"},{"floor":14,"key":"War Paint"},{"floor":23,"key":"Smiling Mask"},{"floor":26,"key":"Dodecahedron"},{"floor":28,"key":"Pear"},{"floor":41,"key":"Thread and Needle"},{"floor":43,"key":"Calipers"}],"event_choices":[{"event_name":"Shining Light","player_choice":"Entered Light","floor":2,"damage_taken":0},{"event_name":"Big Fish","player_choice":"Box","floor":4,"damage_taken":0},{"event_name":"Duplicator","player_choice":"One dupe","floor":21,"damage_taken":0},{"event_name":"Match and Keep!","player_choice":"1 cards matched","floor":36,"damage_taken":0},{"event_name":"MindBloom","player_choice":"Fight","floor":41,"damage_taken":0},{"event_name":"Tomb of Lord Red Mask","player_choice":"Ignored","floor":42,"damage_taken":0}],"is_beta":false,"boss_relics":[{"not_picked":["Ectoplasm","Snecko Eye"],"picked":"WristBlade"},{"not_picked":["Busted Crown","Cursed Key"],"picked":"Sozu"}],"items_purged_floors":[3,19,44],"is_endless":false,"potions_floor_spawned":[5,8,11,12,18,28,30,37,39,46,48],"ascension_level":3}