{"gold_per_floor":[116,191,211,20,35,35,64,78,78,78,78,78,104,123,123,201,201,126,126,49,49,0,0,0],"floor_reached":24,"playtime":1594,"items_purged":["Strike_R"],"score":340,"play_id":"9ade790d-6fe7-4ef9-bbb4-816289f5bd61","local_time":"20190331165342","is_ascension_mode":true,"campfire_choices":[{"data":"Bash","floor":6,"key":"SMITH"},{"data":"Disarm","floor":10,"key":"SMITH"},{"data":"Anger","floor":12,"key":"SMITH"},{"data":"Juggernaut","floor":15,"key":"SMITH"},{"floor":23,"key":"REST"}],"neow_cost":"NONE","seed_source_timestamp":170663196978390,"circlet_count":0,"master_deck":["AscendersBane","Strike_R+1","Strike_R","Strike_R","Defend_R","Defend_R","Defend_R","Defend_R","Bash+1","Juggernaut+1","Anger+1","Metallicize","Disarm+1","Metallicize","Rampage+1","Impervious","Inflame","Limit Break","Shrug It Off+1","Evolve"],"relics":["Burning Blood","Whetstone","Singing Bowl","Bottled Lightning","Ectoplasm"],"potions_floor_usage":[7,14],"damage_taken":[{"damage":2,"enemies":"Jaw Worm","floor":1,"turns":3},{"damage":1,"enemies":"Cultist","floor":3,"turns":4},{"damage":1,"enemies":"2 Louse","floor":5,"turns":5},{"damage":31,"enemies":"Gremlin Nob","floor":7,"turns":5},{"damage":5,"enemies":"Looter","floor":8,"turns":3},{"damage":8,"enemies":"3 Sentries","floor":13,"turns":9},{"damage":14,"enemies":"Large Slime","floor":14,"turns":5},{"damage":1,"enemies":"Hexaghost","floor":16,"turns":8},{"damage":42,"enemies":"2 Thieves","floor":18,"turns":4},{"damage":19,"enemies":"Spheric Guardian","floor":19,"turns":5},{"damage":18,"enemies":"3 Cultists","floor":21,"turns":6},{"damage":45,"enemies":"Gremlin Leader","floor":24,"turns":4}],"seed_played":"-3579985571613160632","potions_obtained":[{"floor":5,"key":"Strength Potion"},{"floor":7,"key":"EssenceOfSteel"},{"floor":13,"key":"Strength Potion"},{"floor":14,"key":"SteroidPotion"}],"is_trial":false,"path_per_floor":["M","?","M","$","M","R","E","M","T","R","?","R","E","M","R","B",null,"M","M","$","M","?","R","E"],"character_chosen":"IRONCLAD","items_purchased":["Disarm","Metallicize","Evolve"],"campfire_rested":1,"item_purchase_floors":[4,4,20],"current_hp_per_floor":[76,68,73,73,78,78,53,54,54,54,47,47,47,39,39,44,73,37,26,26,16,16,41,0],"gold":0,"neow_bonus":"ONE_RANDOM_RARE_CARD","is_prod":false,"is_daily":false,"chose_seed":false,"campfire_upgraded":4,"win_rate":0,"timestamp":1554065622,"path_taken":["M","?","M","?","M","R","E","M","T","R","?","R","E","M","R","BOSS","M","M","$","M","?","R","E"],"build_version":"2019-01-23","purchased_purges":1,"victory":false,"max_hp_per_floor":[80,80,80,80,80,80,80,80,80,80,80,80,82,82,82,82,82,82,84,84,86,86,86,86],"card_choices":[{"not_picked":["Heavy Blade","Reckless Charge"],"picked":"Anger","floor":1},{"not_picked":["Intimidate","Flame Barrier"],"picked":"Metallicize","floor":3},{"not_picked":["True Grit","Metallicize"],"picked":"Rampage","floor":5},{"not_picked":["Brutality","Shockwave"],"picked":"Impervious","floor":7},{"not_picked":["Intimidate","Clash","Ghostly Armor"],"picked":"SKIP","floor":8},{"not_picked":["Thunderclap","Intimidate","Flex"],"picked":"Singing Bowl","floor":13},{"not_picked":["Combust","Impervious"],"picked":"Inflame","floor":14},{"not_picked":["Bludgeon","Double Tap"],"picked":"Limit Break","floor":16},{"not_picked":["Thunderclap","Anger"],"picked":"Shrug It Off+1","floor":18},{"not_picked":["Pommel Strike+1","Shrug It Off","Flex"],"picked":"Singing Bowl","floor":19},{"not_picked":["Uppercut","Havoc","Twin Strike"],"picked":"Singing Bowl","floor":21}],"player_experience":2052317,"relics_obtained":[{"floor":7,"key":"Whetstone"},{"floor":9,"key":"Singing Bowl"},{"floor":13,"key":"Bottled Lightning"}],"event_choices":[{"damage_healed":0,"gold_gain":75,"player_choice":"Touch","damage_taken":8,"max_hp_gain":0,"max_hp_loss":0,"event_name":"FaceTrader","floor":2,"gold_loss":0},{"cards_removed":["Strike_R"],"damage_healed":0,"gold_gain":0,"player_choice":"Card Removal","damage_taken":7,"max_hp_gain":0,"max_hp_loss":0,"event_name":"Golden Wing","floor":11,"gold_loss":0},{"damage_healed":0,"gold_gain":0,"player_choice":"Paid Fearfully","damage_taken":0,"max_hp_gain":0,"max_hp_loss":0,"event_name":"Masked Bandits","floor":22,"gold_loss":49}],"is_beta":false,"boss_relics":[{"not_picked":["Philosopher\u0027s Stone","Fusion Hammer"],"picked":"Ectoplasm"}],"items_purged_floors":[4],"is_endless":false,"potions_floor_spawned":[5,7,13,14,16,19,21],"killed_by":"Gremlin Leader","ascension_level":13}