{"gold_per_floor":[110,125,144,155,8,67,32,46,73,73],"floor_reached":10,"playtime":781,"items_purged":[],"score":81,"play_id":"0bb9ed9d-8f13-4663-adc5-10fb061edf1a","local_time":"20180822222604","is_ascension_mode":true,"campfire_choices":[],"neow_cost":"CURSE","seed_source_timestamp":883587551618102,"circlet_count":0,"master_deck":["Defend_G","Defend_G","Defend_G","Defend_G","Strike_G","Strike_G","Strike_G","Strike_G","Survivor","Neutralize","Clumsy","Heel Hook","Heel Hook","Blade Dance","Flying Knee","Cloak And Dagger","Noxious Fumes","Accuracy","Deadly Poison","Blade Dance","Concentrate","Sucker Punch"],"relics":["Ring of the Snake","Tiny Chest","Happy Flower"],"potions_floor_usage":[],"damage_taken":[{"damage":6,"enemies":"Cultist","floor":1,"turns":5},{"damage":0,"enemies":"Jaw Worm","floor":2,"turns":4},{"damage":10,"enemies":"Small Slimes","floor":3,"turns":3},{"damage":2,"enemies":"Looter","floor":4,"turns":3},{"damage":38,"enemies":"3 Sentries","floor":6,"turns":8},{"damage":22,"enemies":"Lots of Slimes","floor":8,"turns":4},{"damage":11,"enemies":"Blue Slaver","floor":10,"turns":2}],"seed_played":"-6563979742525384892","potions_obtained":[{"floor":1,"key":"Dexterity Potion"},{"floor":3,"key":"Poison Potion"},{"floor":6,"key":"Swift Potion"}],"is_trial":false,"path_per_floor":["M","M","M","M","$","E","?","M","T"],"character_chosen":"THE_SILENT","items_purchased":["Accuracy","Deadly Poison","Blade Dance"],"campfire_rested":0,"item_purchase_floors":[5,5,5],"current_hp_per_floor":[64,64,54,52,52,14,31,9,9,0],"gold":73,"neow_bonus":"TRANSFORM_TWO_CARDS","is_prod":false,"is_daily":false,"chose_seed":false,"campfire_upgraded":0,"win_rate":0,"timestamp":1534994764,"path_taken":["M","M","M","?","$","E","?","M","T","M"],"build_version":"2018-08-16","purchased_purges":0,"victory":false,"max_hp_per_floor":[70,70,70,70,70,70,70,70,70,70],"card_choices":[{"not_picked":["Flechettes","Catalyst"],"picked":"Blade Dance","floor":1},{"not_picked":["Flechettes","Slice"],"picked":"Flying Knee","floor":2},{"not_picked":["Quick Slash","Flying Knee"],"picked":"Cloak And Dagger","floor":3},{"not_picked":["Underhanded Strike","Backstab"],"picked":"Noxious Fumes","floor":4},{"not_picked":["Eviscerate","Adrenaline"],"picked":"Concentrate","floor":6},{"not_picked":["Backflip","Quick Slash"],"picked":"Sucker Punch","floor":8}],"player_experience":272569,"relics_obtained":[{"floor":6,"key":"Tiny Chest"},{"floor":9,"key":"Happy Flower"}],"event_choices":[{"event_name":"The Cleric","player_choice":"Healed","floor":7,"damage_taken":0}],"is_beta":false,"boss_relics":[],"items_purged_floors":[],"is_endless":false,"potions_floor_spawned":[1,3,6],"killed_by":"Blue Slaver","ascension_level":3}