{"gold_per_floor":[110,60,10,26,26,58,58,71,71,71,82,414,431,457,457,534,534,549,564,182,182,19,19,19,29,80,90,90,90],"floor_reached":29,"playtime":1686,"items_purged":["Strike_R"],"score":481,"play_id":"23772a30-2bd1-419a-a834-755abb8c3917","local_time":"20180816233311","is_ascension_mode":true,"campfire_choices":[{"data":"Bash","floor":7,"key":"SMITH"},{"data":"True Grit","floor":10,"key":"SMITH"},{"floor":15,"key":"REST"},{"data":"Armaments","floor":23,"key":"SMITH"},{"data":"RitualDagger","floor":28,"key":"SMITH"}],"neow_cost":"NONE","seed_source_timestamp":2114562591384009,"circlet_count":0,"master_deck":["Strike_R+1","Strike_R+1","Strike_R+1","Defend_R+1","Defend_R+1","Defend_R+1","Defend_R+1","Bash+1","AscendersBane","Twin Strike","Anger","Twin Strike","True Grit+1","Headbutt","Sever Soul","Bludgeon","Feed","True Grit","Armaments+1","Limit Break+1","RitualDagger+1","True Grit+1","Havoc+1"],"relics":["Burning Blood","NeowsBlessing","Mummified Hand","Letter Opener","Pear","Old Coin","Darkstone Periapt","Runic Pyramid","Paper Frog","War Paint"],"potions_floor_usage":[16,16,25,29],"damage_taken":[{"damage":0,"enemies":"Cultist","floor":1,"turns":1},{"damage":0,"enemies":"Small Slimes","floor":4,"turns":1},{"damage":0,"enemies":"Lagavulin","floor":6,"turns":1},{"damage":5,"enemies":"2 Louse","floor":8,"turns":2},{"damage":19,"enemies":"Exordium Thugs","floor":11,"turns":5},{"damage":22,"enemies":"Gremlin Nob","floor":12,"turns":4},{"damage":18,"enemies":"Gremlin Gang","floor":13,"turns":6},{"damage":25,"enemies":"3 Sentries","floor":14,"turns":9},{"damage":26,"enemies":"Slime Boss","floor":16,"turns":7},{"damage":17,"enemies":"3 Byrds","floor":18,"turns":6},{"damage":11,"enemies":"Spheric Guardian","floor":19,"turns":3},{"damage":0,"enemies":"Snake Plant","floor":25,"turns":6},{"damage":23,"enemies":"Centurion and Healer","floor":27,"turns":7},{"damage":57,"enemies":"Gremlin Leader","floor":29,"turns":7}],"seed_played":"3813573157077318802","potions_obtained":[{"floor":4,"key":"SteroidPotion"},{"floor":16,"key":"Dexterity Potion"},{"floor":27,"key":"Block Potion"}],"is_trial":false,"path_per_floor":["M","?","$","M","T","E","R","M","T","R","M","E","M","E","R","B",null,"M","M","$","?","$","R","?","M","T","M","R"],"character_chosen":"IRONCLAD","items_purchased":["AttackPotion","Armaments","Paper Frog","Limit Break"],"campfire_rested":1,"item_purchase_floors":[3,20,20,22],"current_hp_per_floor":[74,74,74,75,75,75,75,75,85,85,72,56,44,25,50,30,71,63,61,61,61,61,61,55,64,64,51,51,0],"gold":90,"neow_bonus":"THREE_ENEMY_KILL","is_prod":false,"is_daily":false,"chose_seed":false,"campfire_upgraded":4,"win_rate":0,"timestamp":1534487591,"path_taken":["M","?","$","M","?","E","R","?","T","R","M","E","M","E","R","BOSS","M","M","$","?","$","R","?","M","T","M","R","E"],"build_version":"2018-08-16","purchased_purges":1,"victory":false,"max_hp_per_floor":[75,75,75,75,75,75,75,75,85,85,85,85,85,85,85,85,85,88,91,91,91,91,91,91,94,94,98,98,98],"card_choices":[{"not_picked":["Flex","Wild Strike"],"picked":"Twin Strike","floor":1},{"not_picked":["Cleave","Shrug It Off"],"picked":"Anger","floor":4},{"not_picked":["Thunderclap","Clash"],"picked":"Twin Strike","floor":6},{"not_picked":["Shrug It Off","Wild Strike"],"picked":"True Grit","floor":8},{"not_picked":["Fire Breathing","Wild Strike"],"picked":"Headbutt","floor":11},{"not_picked":["Heavy Blade","Intimidate"],"picked":"Sever Soul","floor":12},{"not_picked":["Warcry","Wild Strike","Sentinel"],"picked":"SKIP","floor":13},{"not_picked":["Heavy Blade","Blood for Blood"],"picked":"Bludgeon","floor":14},{"not_picked":["Bludgeon","Immolate"],"picked":"Feed","floor":16},{"not_picked":["Heavy Blade+1","Clash+1","Sword Boomerang"],"picked":"SKIP","floor":18},{"not_picked":["Heavy Blade","Wild Strike"],"picked":"True Grit","floor":19},{"not_picked":["Brutality","Sword Boomerang"],"picked":"True Grit","floor":25},{"not_picked":["Heavy Blade","Sever Soul"],"picked":"Havoc+1","floor":27}],"player_experience":483576,"relics_obtained":[{"floor":5,"key":"Mummified Hand"},{"floor":6,"key":"Letter Opener"},{"floor":9,"key":"Pear"},{"floor":12,"key":"Old Coin"},{"floor":14,"key":"Darkstone Periapt"},{"floor":26,"key":"War Paint"}],"event_choices":[{"event_name":"The Cleric","player_choice":"Card Removal","floor":2,"damage_taken":0},{"event_name":"Back to Basics","player_choice":"Simplicity","floor":21,"damage_taken":0},{"event_name":"Nest","player_choice":"Joined the Cult","floor":24,"damage_taken":0}],"is_beta":false,"boss_relics":[{"not_picked":["Calling Bell","Empty Cage"],"picked":"Runic Pyramid"}],"items_purged_floors":[20],"is_endless":false,"potions_floor_spawned":[4,6,13,16,27],"killed_by":"Gremlin Leader","ascension_level":14}