{"gold_per_floor":[113,113,144,167,354,366,333,379,446,431,244,244,224,241,241,346,346,363,363,26,26,45,45,45],"floor_reached":24,"playtime":1527,"items_purged":["Doubt","Decay"],"score":243,"play_id":"0dd610d4-33d9-4c99-ad2b-ec2292b1e442","local_time":"20190205211931","is_ascension_mode":true,"campfire_choices":[{"data":"Leg Sweep","floor":6,"key":"SMITH"},{"data":"Caltrops","floor":12,"key":"SMITH"},{"data":"Dash","floor":15,"key":"SMITH"},{"floor":23,"key":"REST"}],"neow_cost":"NONE","seed_source_timestamp":683161078560112,"circlet_count":0,"master_deck":["Defend_G","Defend_G","Defend_G","Defend_G","Strike_G","Strike_G","Strike_G","Survivor","Neutralize","Cloak And Dagger","Leg Sweep+1","Prepared","Flying Knee","Riddle With Holes","Calculated Gamble","Dash+1","Caltrops+1","Blade Dance","Die Die Die","Adrenaline+1","Poisoned Stab+1","Backstab+1","Blade Dance","Footwork"],"relics":["White Beast Statue","MawBank","Dodecahedron","Astrolabe","Pantograph","Nloth\u0027s Gift"],"potions_floor_usage":[8,8,10,14,16,16,16,18,22,24],"damage_taken":[{"damage":0,"enemies":"2 Louse","floor":1,"turns":2},{"damage":5,"enemies":"Small Slimes","floor":3,"turns":4},{"damage":0,"enemies":"Jaw Worm","floor":4,"turns":7},{"damage":0,"enemies":"Looter","floor":7,"turns":5},{"damage":22,"enemies":"3 Sentries","floor":8,"turns":10},{"damage":2,"enemies":"Exordium Thugs","floor":10,"turns":5},{"damage":6,"enemies":"Red Slaver","floor":14,"turns":4},{"damage":25,"enemies":"Hexaghost","floor":16,"turns":13},{"damage":33,"enemies":"Spheric Guardian","floor":18,"turns":6},{"damage":8,"enemies":"3 Byrds","floor":22,"turns":5},{"damage":41,"enemies":"Centurion and Healer","floor":24,"turns":6}],"seed_played":"6196157975220863293","potions_obtained":[{"floor":1,"key":"GamblersBrew"},{"floor":3,"key":"Poison Potion"},{"floor":4,"key":"Swift Potion"},{"floor":7,"key":"Weak Potion"},{"floor":8,"key":"SkillPotion"},{"floor":10,"key":"AttackPotion"},{"floor":13,"key":"Fruit Juice"},{"floor":14,"key":"EssenceOfSteel"},{"floor":16,"key":"Explosive Potion"},{"floor":18,"key":"Swift Potion"},{"floor":22,"key":"Dexterity Potion"}],"is_trial":false,"path_per_floor":["M","?","M","M","?","R","M","E","T","M","$","R","?","M","R","B",null,"M","?","$","?","M","R","M"],"character_chosen":"THE_SILENT","items_purchased":["Dash","Caltrops","Footwork","Pantograph"],"campfire_rested":1,"item_purchase_floors":[11,11,20,20],"current_hp_per_floor":[70,67,62,62,62,62,62,40,40,38,38,38,38,37,37,12,59,26,26,26,26,18,40,0],"gold":45,"neow_bonus":"BOSS_RELIC","is_prod":false,"is_daily":false,"chose_seed":false,"campfire_upgraded":3,"win_rate":0,"timestamp":1549423171,"path_taken":["M","?","M","M","?","R","M","E","T","M","?","R","?","?","R","BOSS","M","?","$","?","M","R","M"],"build_version":"2019-01-23","purchased_purges":2,"victory":false,"max_hp_per_floor":[70,70,70,70,70,70,70,70,70,70,70,70,70,75,75,75,75,75,75,75,75,75,75,75],"card_choices":[{"not_picked":["Deflect","Slice"],"picked":"Cloak And Dagger","floor":1},{"not_picked":["Underhanded Strike","Calculated Gamble"],"picked":"Leg Sweep","floor":3},{"not_picked":["PiercingWail","Slice"],"picked":"Prepared","floor":4},{"not_picked":["Underhanded Strike","Terror"],"picked":"Flying Knee","floor":7},{"not_picked":["Expertise","Adrenaline"],"picked":"Riddle With Holes","floor":8},{"not_picked":["Endless Agony","Predator"],"picked":"Calculated Gamble","floor":10},{"not_picked":["Outmaneuver","Quick Slash"],"picked":"Blade Dance","floor":14},{"not_picked":["Wraith Form v2","Envenom"],"picked":"Die Die Die","floor":16},{"not_picked":["Terror","Crippling Poison"],"picked":"Blade Dance","floor":18},{"not_picked":["Malaise","Underhanded Strike","Bane"],"picked":"SKIP","floor":22}],"player_experience":751548,"relics_obtained":[{"floor":8,"key":"Dodecahedron"},{"floor":9,"key":"Smiling Mask"}],"event_choices":[{"damage_healed":0,"gold_gain":0,"player_choice":"Success","damage_taken":3,"relics_obtained":["MawBank"],"max_hp_gain":0,"max_hp_loss":0,"event_name":"Scrap Ooze","floor":2,"gold_loss":0},{"damage_healed":0,"gold_gain":175,"player_choice":"AGREE","damage_taken":0,"max_hp_gain":0,"max_hp_loss":0,"event_name":"Liars Game","floor":5,"gold_loss":0,"cards_obtained":["Doubt"]},{"damage_healed":0,"gold_gain":0,"player_choice":"Bought 1 Potion","damage_taken":0,"max_hp_gain":0,"max_hp_loss":0,"event_name":"The Woman in Blue","floor":13,"gold_loss":0},{"damage_healed":0,"gold_gain":0,"player_choice":"Smashed Altar","damage_taken":0,"max_hp_gain":0,"max_hp_loss":0,"event_name":"Forgotten Altar","floor":19,"gold_loss":0,"cards_obtained":["Decay"]},{"damage_healed":0,"gold_gain":0,"player_choice":"Traded Relic","damage_taken":0,"relics_obtained":["Nloth\u0027s Gift"],"max_hp_gain":0,"max_hp_loss":0,"event_name":"N\u0027loth","floor":21,"relics_lost":["Smiling Mask"],"gold_loss":0}],"is_beta":false,"boss_relics":[{"not_picked":["Runic Pyramid","Busted Crown"],"picked":"Astrolabe"}],"items_purged_floors":[11,20],"is_endless":false,"potions_floor_spawned":[1,3,4,7,8,10,14,16,18,22],"killed_by":"Centurion and Healer","ascension_level":5}