{"gold_per_floor":[113,127,107,164,175,175,175,207,233,233,43,58,58,94,94,224,224,245,520,540,455,48,48,61,100,123,23,61,61,85,99,99,229,229,252,270,283,308,80,80],"floor_reached":40,"playtime":2009,"items_purged":["Regret","Injury"],"score":549,"play_id":"8c887fd3-dc46-47ae-8f43-96468c81aa7f","local_time":"20180818152317","is_ascension_mode":true,"campfire_choices":[{"data":"Leg Sweep","floor":6,"key":"SMITH"},{"data":"Dagger Throw","floor":10,"key":"SMITH"},{"data":"Corpse Explosion","floor":15,"key":"SMITH"},{"floor":23,"key":"REST"},{"floor":29,"key":"REST"},{"floor":32,"key":"REST"}],"neow_cost":"","seed_source_timestamp":636095815142030,"circlet_count":0,"master_deck":["Defend_G","Defend_G","Defend_G","Defend_G","Defend_G","Strike_G","Strike_G","Strike_G","Strike_G","Strike_G","Survivor","Neutralize","Leg Sweep+1","Noxious Fumes+1","Deadly Poison","Dagger Throw+1","Corpse Explosion+1","Deadly Poison","Phantasmal Killer","Underhanded Strike","Poisoned Stab","Noxious Fumes","Underhanded Strike","Sadistic Nature","Sucker Punch","Bane","Envenom","Cloak And Dagger","Catalyst","Envenom","Terror","Caltrops","Deadly Poison","Poisoned Stab","Sucker Punch"],"relics":["Ring of the Snake","Tiny Chest","Bottled Tornado","Strawberry","TwistedFunnel","Golden Idol","Snake Skull","Sozu","Orichalcum","Potion Belt","Boot","Anchor","Busted Crown","Pen Nib"],"potions_floor_usage":[],"damage_taken":[{"damage":0,"enemies":"Small Slimes","floor":1,"turns":7},{"damage":2,"enemies":"Cultist","floor":2,"turns":5},{"damage":0,"enemies":"Jaw Worm","floor":5,"turns":5},{"damage":18,"enemies":"Lagavulin","floor":8,"turns":8},{"damage":2,"enemies":"3 Louse","floor":12,"turns":3},{"damage":8,"enemies":"Gremlin Nob","floor":14,"turns":4},{"damage":22,"enemies":"The Guardian","floor":16,"turns":7},{"damage":12,"enemies":"Shell Parasite","floor":18,"turns":5},{"damage":37,"enemies":"3 Byrds","floor":20,"turns":3},{"damage":0,"enemies":"Cultist and Chosen","floor":24,"turns":4},{"damage":12,"enemies":"Slavers","floor":25,"turns":2},{"damage":22,"enemies":"Book of Stabbing","floor":28,"turns":5},{"damage":0,"enemies":"Chosen and Byrds","floor":30,"turns":3},{"damage":21,"enemies":"Snake Plant","floor":31,"turns":3},{"damage":40,"enemies":"Automaton","floor":33,"turns":8},{"damage":0,"enemies":"3 Shapes","floor":35,"turns":3},{"damage":5,"enemies":"Orb Walker","floor":36,"turns":3},{"damage":9,"enemies":"3 Darklings","floor":37,"turns":2},{"damage":78,"enemies":"Nemesis","floor":40,"turns":4}],"seed_played":"-8422985962585749369","potions_obtained":[{"floor":1,"key":"SpeedPotion"},{"floor":2,"key":"Ancient Potion"},{"floor":3,"key":"FearPotion"},{"floor":8,"key":"Strength Potion"}],"is_trial":false,"path_per_floor":["M","M","?","T","M","R","?","E","T","R","$","M","?","E","R","B",null,"M","?","M","?","$","R","M","E","T","$","E","R","M","M","R","B",null,"M","M","M","T","$"],"character_chosen":"THE_SILENT","items_purchased":["TwistedFunnel","Noxious Fumes","Underhanded Strike","Sadistic Nature","Caltrops","Deadly Poison","Poisoned Stab","Sucker Punch"],"campfire_rested":3,"item_purchase_floors":[11,22,22,22,39,39,39,39],"current_hp_per_floor":[70,68,68,68,68,68,68,50,57,57,57,55,55,47,47,25,77,65,65,28,28,28,51,51,39,39,39,17,40,40,19,42,2,77,77,72,63,63,63,0],"gold":80,"neow_bonus":"","is_prod":false,"is_daily":false,"chose_seed":false,"campfire_upgraded":3,"win_rate":0,"timestamp":1534623797,"path_taken":["M","M","?","?","M","R","?","E","T","R","$","M","?","E","R","BOSS","M","?","M","?","$","R","M","E","T","?","E","R","M","?","R","BOSS","M","M","M","?","$","E"],"build_version":"2018-08-16","purchased_purges":2,"victory":false,"max_hp_per_floor":[70,70,70,70,70,70,70,70,77,77,77,77,77,77,77,77,77,77,77,77,77,77,77,77,77,77,77,77,77,77,77,77,77,77,77,77,77,77,77,77],"card_choices":[{"not_picked":["Well Laid Plans","Blade Dance"],"picked":"Leg Sweep","floor":1},{"not_picked":["Masterful Stab","Skewer"],"picked":"Noxious Fumes","floor":2},{"not_picked":["Acrobatics","Expertise"],"picked":"Deadly Poison","floor":5},{"not_picked":["Dodge and Roll","Dash"],"picked":"Dagger Throw","floor":8},{"not_picked":["Flying Knee","Well Laid Plans"],"picked":"Corpse Explosion","floor":12},{"not_picked":["Dagger Throw","Bane"],"picked":"Deadly Poison","floor":14},{"not_picked":["Glass Knife","Storm of Steel"],"picked":"Phantasmal Killer","floor":16},{"not_picked":["Skewer","Terror"],"picked":"Underhanded Strike","floor":18},{"not_picked":["Slice","Backflip+1"],"picked":"Poisoned Stab","floor":20},{"not_picked":["Quick Slash","Die Die Die"],"picked":"Sucker Punch","floor":24},{"not_picked":["Quick Slash","Deflect"],"picked":"Bane","floor":25},{"not_picked":["Sucker Punch","Outmaneuver"],"picked":"Envenom","floor":28},{"not_picked":["PiercingWail","Tactician"],"picked":"Cloak And Dagger","floor":30},{"not_picked":["Dodge and Roll+1","Underhanded Strike"],"picked":"Catalyst","floor":31},{"not_picked":["Corpse Explosion","Die Die Die"],"picked":"Envenom","floor":33},{"not_picked":["Choke+1"],"picked":"SKIP","floor":35},{"not_picked":["Tactician"],"picked":"SKIP","floor":36},{"not_picked":[],"picked":"Terror","floor":37}],"player_experience":232247,"relics_obtained":[{"floor":4,"key":"Tiny Chest"},{"floor":8,"key":"Bottled Tornado"},{"floor":9,"key":"Strawberry"},{"floor":14,"key":"Snake Skull"},{"floor":25,"key":"Potion Belt"},{"floor":26,"key":"Boot"},{"floor":28,"key":"Anchor"},{"floor":38,"key":"Pen Nib"}],"event_choices":[{"event_name":"The Woman in Blue","player_choice":"Bought 1 Potion","floor":3,"damage_taken":0},{"event_name":"Living Wall","player_choice":"Grow","floor":7,"damage_taken":0},{"event_name":"Golden Idol","player_choice":"Take Wound","floor":13,"damage_taken":0},{"event_name":"Golden Shrine","player_choice":"Desecrate","floor":19,"damage_taken":0},{"event_name":"Addict","player_choice":"Obtained Relic","floor":21,"damage_taken":0}],"is_beta":false,"boss_relics":[{"not_picked":["Lizard Tail","Velvet Choker"],"picked":"Sozu"},{"not_picked":["Empty Cage","White Beast Statue"],"picked":"Busted Crown"}],"items_purged_floors":[22,27],"is_endless":false,"potions_floor_spawned":[1,2,8,16,18,25,28,30,35],"killed_by":"Nemesis","ascension_level":3}