{"gold_per_floor":[365,365,5,5,16,47,47,57,57,57,72,23,23,36,36,140,140,155,155,105,123,72,72,103,123,123,123,26,26,26,26,26,127,127,142,142,0,0,47,74,74,87,87,115,40,53,53,69,69,69],"floor_reached":51,"playtime":3503,"items_purged":["Strike_B","Strike_B"],"score":1047,"play_id":"5173b3f9-4add-4591-b046-ae6dd110e807","local_time":"20180806202544","is_ascension_mode":true,"campfire_choices":[{"data":"Rip and Tear","floor":7,"key":"SMITH"},{"data":"Zap","floor":10,"key":"SMITH"},{"data":"Glacier","floor":13,"key":"SMITH"},{"data":"Self Repair","floor":15,"key":"SMITH"},{"data":"Loop","floor":23,"key":"SMITH"},{"floor":27,"key":"REST"},{"data":"Hologram","floor":30,"key":"SMITH"},{"floor":32,"key":"REST"},{"floor":41,"key":"REST"},{"floor":49,"key":"REST"}],"neow_cost":"CURSE","seed_source_timestamp":0,"circlet_count":0,"master_deck":["Strike_B","Strike_B","Defend_B","Defend_B","Defend_B","Zap+1","Dualcast","Compile Driver","Glacier+1","Rip and Tear+1","Gash","FTL","Ball Lightning","Ball Lightning+1","Sweeping Beam+1","Self Repair+1","Loop+1","Hologram+1","Go for the Eyes+1","Compile Driver+1","White Noise+1","Steam","All For One+1","Barrage+1","Go for the Eyes+1","Capacitor","Rainbow","Steam","Hologram+1","Hologram+1"],"special_seed":0,"relics":["Cracked Core","Ornamental Fan","Oddly Smooth Stone","Bag of Marbles","Molten Egg 2","Inserter","Bird Faced Urn","StoneCalendar","Enchiridion","Fusion Hammer","Red Mask","Ginger","Potion Belt","Bottled Lightning","Smiling Mask","Strawberry"],"potions_floor_usage":[6,11,16,33,33,35,39,50],"damage_taken":[{"damage":0.0,"enemies":"2 Louse","floor":1.0,"turns":2.0},{"damage":2.0,"enemies":"Small Slimes","floor":5.0,"turns":4.0},{"damage":0,"enemies":"Lagavulin","floor":6,"turns":8},{"damage":0,"enemies":"Jaw Worm","floor":8,"turns":3},{"damage":0,"enemies":"2 Fungi Beasts","floor":11,"turns":1},{"damage":0,"enemies":"Looter","floor":14,"turns":2},{"damage":10,"enemies":"The Guardian","floor":16,"turns":11},{"damage":0,"enemies":"Spheric Guardian","floor":18,"turns":3},{"damage":2,"enemies":"Chosen","floor":21,"turns":3},{"damage":59,"enemies":"Slavers","floor":24,"turns":7},{"damage":18,"enemies":"Sentry and Sphere","floor":25,"turns":5},{"damage":4,"enemies":"Collector","floor":33,"turns":10},{"damage":0,"enemies":"Orb Walker","floor":35,"turns":2},{"damage":19,"floor":39,"turns":5},{"damage":4,"enemies":"Nemesis","floor":40,"turns":7},{"damage":8,"enemies":"Flame Bruiser 1 Orb","floor":42,"turns":5},{"damage":45,"enemies":"2 Orb Walkers","floor":44,"turns":5},{"damage":17,"enemies":"3 Darklings","floor":46,"turns":3},{"damage":0,"enemies":"Sphere and 2 Shapes","floor":48,"turns":3},{"damage":75,"enemies":"Awakened One","floor":50,"turns":12}],"seed_played":"-1351640009300123031","potions_obtained":[{"floor":8,"key":"Fruit Juice"},{"floor":14,"key":"Block Potion"},{"floor":16,"key":"LiquidBronze"},{"floor":24,"key":"Poison Potion"},{"floor":25,"key":"Block Potion"},{"floor":35,"key":"Block Potion"},{"floor":42,"key":"Explosive Potion"},{"floor":46,"key":"Ancient Potion"}],"is_trial":false,"path_per_floor":["M","?","$","?","M","E","R","M","T","R","M","$","R","M","R","B",null,"M","?","?","M","$","R","E","M","T","R","$","?","R","?","R","B",null,"M","?","?","$","?","E","R","M","T","E","$","M","T","M","R","B"],"character_chosen":"DEFECT","items_purchased":["Glacier","Oddly Smooth Stone","Rip and Tear","PowerPotion","Sweeping Beam+1","Go for the Eyes+1","Steam","Steam"],"campfire_rested":4,"item_purchase_floors":[3,3,3,3,12,22,28,45],"current_hp_per_floor":[68,61,61,66,64,64,64,64,64,64,69,69,69,69,69,69,81,81,81,81,79,79,79,20,16,16,41,41,25,25,25,50,78,83,85,85,85,85,78,85,85,85,85,56,56,49,56,74,92,21],"gold":69,"neow_bonus":"TWO_FIFTY_GOLD","is_prod":false,"is_daily":false,"chose_seed":false,"campfire_upgraded":6,"win_rate":0,"timestamp":1533612344,"path_taken":["M","?","$","?","M","E","R","M","T","R","?","$","R","M","R","BOSS","M","?","?","M","$","R","E","?","T","R","?","?","R","?","R","BOSS","M","?","?","?","?","E","R","?","T","E","$","M","?","?","R","BOSS"],"build_version":"2018-08-02","purchased_purges":2,"victory":true,"max_hp_per_floor":[75,75,75,80,80,80,80,80,80,80,85,85,85,85,85,85,85,85,85,85,85,85,85,85,85,85,85,85,85,85,85,85,85,85,85,85,85,85,85,85,85,85,85,85,85,85,92,92,92,92],"card_choices":[{"not_picked":["Conserve Battery","Force Field"],"picked":"Compile Driver","floor":1.0},{"not_picked":["Stack","Fusion"],"picked":"Gash","floor":5.0},{"not_picked":["Reboot","Rebound"],"picked":"FTL","floor":6},{"not_picked":["Turbo","Stack"],"picked":"Ball Lightning","floor":8},{"not_picked":["Chaos","Reinforced Body"],"picked":"Ball Lightning+1","floor":11},{"not_picked":["Blizzard+1","Reprogram"],"picked":"Self Repair","floor":14},{"not_picked":["Compile Driver+1","Sweeping Beam+1"],"picked":"Loop","floor":18},{"not_picked":["Sweeping Beam+1","Compile Driver+1"],"picked":"Hologram","floor":21},{"not_picked":["Storm","Auto Shields"],"picked":"Compile Driver+1","floor":24},{"not_picked":["Storm","Turbo+1"],"picked":"White Noise+1","floor":25},{"not_picked":["Core Surge+1","Meteor Strike+1"],"picked":"All For One+1","floor":33},{"not_picked":["Redo","Rip and Tear+1"],"picked":"Barrage+1","floor":35},{"not_picked":["Beam Cell+1","Coolheaded"],"picked":"Go for the Eyes+1","floor":39},{"not_picked":["Leap","Auto Shields"],"picked":"Capacitor","floor":40},{"not_picked":["Sweeping Beam+1","Redo","Conserve Battery+1"],"picked":"SKIP","floor":42},{"not_picked":["Leap","Recycle+1"],"picked":"Rainbow","floor":44},{"not_picked":["Coolheaded+1","Steam"],"picked":"Hologram+1","floor":46},{"not_picked":["Rebound+1","Conserve Battery"],"picked":"Hologram+1","floor":48}],"player_experience":329252,"relics_obtained":[{"floor":6,"key":"Bag of Marbles"},{"floor":9,"key":"Molten Egg 2"},{"floor":24,"key":"Bird Faced Urn"},{"floor":26,"key":"StoneCalendar"},{"floor":29,"key":"Enchiridion"},{"floor":39,"key":"Ginger"},{"floor":40,"key":"Potion Belt"},{"floor":43,"key":"Bottled Lightning"},{"floor":44,"key":"Smiling Mask"},{"floor":47,"key":"Strawberry"}],"event_choices":[{"event_name":"Scrap Ooze","player_choice":"success","floor":2.0,"damage_taken":7.0},{"event_name":"Big Fish","player_choice":"Donut","floor":4.0,"damage_taken":0.0},{"event_name":"Fountain of Cleansing","player_choice":"Removed Curse","floor":19,"damage_taken":0},{"event_name":"The Joust","player_choice":"Bet on Murderer","floor":20,"damage_taken":0},{"event_name":"Cursed Tome","player_choice":"Obtained Book","floor":29,"damage_taken":0},{"event_name":"Addict","player_choice":"Ignored","floor":31,"damage_taken":0},{"event_name":"Falling","player_choice":"Removed Skill","floor":36,"damage_taken":0},{"event_name":"Tomb of Lord Red Mask","player_choice":"Paid","floor":37,"damage_taken":0},{"event_name":"Mysterious Sphere","player_choice":"Fight","floor":39,"damage_taken":0}],"is_beta":false,"boss_relics":[{"not_picked":["Cursed Key","Eternal Feather"],"picked":"Inserter"},{"not_picked":["Snecko Eye","FrozenCore"],"picked":"Fusion Hammer"}],"items_purged_floors":[28,45],"is_endless":false,"potions_floor_spawned":[8,14,16,24,25,35,42,46],"ascension_level":8}