{"gold_per_floor":[19,19,30,30,49,49,80,80,80,111,111,111],"floor_reached":12,"playtime":689,"items_purged":[],"score":159,"play_id":"8da9d067-a152-463f-ae38-c692a937569a","local_time":"20180915110951","is_ascension_mode":true,"campfire_choices":[{"data":"Iron Wave","floor":6,"key":"SMITH"},{"data":"Bash","floor":8,"key":"SMITH"},{"data":"1","floor":11,"key":"LIFT"}],"neow_cost":"NO_GOLD","seed_source_timestamp":1294833895210666,"circlet_count":0,"master_deck":["Strike_R","Strike_R","Strike_R","Strike_R","Defend_R","Defend_R+1","Defend_R+1","Defend_R","Bash+1","AscendersBane","Iron Wave+1","Pommel Strike","Bloodletting","Disarm","Ghostly Armor","Bludgeon+1"],"special_seed":0,"relics":["Burning Blood","Sundial","Molten Egg 2","Girya"],"potions_floor_usage":[7],"damage_taken":[{"damage":9.0,"enemies":"Jaw Worm","floor":1.0,"turns":6.0},{"damage":2.0,"enemies":"2 Louse","floor":3.0,"turns":4.0},{"damage":3,"enemies":"Small Slimes","floor":5,"turns":4},{"damage":24,"enemies":"Lagavulin","floor":7,"turns":9},{"damage":29,"enemies":"3 Sentries","floor":10,"turns":15},{"damage":20,"enemies":"Gremlin Gang","floor":12,"turns":2}],"seed_played":"171112694723309367","potions_obtained":[{"floor":5,"key":"Energy Potion"}],"is_trial":false,"path_per_floor":["M","?","M","?","M","R","E","R","T","E","R"],"character_chosen":"IRONCLAD","items_purchased":[],"campfire_rested":0,"item_purchase_floors":[],"current_hp_per_floor":[79,52,56,56,59,59,41,41,41,18,18,0],"gold":111,"neow_bonus":"TWENTY_PERCENT_HP_BONUS","is_prod":false,"is_daily":false,"chose_seed":false,"campfire_upgraded":2,"win_rate":0,"timestamp":1537024191,"path_taken":["M","?","M","?","M","R","E","R","T","E","R","?"],"build_version":"2018-09-06","purchased_purges":0,"victory":false,"max_hp_per_floor":[89,89,89,89,89,89,89,89,89,89,89,89],"card_choices":[{"not_picked":["Sword Boomerang","Thunderclap"],"picked":"Iron Wave","floor":1.0},{"not_picked":["Rupture","Wild Strike"],"picked":"Pommel Strike","floor":3.0},{"not_picked":["Intimidate","Dual Wield"],"picked":"Disarm","floor":5},{"not_picked":["Corruption","Headbutt"],"picked":"Ghostly Armor","floor":7},{"not_picked":["True Grit","Warcry"],"picked":"Bludgeon+1","floor":10}],"player_experience":632004,"relics_obtained":[{"floor":7,"key":"Sundial"},{"floor":9,"key":"Molten Egg 2"},{"floor":10,"key":"Girya"}],"event_choices":[{"event_name":"Shining Light","player_choice":"Entered Light","floor":2.0,"damage_taken":0.0},{"event_name":"Transmorgrifier","player_choice":"Transform","floor":4.0,"damage_taken":0.0}],"is_beta":false,"boss_relics":[],"items_purged_floors":[],"is_endless":false,"potions_floor_spawned":[5],"killed_by":"Gremlin Gang","ascension_level":17}