{"gold_per_floor":[216,366,103,103,121,121,141,176,199,218,252,252,277,290,290,367,367,383,403,10,26,26,26,26],"floor_reached":24,"playtime":2112,"items_purged":["Doubt"],"score":400,"play_id":"bf31227a-a5dd-4344-b9bd-530404c79452","local_time":"20180915013736","is_ascension_mode":true,"campfire_choices":[{"data":"Carnage","floor":6.0,"key":"SMITH"},{"data":"Armaments","floor":12.0,"key":"SMITH"},{"data":"Clothesline","floor":15.0,"key":"SMITH"},{"data":"Metallicize","floor":23.0,"key":"SMITH"}],"neow_cost":"NONE","seed_source_timestamp":1259083233143703,"circlet_count":0,"master_deck":["Strike_R+1","Strike_R","Strike_R","Strike_R","Strike_R","Defend_R","Defend_R","Defend_R","Defend_R","Bash","AscendersBane","Carnage+1","Metallicize","Whirlwind","True Grit","Evolve","Headbutt","Flame Barrier","Armaments+1","Metallicize+1","Flame Barrier","Clothesline+1","Headbutt+1","Demon Form","Shrug It Off","Warcry+1","Shrug It Off+1","Hemokinesis+1","Flame Barrier","Metallicize","Reckless Charge","Reaper","Shame"],"special_seed":0,"relics":["Burning Blood","Anchor","Lantern","Dodecahedron","Prayer Wheel","White Beast Statue","Whetstone","PreservedInsect"],"potions_floor_usage":[24],"damage_taken":[{"damage":7.0,"enemies":"2 Louse","floor":1.0,"turns":4.0},{"damage":4.0,"enemies":"Small Slimes","floor":5.0,"turns":4.0},{"damage":3.0,"enemies":"Cultist","floor":7.0,"turns":3.0},{"damage":14.0,"enemies":"3 Sentries","floor":8.0,"turns":9.0},{"damage":0.0,"enemies":"3 Louse","floor":10.0,"turns":3.0},{"damage":13.0,"enemies":"Lagavulin","floor":11.0,"turns":6.0},{"damage":7.0,"enemies":"3 Sentries","floor":13.0,"turns":7.0},{"damage":7.0,"enemies":"Exordium Thugs","floor":14.0,"turns":5.0},{"damage":22.0,"enemies":"Slime Boss","floor":16.0,"turns":8.0},{"damage":17.0,"enemies":"Shell Parasite","floor":18.0,"turns":15.0},{"damage":2.0,"enemies":"3 Byrds","floor":19.0,"turns":5.0},{"damage":14.0,"enemies":"Snake Plant","floor":21.0,"turns":4.0},{"damage":58,"enemies":"Book of Stabbing","floor":24,"turns":6}],"seed_played":"-1255327730978448423","potions_obtained":[{"floor":1.0,"key":"BloodPotion"},{"floor":8.0,"key":"LiquidBronze"},{"floor":13.0,"key":"BloodPotion"},{"floor":14.0,"key":"Weak Potion"},{"floor":18.0,"key":"SteroidPotion"},{"floor":21.0,"key":"Weak Potion"}],"is_trial":false,"path_per_floor":["M","?","$","?","M","R","M","E","T","M","E","R","E","M","R","B",null,"M","M","$","M","?","R"],"character_chosen":"IRONCLAD","items_purchased":["Metallicize","Whirlwind","True Grit","Whetstone","Flame Barrier","Metallicize","Reckless Charge"],"campfire_rested":0,"item_purchase_floors":[3,3,3,20,20,20,20],"current_hp_per_floor":[67,67,67,67,69,69,72,64,64,70,70,70,69,75,75,59,71,60,64,64,56,56,56,0],"gold":26,"neow_bonus":"HUNDRED_GOLD","is_prod":false,"is_daily":false,"chose_seed":false,"campfire_upgraded":4,"win_rate":0,"timestamp":1536989856,"path_taken":["M","?","$","?","M","R","?","E","T","M","E","R","E","M","R","BOSS","M","M","$","M","?","R","E"],"build_version":"2018-09-06","purchased_purges":1,"victory":false,"max_hp_per_floor":[75,75,75,75,75,75,75,75,75,75,75,75,75,75,75,75,75,75,75,75,75,75,75,75],"card_choices":[{"not_picked":["Headbutt","Metallicize"],"picked":"Carnage","floor":1.0},{"not_picked":["Blood for Blood","Flex"],"picked":"Headbutt","floor":5.0},{"not_picked":["Blood for Blood","Twin Strike"],"picked":"Flame Barrier","floor":7.0},{"not_picked":["Heavy Blade","Cleave","Brutality"],"picked":"SKIP","floor":8.0},{"not_picked":["Battle Trance","Warcry"],"picked":"Armaments","floor":10.0},{"not_picked":["Dual Wield","Hemokinesis"],"picked":"Metallicize","floor":11.0},{"not_picked":["Headbutt","Cleave"],"picked":"Flame Barrier","floor":13.0},{"not_picked":["Thunderclap","Cleave"],"picked":"Clothesline","floor":14.0},{"not_picked":["Headbutt","Armaments","Havoc"],"picked":"SKIP","floor":14.0},{"not_picked":["Armaments","Havoc"],"picked":"Headbutt","floor":14.0},{"not_picked":["Feed","Brutality"],"picked":"Demon Form","floor":16.0},{"not_picked":["Rupture","Sword Boomerang"],"picked":"Shrug It Off","floor":18.0},{"not_picked":["Perfected Strike","Sever Soul"],"picked":"Warcry+1","floor":18.0},{"not_picked":["Ghostly Armor","Flex"],"picked":"Shrug It Off+1","floor":19.0},{"not_picked":["Wild Strike","Reckless Charge"],"picked":"Hemokinesis+1","floor":19.0},{"not_picked":["Headbutt+1","Battle Trance"],"picked":"Reaper","floor":21.0},{"not_picked":["Power Through","Wild Strike","Warcry"],"picked":"SKIP","floor":21.0}],"player_experience":629892,"relics_obtained":[{"floor":8.0,"key":"Anchor"},{"floor":9.0,"key":"Lantern"},{"floor":11.0,"key":"Dodecahedron"},{"floor":13.0,"key":"Prayer Wheel"}],"event_choices":[{"event_name":"Liars Game","player_choice":"agreed","floor":2.0,"damage_taken":0.0},{"event_name":"Match and Keep!","player_choice":"1 cards matched","floor":4.0,"damage_taken":0.0},{"event_name":"Addict","player_choice":"Stole Relic","floor":22.0,"damage_taken":0.0}],"is_beta":false,"boss_relics":[{"not_picked":["Lizard Tail","Ectoplasm"],"picked":"White Beast Statue"}],"items_purged_floors":[3],"is_endless":false,"potions_floor_spawned":[1,8,10,13,14,18,19,21],"killed_by":"Book of Stabbing","ascension_level":17}