{"gold_per_floor":[109,123,137,153,167,187,187,213,213,14,14,14,14,30,30,125,125,135,8,25,40,59,87,12,39,63,76,76,91,91,126,126,229,229,244,344,128,142,153,179,191,213,271,283,322,334,346,368,380,392,404,416,9,38,38],"floor_reached":56,"playtime":6764,"items_purged":["Parasite","Injury","Flechettes"],"score":1351,"play_id":"f941867a-880a-424d-bef5-3e2240509f24","local_time":"20181227004834","is_ascension_mode":false,"campfire_choices":[{"data":"Neutralize","floor":7.0,"key":"SMITH"},{"data":"Crippling Poison","floor":11.0,"key":"SMITH"},{"data":"Deflect","floor":15.0,"key":"SMITH"},{"data":"After Image","floor":28.0,"key":"SMITH"},{"data":"Footwork","floor":30.0,"key":"SMITH"},{"data":"Survivor","floor":32.0,"key":"SMITH"},{"data":"Impatience","floor":44.0,"key":"SMITH"},{"floor":47,"key":"RECALL"},{"data":"PiercingWail","floor":49,"key":"SMITH"},{"data":"Deflect","floor":52,"key":"SMITH"}],"neow_cost":"NONE","seed_source_timestamp":234495800949726,"circlet_count":0,"master_deck":["Survivor+1","Neutralize+1","Poisoned Stab","Crippling Poison+1","Dagger Spray","Poisoned Stab","Masterful Stab+1","Caltrops","Well Laid Plans","Slice+1","Deflect+1","After Image+1","Crippling Poison","Footwork+1","PiercingWail+1","Well Laid Plans","Escape Plan","Blade Dance","Poisoned Stab","Quick Slash","Masterful Stab","Flying Knee+1","Deflect+1","Cloak And Dagger+1","Noxious Fumes+1","Slice","Underhanded Strike+1","Deflect","A Thousand Cuts+1","Deflect+1","Underhanded Strike","Finesse","Dagger Throw+1","Footwork+1","Finesse","Panacea","Impatience+1","Caltrops+1","Prepared","Good Instincts","Endless Agony+1"],"special_seed":0,"relics":["Cursed Key","Bronze Scales","Unceasing Top","Blood Vial","Pandora\u0027s Box","Frozen Egg 2","Singing Bowl","Happy Flower","Gambling Chip","HoveringKite","Du-Vu Doll","MawBank","Bottled Lightning","Oddly Smooth Stone"],"potions_floor_usage":[45,55,55,55],"damage_taken":[{"damage":0.0,"enemies":"Cultist","floor":1.0,"turns":4.0},{"damage":0.0,"enemies":"2 Louse","floor":2.0,"turns":3.0},{"damage":1.0,"enemies":"Jaw Worm","floor":3.0,"turns":4.0},{"damage":2.0,"enemies":"Large Slime","floor":4.0,"turns":5.0},{"damage":0.0,"enemies":"Exordium Wildlife","floor":5.0,"turns":4.0},{"damage":0.0,"enemies":"2 Fungi Beasts","floor":6.0,"turns":3.0},{"damage":18.0,"enemies":"3 Sentries","floor":8.0,"turns":8.0},{"damage":0.0,"enemies":"Gremlin Gang","floor":14.0,"turns":3.0},{"damage":15.0,"enemies":"The Guardian","floor":16.0,"turns":9.0},{"damage":0.0,"enemies":"3 Byrds","floor":18.0,"turns":2.0},{"damage":3.0,"enemies":"Shell Parasite","floor":20.0,"turns":3.0},{"damage":3.0,"enemies":"Snake Plant","floor":21.0,"turns":4.0},{"damage":0.0,"enemies":"3 Cultists","floor":22.0,"turns":4.0},{"damage":5.0,"enemies":"Gremlin Leader","floor":23.0,"turns":6.0},{"damage":0.0,"enemies":"Book of Stabbing","floor":25.0,"turns":4.0},{"damage":11.0,"enemies":"Shelled Parasite and Fungi","floor":27.0,"turns":3.0},{"damage":6.0,"enemies":"Snake Plant","floor":29.0,"turns":3.0},{"damage":7.0,"enemies":"Gremlin Leader","floor":31.0,"turns":5.0},{"damage":7.0,"enemies":"Automaton","floor":33.0,"turns":7.0},{"damage":13.0,"enemies":"3 Shapes","floor":35.0,"turns":4.0},{"damage":2.0,"enemies":"Mind Bloom Boss Battle","floor":36.0,"turns":5.0},{"damage":0.0,"enemies":"Orb Walker","floor":38.0,"turns":3.0},{"damage":0.0,"enemies":"Sphere and 2 Shapes","floor":39.0,"turns":4.0},{"damage":0.0,"enemies":"Giant Head","floor":40.0,"turns":6.0},{"damage":0.0,"enemies":"Spire Growth","floor":42.0,"turns":3.0},{"damage":18,"enemies":"Reptomancer","floor":45,"turns":4},{"damage":0,"enemies":"Writhing Mass","floor":48,"turns":4},{"damage":8,"enemies":"Donu and Deca","floor":50,"turns":7},{"damage":0,"enemies":"Shield and Spear","floor":54,"turns":5},{"damage":48,"enemies":"The Heart","floor":55,"turns":8}],"seed_played":"-2857713961072815511","potions_obtained":[{"floor":2.0,"key":"SneckoOil"},{"floor":4.0,"key":"Weak Potion"},{"floor":6.0,"key":"AttackPotion"},{"floor":8.0,"key":"AttackPotion"},{"floor":16.0,"key":"Poison Potion"},{"floor":25.0,"key":"Ancient Potion"},{"floor":27.0,"key":"Poison Potion"},{"floor":31.0,"key":"Energy Potion"},{"floor":33.0,"key":"LiquidBronze"},{"floor":36.0,"key":"Regen Potion"},{"floor":48,"key":"LiquidBronze"}],"is_trial":false,"path_per_floor":["M","M","M","M","M","M","R","E","T","$","R","$","?","M","R","B",null,"M","$","M","M","M","E","?","E","T","M","R","M","R","E","R","B",null,"M","?","$","M","M","E","?","M","T","R","E","?","R","M","R","B",null,"R","$","E","B",null],"character_chosen":"THE_SILENT","items_purchased":["Blood Vial","Slice","Block Potion","Underhanded Strike","Finesse","Prepared","Good Instincts","Dexterity Potion","Regen Potion","Poison Potion"],"campfire_rested":0,"item_purchase_floors":[10,10,19,37,37,53,53,53,53,53],"current_hp_per_floor":[70,70,69,67,67,67,67,49,49,49,49,49,35,37,37,24,70,70,67,64,63,65,62,62,64,64,55,55,51,51,46,46,41,67,54,56,56,60,62,64,54,58,58,58,58,58,58,60,60,54,75,75,75,75,42],"gold":38,"neow_bonus":"BOSS_RELIC","is_prod":false,"is_daily":false,"chose_seed":false,"campfire_upgraded":9,"win_rate":0,"timestamp":1545900514,"path_taken":["M","?","?","M","M","M","R","E","T","$","R","?","?","M","R","BOSS","M","$","M","M","M","E","?","E","T","M","R","M","R","E","R","BOSS","M","?","$","M","M","E","?","M","T","R","E","?","R","M","R","BOSS","R","$","E","BOSS"],"build_version":"2018-12-20","purchased_purges":3,"victory":true,"max_hp_per_floor":[70,70,70,70,70,70,70,70,70,70,70,70,70,70,70,70,70,70,67,67,67,67,67,67,67,67,67,67,67,67,67,67,67,67,67,69,69,71,71,71,71,73,73,73,75,75,75,75,75,75,75,75,75,75,75],"card_choices":[{"not_picked":["Deflect","Acrobatics"],"picked":"Poisoned Stab","floor":1.0},{"not_picked":["Choke","Prepared"],"picked":"Crippling Poison","floor":2.0},{"not_picked":["Tactician","Blade Dance"],"picked":"Dagger Spray","floor":3.0},{"not_picked":["Acrobatics","Deflect"],"picked":"Poisoned Stab","floor":4.0},{"not_picked":["Prepared","Backflip"],"picked":"Masterful Stab","floor":5.0},{"not_picked":["Blade Dance","All Out Attack"],"picked":"Caltrops","floor":6.0},{"not_picked":["Escape Plan","Backflip"],"picked":"Well Laid Plans","floor":8.0},{"not_picked":["Calculated Gamble","Prepared"],"picked":"Deflect","floor":14.0},{"not_picked":["A Thousand Cuts","Venomology"],"picked":"After Image","floor":16.0},{"not_picked":["Dagger Throw","Leg Sweep"],"picked":"Masterful Stab","floor":18.0},{"not_picked":["Deadly Poison","Expertise"],"picked":"Flying Knee+1","floor":20.0},{"not_picked":["Poisoned Stab","Accuracy"],"picked":"Deflect","floor":21.0},{"not_picked":["Slice","Tactician"],"picked":"Cloak And Dagger+1","floor":22.0},{"not_picked":["Skewer","PiercingWail","Tactician"],"picked":"SKIP","floor":23.0},{"not_picked":["Deflect","Underhanded Strike"],"picked":"Noxious Fumes+1","floor":25.0},{"not_picked":["Setup","Flying Knee"],"picked":"Slice","floor":27.0},{"not_picked":["Eviscerate+1","Escape Plan"],"picked":"Underhanded Strike+1","floor":29.0},{"not_picked":["Dodge and Roll","Deadly Poison"],"picked":"Deflect","floor":31.0},{"not_picked":["Malaise","Burst"],"picked":"A Thousand Cuts+1","floor":33.0},{"not_picked":["Finisher+1","Choke+1"],"picked":"Deflect+1","floor":35.0},{"not_picked":["Quick Slash+1","Dagger Spray","Dash"],"picked":"Singing Bowl","floor":36.0},{"not_picked":["Backflip+1","Catalyst","Dagger Spray+1"],"picked":"Singing Bowl","floor":38.0},{"not_picked":["Well Laid Plans+1","Quick Slash+1"],"picked":"Dagger Throw+1","floor":39.0},{"not_picked":["Dash","Corpse Explosion"],"picked":"Footwork+1","floor":40.0},{"not_picked":["Panacea","The Bomb"],"picked":"Finesse","floor":41.0},{"not_picked":["Master of Strategy","Dramatic Entrance"],"picked":"Panacea","floor":41.0},{"not_picked":["Panacea","Jack Of All Trades"],"picked":"Impatience","floor":41.0},{"not_picked":["Tactician","Finisher","Flying Knee+1"],"picked":"Singing Bowl","floor":42.0},{"not_picked":["Sucker Punch+1","Dagger Throw","Acrobatics+1"],"picked":"Singing Bowl","floor":45},{"not_picked":["Cloak And Dagger","Riddle With Holes+1"],"picked":"Caltrops+1","floor":48},{"not_picked":["Venomology","Riddle With Holes+1"],"picked":"Endless Agony+1","floor":54}],"player_experience":721008,"relics_obtained":[{"floor":8.0,"key":"Bronze Scales"},{"floor":9.0,"key":"Unceasing Top"},{"floor":23.0,"key":"Frozen Egg 2"},{"floor":25.0,"key":"Singing Bowl"},{"floor":26.0,"key":"Happy Flower"},{"floor":31.0,"key":"Gambling Chip"},{"floor":36.0,"key":"Du-Vu Doll"},{"floor":40.0,"key":"MawBank"},{"floor":45,"key":"Bottled Lightning"},{"floor":54,"key":"Oddly Smooth Stone"}],"event_choices":[{"damage_healed":0.0,"max_hp_gain":0.0,"max_hp_loss":0.0,"gold_gain":0.0,"event_name":"Shining Light","player_choice":"Entered Light","floor":13.0,"gold_loss":0.0,"damage_taken":14.0,"cards_upgraded":["Masterful Stab","Slice"]},{"cards_removed":["Night Terror"],"damage_healed":0.0,"max_hp_gain":0.0,"max_hp_loss":0.0,"gold_gain":0.0,"event_name":"Beggar","player_choice":"Gave Gold","floor":24.0,"gold_loss":75.0,"damage_taken":0.0},{"damage_healed":0.0,"max_hp_gain":0.0,"max_hp_loss":0.0,"gold_gain":0.0,"event_name":"MindBloom","player_choice":"Fight","floor":36.0,"gold_loss":0.0,"damage_taken":0.0},{"damage_healed":0.0,"max_hp_gain":0.0,"max_hp_loss":0.0,"gold_gain":0.0,"event_name":"SensoryStone","player_choice":"Memory 3","floor":41.0,"gold_loss":0.0,"damage_taken":10.0},{"cards_removed":["Shame"],"damage_healed":0,"gold_gain":0,"player_choice":"Purged","damage_taken":0,"max_hp_gain":0,"max_hp_loss":0,"event_name":"Purifier","floor":46,"gold_loss":0}],"is_beta":false,"boss_relics":[{"not_picked":["Tiny House","Velvet Choker"],"picked":"Pandora\u0027s Box"},{"not_picked":["Fusion Hammer","Runic Dome"],"picked":"HoveringKite"}],"items_purged_floors":[19,37,53],"is_endless":false,"potions_floor_spawned":[2,4,6,8,16,25,27,31,33,36,40,42,48,54],"ascension_level":0}