{"gold_per_floor":[115,17,32,45,63,63,92,92,92,117,127,138,154,187,187,289,289,301,216,216,249,264,264,128,156,232,244,244,277,277,295,295,295],"floor_reached":33,"playtime":2930,"items_purged":["Defend_R","Strike_R+1"],"score":424,"play_id":"5cf92c12-b48a-402a-bcf7-369298a17d8f","local_time":"20180729003813","is_ascension_mode":true,"campfire_choices":[{"data":"Uppercut","floor":6,"key":"SMITH"},{"data":"Armaments","floor":8,"key":"SMITH"},{"data":"True Grit","floor":15,"key":"SMITH"},{"data":"Armaments","floor":23,"key":"SMITH"},{"floor":28,"key":"REST"},{"floor":30,"key":"REST"},{"floor":32,"key":"REST"}],"neow_cost":"NONE","seed_source_timestamp":475585042581383,"circlet_count":0,"master_deck":["Strike_R+1","Strike_R+1","Strike_R+1","Strike_R+1","Defend_R+1","Defend_R+1","Defend_R+1","Bash","Whirlwind","Armaments+1","Metallicize","Shrug It Off","Uppercut+1","Fiend Fire","Anger","Clothesline","Armaments+1","Flex","True Grit+1","Feed","Rampage+1","Disarm","Battle Trance","Disarm","Battle Trance","True Grit+1"],"relics":["Burning Blood","Ornamental Fan","Question Card","Dodecahedron","Juzu Bracelet","Philosopher\u0027s Stone","Orichalcum","Red Mask","Regal Pillow","Molten Egg 2","Bronze Scales"],"potions_floor_usage":[10,16,21,21,21,29,33],"damage_taken":[{"damage":1,"enemies":"Cultist","floor":1,"turns":3},{"damage":5,"enemies":"Small Slimes","floor":3,"turns":3},{"damage":9,"enemies":"Jaw Worm","floor":4,"turns":5},{"damage":6,"enemies":"3 Louse","floor":5,"turns":2},{"damage":12,"enemies":"3 Sentries","floor":7,"turns":9},{"damage":26,"enemies":"Lagavulin","floor":10,"turns":8},{"damage":3,"enemies":"Looter","floor":11,"turns":3},{"damage":1,"enemies":"Exordium Wildlife","floor":12,"turns":4},{"damage":0,"enemies":"Large Slime","floor":13,"turns":5},{"damage":11,"enemies":"3 Sentries","floor":14,"turns":5},{"damage":4,"enemies":"The Guardian","floor":16,"turns":13},{"damage":19,"enemies":"Shell Parasite","floor":18,"turns":10},{"damage":2,"floor":21,"turns":4},{"damage":7,"enemies":"Chosen","floor":22,"turns":4},{"damage":47,"enemies":"Book of Stabbing","floor":25,"turns":8},{"damage":12,"enemies":"Snake Plant","floor":27,"turns":4},{"damage":60,"enemies":"Gremlin Leader","floor":29,"turns":8},{"damage":18,"enemies":"3 Cultists","floor":31,"turns":5},{"damage":112,"enemies":"Automaton","floor":33,"turns":10}],"seed_played":"-7508159091900047000","potions_obtained":[{"floor":3,"key":"Dexterity Potion"},{"floor":7,"key":"AttackPotion"},{"floor":13,"key":"Fire Potion"},{"floor":14,"key":"Dexterity Potion"},{"floor":16,"key":"Explosive Potion"},{"floor":25,"key":"Strength Potion"},{"floor":29,"key":"GamblersBrew"},{"floor":31,"key":"Explosive Potion"}],"is_trial":false,"path_per_floor":["M","$","M","M","M","R","E","R","T","E","M","M","M","E","R","B",null,"M","?","?","?","M","R","$","E","T","M","R","E","R","M","R"],"character_chosen":"IRONCLAD","items_purchased":["Armaments","Battle Trance"],"campfire_rested":3,"item_purchase_floors":[2,24],"current_hp_per_floor":[85,85,86,83,83,83,77,77,77,57,60,65,71,66,66,68,83,74,74,74,81,80,80,80,42,42,36,80,30,75,66,105,0],"gold":295,"neow_bonus":"TEN_PERCENT_HP_BONUS","is_prod":false,"is_daily":false,"chose_seed":false,"campfire_upgraded":4,"win_rate":0,"timestamp":1532849893,"path_taken":["M","$","?","M","?","R","E","R","T","E","M","M","M","E","R","BOSS","M","?","?","?","M","R","$","E","T","M","R","E","R","M","R","BOSS"],"build_version":"2018-07-26","purchased_purges":2,"victory":false,"max_hp_per_floor":[88,88,88,88,88,88,88,88,88,88,88,88,88,88,88,88,88,92,92,92,95,95,95,95,98,98,98,98,102,102,105,105,105],"card_choices":[{"not_picked":["Warcry","Perfected Strike"],"picked":"Whirlwind","floor":1},{"not_picked":["Body Slam","Second Wind"],"picked":"Metallicize","floor":3},{"not_picked":["Clash","Warcry"],"picked":"Shrug It Off","floor":4},{"not_picked":["Heavy Blade","True Grit"],"picked":"Uppercut","floor":5},{"not_picked":["Cleave","Seeing Red"],"picked":"Fiend Fire","floor":7},{"not_picked":["Entrench","Power Through","Corruption"],"picked":"Anger","floor":10},{"not_picked":["Body Slam","Shockwave","Wild Strike"],"picked":"Clothesline","floor":11},{"not_picked":["Perfected Strike","Clash","Shockwave"],"picked":"Armaments","floor":12},{"not_picked":["Wild Strike","Perfected Strike","Headbutt"],"picked":"Flex","floor":13},{"not_picked":["Warcry","Ghostly Armor","Shrug It Off"],"picked":"True Grit","floor":14},{"not_picked":["Dark Embrace","Barricade","Impervious"],"picked":"Feed","floor":16},{"not_picked":["Blood for Blood","Ghostly Armor+1","Headbutt"],"picked":"Rampage+1","floor":18},{"not_picked":["Reckless Charge","Heavy Blade","Corruption"],"picked":"Disarm","floor":22},{"not_picked":["Sword Boomerang","Bludgeon","Perfected Strike"],"picked":"Disarm","floor":25},{"not_picked":["Body Slam+1","Fire Breathing","Pummel+1"],"picked":"Battle Trance","floor":27},{"not_picked":["Havoc","Anger+1","Headbutt+1"],"picked":"True Grit+1","floor":29},{"not_picked":["Exhume","Pommel Strike+1","Twin Strike+1","Rupture"],"picked":"SKIP","floor":31}],"player_experience":241431,"relics_obtained":[{"floor":7,"key":"Ornamental Fan"},{"floor":9,"key":"Question Card"},{"floor":10,"key":"Dodecahedron"},{"floor":14,"key":"Juzu Bracelet"},{"floor":21,"key":"Red Mask"},{"floor":25,"key":"Regal Pillow"},{"floor":26,"key":"Molten Egg 2"},{"floor":29,"key":"Bronze Scales"}],"event_choices":[{"event_name":"Addict","player_choice":"Obtained Relic","floor":19,"damage_taken":0},{"event_name":"Back to Basics","player_choice":"Simplicity","floor":20,"damage_taken":0}],"is_beta":false,"boss_relics":[{"not_picked":["Astrolabe","Black Star"],"picked":"Philosopher\u0027s Stone"}],"items_purged_floors":[2,24],"is_endless":false,"potions_floor_spawned":[3,7,13,14,16,25,29,31],"killed_by":"Automaton","ascension_level":6}