{"gold_per_floor":[118,118,131,131,131,157,157,176,199,211,211,240,250,250],"floor_reached":14,"playtime":1425,"items_purged":[],"score":100,"play_id":"f879e0f6-0ec3-4d92-8128-91669f6dd931","local_time":"20180719161627","is_ascension_mode":false,"campfire_choices":[{"data":"Bouncing Flask","floor":7,"key":"SMITH"},{"data":"Acrobatics","floor":11,"key":"SMITH"}],"neow_cost":"","seed_source_timestamp":0,"circlet_count":0,"master_deck":["Defend_G","Defend_G","Defend_G","Defend_G+1","Defend_G","Strike_G","Strike_G","Strike_G","Strike_G","Survivor+1","Neutralize","Escape Plan","Bouncing Flask+1","Adrenaline","Acrobatics+1","Backflip"],"special_seed":17731,"relics":["Ring of the Snake","Dream Catcher","The Specimen","Snake Skull","Blood Vial"],"potions_floor_usage":[6],"damage_taken":[{"damage":0,"enemies":"2 Louse","floor":1,"turns":3},{"damage":0,"enemies":"Jaw Worm","floor":3,"turns":5},{"damage":35,"enemies":"3 Sentries","floor":6,"turns":14},{"damage":0,"enemies":"Cultist","floor":8,"turns":3},{"damage":0,"enemies":"2 Fungi Beasts","floor":10,"turns":2},{"damage":15,"enemies":"Gremlin Nob","floor":12,"turns":4},{"damage":0,"enemies":"Large Slime","floor":13,"turns":5},{"damage":22,"enemies":"Gremlin Gang","floor":14,"turns":3}],"seed_played":"-3692985004623791933","potions_obtained":[{"floor":1,"key":"Regen Potion"},{"floor":3,"key":"FairyPotion"},{"floor":8,"key":"Weak Potion"},{"floor":12,"key":"EssenceOfSteel"}],"is_trial":false,"path_per_floor":["M","?","M","?","?","E","R","M","T","M","R","E","M"],"character_chosen":"THE_SILENT","items_purchased":[],"campfire_rested":0,"item_purchase_floors":[],"current_hp_per_floor":[70,56,56,38,38,18,18,18,18,18,18,3,5,0],"gold":250,"neow_bonus":"","is_prod":false,"is_daily":false,"chose_seed":false,"campfire_upgraded":2,"win_rate":0.0,"timestamp":1532042187,"path_taken":["M","?","?","?","?","E","R","?","T","?","R","E","M","M"],"build_version":"2018-07-12","purchased_purges":0,"victory":false,"max_hp_per_floor":[70,70,70,70,70,70,70,70,70,70,70,70,70,70],"card_choices":[{"not_picked":["Dagger Throw","Footwork"],"picked":"Escape Plan","floor":1},{"not_picked":["Malaise","Sucker Punch","Dagger Spray"],"picked":"SKIP","floor":3},{"not_picked":["Prepared","Dodge and Roll"],"picked":"Adrenaline","floor":6},{"not_picked":["Sucker Punch","Choke","Quick Slash"],"picked":"SKIP","floor":8},{"not_picked":["Backstab","Outmaneuver"],"picked":"Acrobatics","floor":10},{"not_picked":["Underhanded Strike","Flying Knee","Dagger Throw"],"picked":"SKIP","floor":12},{"not_picked":["Dagger Throw","Wraith Form v2"],"picked":"Backflip","floor":13}],"player_experience":12678,"relics_obtained":[{"floor":6,"key":"The Specimen"},{"floor":9,"key":"Snake Skull"},{"floor":12,"key":"Blood Vial"}],"event_choices":[{"event_name":"Shining Light","player_choice":"Entered Light","floor":2,"damage_taken":0},{"event_name":"Scrap Ooze","player_choice":"success","floor":4,"damage_taken":18},{"event_name":"Living Wall","player_choice":"Change","floor":5,"damage_taken":0}],"boss_relics":[],"items_purged_floors":[],"is_endless":false,"potions_floor_spawned":[1,3,8,12],"killed_by":"Gremlin Gang","ascension_level":0}