{"gold_per_floor":[20,38,138,138,153,153,184,184,184,184,215,225,225,254,266,381,393,422,434,4,18,29,63,63],"floor_reached":24,"playtime":2123,"items_purged":["Strike_B"],"score":257,"play_id":"6e183a07-2f8c-48c0-a220-5fcef84b6d6f","local_time":"20180722080511","is_ascension_mode":true,"campfire_choices":[{"floor":10,"key":"REST"},{"floor":13,"key":"REST"},{"floor":15,"key":"REST"}],"neow_cost":"NO_GOLD","seed_source_timestamp":544763891140912,"circlet_count":0,"master_deck":["Strike_B+1","Defend_B","Defend_B","Zap","Dualcast","Doom and Gloom","Loop","Rebound","Turbo+1","Skim","Defragment","All For One","All For One","Streamline","Finesse","Turbo","Streamline","Steam","Skim","FTL+1"],"relics":["FrozenCore","Dodecahedron","Pantograph","Potion Belt","MawBank","Ancient Tea Set","Molten Egg 2"],"potions_floor_usage":[7,11,16,16,23],"damage_taken":[{"damage":5,"enemies":"2 Louse","floor":1,"turns":2},{"damage":1,"enemies":"Cultist","floor":2,"turns":3},{"damage":0,"enemies":"Small Slimes","floor":5,"turns":2},{"damage":22,"enemies":"3 Sentries","floor":7,"turns":5},{"damage":26,"enemies":"Lagavulin","floor":11,"turns":6},{"damage":6,"enemies":"Looter","floor":12,"turns":2},{"damage":14,"enemies":"3 Sentries","floor":14,"turns":3},{"damage":38,"enemies":"Slime Boss","floor":16,"turns":8},{"damage":6,"enemies":"Chosen","floor":18,"turns":5},{"damage":8,"enemies":"Spheric Guardian","floor":21,"turns":3},{"damage":13,"enemies":"Chosen and Byrds","floor":22,"turns":3},{"damage":45,"enemies":"Slavers","floor":23,"turns":5},{"damage":4,"enemies":"Cultist and Chosen","floor":24,"turns":1}],"seed_played":"-604598899432151293","potions_obtained":[{"floor":1,"key":"Block Potion"},{"floor":5,"key":"FocusPotion"},{"floor":12,"key":"Weak Potion"},{"floor":14,"key":"SteroidPotion"},{"floor":22,"key":"Ancient Potion"}],"is_trial":false,"path_per_floor":["M","M","?","?","M","?","E","?","T","R","E","M","R","E","R","B",null,"M","?","$","M","M","E"],"character_chosen":"DEFECT","items_purchased":["Finesse","Turbo","Streamline","Ancient Tea Set"],"campfire_rested":3,"item_purchase_floors":[20,20,20,20],"current_hp_per_floor":[70,69,69,69,69,62,40,25,25,47,21,15,37,23,45,32,75,69,69,69,61,48,3,0],"gold":63,"neow_bonus":"REMOVE_TWO","is_prod":false,"is_daily":false,"chose_seed":false,"campfire_upgraded":0,"win_rate":0,"timestamp":1532271911,"path_taken":["M","M","?","?","?","?","E","?","T","R","E","M","R","E","R","BOSS","M","?","$","M","M","E","M"],"build_version":"2018-07-19v2","purchased_purges":1,"victory":false,"max_hp_per_floor":[75,75,75,75,75,75,75,75,75,75,75,75,75,75,75,75,75,75,75,75,75,75,75,75],"card_choices":[{"not_picked":["Compile Driver","BootSequence"],"picked":"Doom and Gloom","floor":1},{"not_picked":["Stack","Beam Cell"],"picked":"Loop","floor":2},{"not_picked":["Go for the Eyes","Rebound"],"picked":"Turbo","floor":5},{"not_picked":["Turbo","Sweeping Beam","Loop"],"picked":"SKIP","floor":7},{"not_picked":["BootSequence","Cold Snap"],"picked":"Skim","floor":11},{"not_picked":["Gash","Compile Driver"],"picked":"Defragment","floor":12},{"not_picked":["Genetic Algorithm","Loop"],"picked":"All For One","floor":14},{"not_picked":["Rainbow","Echo Form"],"picked":"All For One","floor":16},{"not_picked":["Compile Driver+1","Coolheaded"],"picked":"Streamline","floor":18},{"not_picked":["Blizzard","Scrape"],"picked":"Steam","floor":21},{"not_picked":["Meteor Strike","Melter"],"picked":"Skim","floor":22},{"not_picked":["Redo+1","Rebound"],"picked":"FTL","floor":23}],"player_experience":110417,"relics_obtained":[{"floor":7,"key":"Dodecahedron"},{"floor":9,"key":"Pantograph"},{"floor":11,"key":"Potion Belt"},{"floor":14,"key":"MawBank"},{"floor":23,"key":"Molten Egg 2"}],"event_choices":[{"event_name":"Golden Shrine","player_choice":"Pray","floor":3,"damage_taken":0},{"event_name":"Living Wall","player_choice":"Change","floor":4,"damage_taken":0},{"event_name":"Golden Wing","player_choice":"Card Removal","floor":6,"damage_taken":0},{"event_name":"Shining Light","player_choice":"Entered Light","floor":8,"damage_taken":0},{"event_name":"Vampires","player_choice":"Ignored","floor":19,"damage_taken":0}],"is_beta":false,"boss_relics":[{"not_picked":["Coffee Dripper","Velvet Choker"],"picked":"FrozenCore"}],"items_purged_floors":[20],"is_endless":false,"potions_floor_spawned":[1,5,12,14,22],"killed_by":"Cultist and Chosen","ascension_level":2}