{"path_per_floor":["M","?","$","?","M","R","M","M","T","M","M","$","M","M","R"],"character_chosen":"THE_SILENT","items_purchased":["Blade Dance","Infinite Blades","Dagger Throw"],"gold_per_floor":[114,64,29,29,53,53,66,85,108,122,146,23,43,66,66,66],"floor_reached":16,"campfire_rested":1,"playtime":885,"item_purchase_floors":[3,12,12],"current_hp_per_floor":[68,68,68,68,62,62,62,49,49,42,34,34,23,5,26,0],"items_purged":[],"gold":66,"score":96,"play_id":"95f05418-5922-490a-a524-a93e0afc0554","local_time":"20180613175655","is_prod":false,"is_daily":false,"chose_seed":false,"is_ascension_mode":false,"campfire_upgraded":1,"win_rate":0.0,"timestamp":1528930615,"campfire_choices":[{"data":"Endless Agony","floor":6,"key":"SMITH"},{"floor":15,"key":"REST"}],"path_taken":["M","?","$","?","M","R","?","M","T","M","M","?","M","M","R","BOSS"],"build_version":"2018-06-07v3","seed_source_timestamp":389821427458479,"purchased_purges":0,"victory":false,"master_deck":["Defend_G","Defend_G","Defend_G","Defend_G","Defend_G","Strike_G","Strike_G","Strike_G","Strike_G","Survivor","Neutralize","Endless Agony+1","Blade Dance","Injury","Blade Dance","Outmaneuver","Well Laid Plans","A Thousand Cuts","Underhanded Strike","Infinite Blades","Dagger Throw","Well Laid Plans","Skewer"],"max_hp_per_floor":[70,70,70,70,70,70,70,70,70,70,70,70,70,70,70,70],"relics":["Ring of the Snake","Golden Idol","Bag of Preparation"],"card_choices":[{"not_picked":["Dagger Throw","Poisoned Stab"],"picked":"Endless Agony","floor":1},{"not_picked":["Masterful Stab","Expertise"],"picked":"Blade Dance","floor":5},{"not_picked":["Dash","Backstab"],"picked":"Outmaneuver","floor":7},{"not_picked":["Poisoned Stab","Leg Sweep"],"picked":"Well Laid Plans","floor":8},{"not_picked":["PiercingWail","All Out Attack"],"picked":"A Thousand Cuts","floor":10},{"not_picked":["Deflect","Prepared"],"picked":"Underhanded Strike","floor":11},{"not_picked":["Sucker Punch","Footwork"],"picked":"Well Laid Plans","floor":13},{"not_picked":["Endless Agony","Backflip"],"picked":"Skewer","floor":14}],"player_experience":60632,"potions_floor_usage":[],"damage_taken":[{"damage":2,"enemies":"2 Louse","floor":1,"turns":3},{"damage":6,"enemies":"Jaw Worm","floor":5,"turns":3},{"damage":0,"enemies":"Cultist","floor":7,"turns":3},{"damage":13,"enemies":"Exordium Thugs","floor":8,"turns":6},{"damage":7,"enemies":"Exordium Wildlife","floor":10,"turns":3},{"damage":8,"enemies":"2 Fungi Beasts","floor":11,"turns":4},{"damage":11,"enemies":"Exordium Thugs","floor":13,"turns":5},{"damage":18,"enemies":"3 Louse","floor":14,"turns":2},{"damage":28,"enemies":"The Guardian","floor":16,"turns":4}],"relics_obtained":[{"floor":9,"key":"Bag of Preparation"}],"event_choices":[{"event_name":"The Cleric","player_choice":"Card Removal","floor":2,"damage_taken":0},{"event_name":"Golden Idol","player_choice":"Take Wound","floor":4,"damage_taken":0}],"boss_relics":[],"items_purged_floors":[],"potions_floor_spawned":[5,7,11,13],"seed_played":"-674787521697583271","killed_by":"The Guardian","ascension_level":0,"potions_obtained":[{"floor":5,"key":"Block Potion"},{"floor":7,"key":"Explosive Potion"},{"floor":11,"key":"Energy Potion"}],"is_trial":false}