{"gold_per_floor":[119,119,119,134,134,134,158,194,194,0,25,69,69,94,94,214,214,235,255,269,284,284,328,328,349,404,221,221,221],"floor_reached":29,"playtime":1803,"items_purged":["Flechettes+1"],"score":413,"play_id":"655bb6de-d93f-43d4-bc0e-891230e2cacd","local_time":"20190205221419","is_ascension_mode":true,"campfire_choices":[{"data":"After Image","floor":6,"key":"SMITH"},{"data":"Leg Sweep","floor":15,"key":"SMITH"},{"floor":24,"key":"REST"}],"neow_cost":"NONE","seed_source_timestamp":686179832883076,"circlet_count":0,"master_deck":["Defend_G","Defend_G","Defend_G","Defend_G","Strike_G","Survivor","Neutralize","Corpse Explosion","Dagger Spray","Leg Sweep+1","After Image+1","Deadly Poison","Slice+1","After Image+1","Riddle With Holes+1","Backstab+1","Dagger Throw+1","After Image","Concentrate+1","Masterful Stab+1","Dagger Throw+1","Caltrops","Dash+1","Footwork","Corpse Explosion","Poisoned Stab+1","Footwork","Dash+1"],"relics":["Ring of the Snake","Golden Idol","Molten Egg 2","Gremlin Horn","DollysMirror","Bronze Scales","Astrolabe","Ice Cream","Potion Belt","MutagenicStrength"],"potions_floor_usage":[16,18,20,23,29],"damage_taken":[{"damage":0,"enemies":"2 Louse","floor":1,"turns":4},{"damage":0,"enemies":"Cultist","floor":4,"turns":4},{"damage":2,"enemies":"Jaw Worm","floor":7,"turns":8},{"damage":12,"enemies":"3 Sentries","floor":8,"turns":6},{"damage":12,"enemies":"Exordium Wildlife","floor":11,"turns":6},{"damage":0,"enemies":"Lagavulin","floor":12,"turns":8},{"damage":5,"enemies":"Large Slime","floor":14,"turns":4},{"damage":0,"enemies":"Hexaghost","floor":16,"turns":9},{"damage":4,"enemies":"Spheric Guardian","floor":18,"turns":5},{"damage":0,"enemies":"3 Byrds","floor":19,"turns":4},{"damage":9,"enemies":"Snake Plant","floor":20,"turns":4},{"damage":1,"enemies":"Snecko","floor":21,"turns":5},{"damage":29,"enemies":"Book of Stabbing","floor":23,"turns":6},{"damage":15,"enemies":"Chosen and Byrds","floor":25,"turns":6},{"damage":32,"enemies":"Gremlin Leader","floor":29,"turns":5}],"seed_played":"-8920747527634500280","potions_obtained":[{"floor":7,"key":"GamblersBrew"},{"floor":8,"key":"Energy Potion"},{"floor":12,"key":"AttackPotion"},{"floor":18,"key":"SteroidPotion"},{"floor":21,"key":"Swift Potion"},{"floor":23,"key":"LiquidBronze"},{"floor":25,"key":"Ancient Potion"}],"is_trial":false,"path_per_floor":["M","?","?","M","?","R","M","E","T","$","M","E","$","M","R","B",null,"M","M","M","M","?","E","R","M","T","$","?","E"],"character_chosen":"THE_SILENT","items_purchased":["DollysMirror","Footwork","Dash+1"],"campfire_rested":1,"item_purchase_floors":[10,27,27],"current_hp_per_floor":[70,70,70,70,70,70,68,56,56,56,44,44,44,39,39,39,62,58,58,49,48,48,19,40,25,25,25,25,0],"gold":221,"neow_bonus":"TRANSFORM_CARD","is_prod":false,"is_daily":false,"chose_seed":false,"campfire_upgraded":2,"win_rate":0,"timestamp":1549426459,"path_taken":["M","?","?","M","?","R","M","E","T","$","M","E","$","M","R","BOSS","M","?","?","M","?","E","R","M","T","?","?","E"],"build_version":"2019-01-23","purchased_purges":1,"victory":false,"max_hp_per_floor":[70,70,70,70,70,70,70,70,70,70,70,70,70,70,70,70,70,70,70,70,70,70,70,70,70,70,70,70,70],"card_choices":[{"not_picked":["Flying Knee","Slice"],"picked":"Dagger Spray","floor":1},{"not_picked":["Cloak And Dagger","Distraction"],"picked":"Leg Sweep","floor":4},{"not_picked":["Outmaneuver","Night Terror"],"picked":"Deadly Poison","floor":7},{"not_picked":["Phantasmal Killer","Outmaneuver"],"picked":"Slice","floor":8},{"not_picked":["Expertise","Flechettes+1"],"picked":"Riddle With Holes+1","floor":11},{"not_picked":["Dagger Throw+1","Bane+1"],"picked":"Backstab+1","floor":12},{"not_picked":["Flying Knee+1","Outmaneuver"],"picked":"Dagger Throw+1","floor":14},{"not_picked":["Grand Finale+1","Bullet Time"],"picked":"After Image","floor":16},{"not_picked":["Cloak And Dagger+1","Skewer+1"],"picked":"Dagger Throw+1","floor":18},{"not_picked":["Heel Hook+1","Terror"],"picked":"Caltrops","floor":19},{"not_picked":["Deflect","Dodge and Roll"],"picked":"Dash+1","floor":20},{"not_picked":["Deadly Poison","Outmaneuver"],"picked":"Footwork","floor":21},{"not_picked":["Bane+1","Deflect+1"],"picked":"Corpse Explosion","floor":23},{"not_picked":["Sucker Punch+1","Expertise"],"picked":"Poisoned Stab+1","floor":25}],"player_experience":754479,"relics_obtained":[{"floor":8,"key":"Molten Egg 2"},{"floor":9,"key":"Gremlin Horn"},{"floor":12,"key":"Bronze Scales"},{"floor":23,"key":"Ice Cream"},{"floor":26,"key":"Potion Belt"}],"event_choices":[{"damage_healed":0,"gold_gain":0,"player_choice":"Take Wound","damage_taken":0,"relics_obtained":["Golden Idol"],"max_hp_gain":0,"max_hp_loss":0,"event_name":"Golden Idol","floor":2,"gold_loss":0,"cards_obtained":["Injury"]},{"cards_removed":["Injury"],"damage_healed":0,"gold_gain":0,"player_choice":"Forget","damage_taken":0,"max_hp_gain":0,"max_hp_loss":0,"event_name":"Living Wall","floor":3,"gold_loss":0},{"damage_healed":0,"gold_gain":0,"cards_transformed":["Strike_G"],"player_choice":"Transformed","damage_taken":0,"max_hp_gain":0,"max_hp_loss":0,"event_name":"Transmorgrifier","floor":5,"gold_loss":0,"cards_obtained":["After Image"]},{"damage_healed":0,"gold_gain":0,"player_choice":"Ignored","damage_taken":0,"max_hp_gain":0,"max_hp_loss":0,"event_name":"Ghosts","floor":22,"gold_loss":0},{"damage_healed":0,"gold_gain":0,"player_choice":"Inject Mutagens","damage_taken":0,"relics_obtained":["MutagenicStrength"],"max_hp_gain":0,"max_hp_loss":0,"event_name":"Drug Dealer","floor":28,"gold_loss":0}],"is_beta":false,"boss_relics":[{"not_picked":["Black Star","Philosopher\u0027s Stone"],"picked":"Astrolabe"}],"items_purged_floors":[27],"is_endless":false,"potions_floor_spawned":[7,8,12,18,21,23,25],"killed_by":"Gremlin Leader","ascension_level":5}