{"gold_per_floor":[119,45,45,60,72,72,92,105,105,105,132,143,161,161],"floor_reached":14,"playtime":989,"items_purged":[],"score":118,"play_id":"93eb37c0-67c0-47b6-a4f6-45b12de91912","local_time":"20190405193455","is_ascension_mode":true,"campfire_choices":[{"data":"Bullet Time","floor":6,"key":"SMITH"},{"data":"Footwork","floor":10,"key":"SMITH"}],"neow_cost":"TEN_PERCENT_HP_LOSS","seed_source_timestamp":1292817310940684,"circlet_count":0,"master_deck":["Defend_G","Defend_G","Defend_G","Defend_G","Defend_G+1","Strike_G+1","Strike_G","Strike_G","Strike_G","Strike_G","Survivor","Neutralize","Bullet Time+1","Dagger Throw","Footwork+1","Deadly Poison","Bane","Catalyst","Backflip","Crippling Poison","Footwork","Dagger Spray"],"relics":["Ring of the Snake","Bottled Tornado","Art of War"],"potions_floor_usage":[12],"damage_taken":[{"damage":5,"enemies":"Cultist","floor":1,"turns":5},{"damage":1,"enemies":"2 Louse","floor":4,"turns":3},{"damage":0,"enemies":"Jaw Worm","floor":5,"turns":5},{"damage":0,"enemies":"2 Fungi Beasts","floor":7,"turns":4},{"damage":0,"enemies":"Blue Slaver","floor":8,"turns":3},{"damage":28,"enemies":"Lagavulin","floor":11,"turns":8},{"damage":0,"enemies":"3 Louse","floor":12,"turns":4},{"damage":14,"enemies":"Large Slime","floor":13,"turns":6},{"damage":6,"enemies":"Lagavulin Event","floor":14,"turns":3}],"seed_played":"1074899821673371911","potions_obtained":[{"floor":4,"key":"GhostInAJar"},{"floor":5,"key":"Poison Potion"},{"floor":12,"key":"SmokeBomb"}],"is_trial":false,"path_per_floor":["M","$","?","M","M","R","M","M","T","R","E","M","M","?"],"character_chosen":"THE_SILENT","items_purchased":["Footwork"],"campfire_rested":0,"item_purchase_floors":[2],"current_hp_per_floor":[58,58,45,44,44,44,44,44,44,44,16,16,2,0],"gold":161,"neow_bonus":"THREE_RARE_CARDS","is_prod":false,"is_daily":false,"chose_seed":false,"campfire_upgraded":2,"win_rate":0,"timestamp":1554510895,"path_taken":["M","?","?","?","M","R","M","M","T","R","E","M","M","?"],"build_version":"2019-01-23","purchased_purges":0,"victory":false,"max_hp_per_floor":[63,63,63,63,63,63,63,63,63,63,63,63,63,63],"card_choices":[{"not_picked":["Venomology","Adrenaline"],"picked":"Bullet Time","floor":0},{"not_picked":["Prepared","Bane"],"picked":"Dagger Throw","floor":1},{"not_picked":["Acrobatics","Quick Slash"],"picked":"Deadly Poison","floor":4},{"not_picked":["Underhanded Strike","Backflip"],"picked":"Bane","floor":5},{"not_picked":["Well Laid Plans","Phantasmal Killer"],"picked":"Catalyst","floor":7},{"not_picked":["All Out Attack","Choke"],"picked":"Backflip","floor":8},{"not_picked":["Heel Hook","Poisoned Stab"],"picked":"Crippling Poison","floor":11},{"not_picked":["PiercingWail","Prepared"],"picked":"Footwork","floor":12},{"not_picked":["Underhanded Strike","Tactician"],"picked":"Dagger Spray","floor":13}],"player_experience":798175,"relics_obtained":[{"floor":9,"key":"Bottled Tornado"},{"floor":11,"key":"Art of War"}],"event_choices":[{"damage_healed":0,"gold_gain":0,"player_choice":"Entered Light","damage_taken":13,"max_hp_gain":0,"max_hp_loss":0,"event_name":"Shining Light","floor":3,"gold_loss":0,"cards_upgraded":["Strike_G","Defend_G"]},{"damage_healed":0,"gold_gain":0,"player_choice":"Searched \u00271\u0027 times","damage_taken":0,"max_hp_gain":0,"max_hp_loss":0,"event_name":"Dead Adventurer","floor":14,"gold_loss":0}],"is_beta":false,"boss_relics":[],"items_purged_floors":[],"is_endless":false,"potions_floor_spawned":[4,5,12],"killed_by":"Lagavulin Event","ascension_level":5}