{"gold_per_floor":[361,376,20,40,40,83,83,158,211,211,226,226,266,282,282,401,401,415,440,440,440,456,497,497,513,513,534,569,593,593,666,666,666],"floor_reached":33,"playtime":3563,"items_purged":[],"score":405,"play_id":"bb4f2ca4-7d83-43fc-a577-a99d7eef291c","local_time":"20181225204011","is_ascension_mode":true,"campfire_choices":[{"data":"Armaments","floor":7,"key":"SMITH"},{"floor":10,"key":"REST"},{"data":"Battle Trance","floor":12,"key":"SMITH"},{"floor":15,"key":"REST"},{"data":"Barricade","floor":32,"key":"SMITH"}],"neow_cost":"PERCENT_DAMAGE","seed_source_timestamp":286421744462516,"circlet_count":0,"master_deck":["Defend_R","Defend_R","Defend_R","Defend_R","Bash","Iron Wave","Battle Trance+1","Armaments+1","Flame Barrier","Dark Embrace","Second Wind","Barricade+1","Bite","Bite","Bite","Bite","Bite","Feel No Pain","Seeing Red"],"relics":["Burning Blood","StoneCalendar","Golden Idol","Orichalcum","Centennial Puzzle","Mummified Hand","Busted Crown","Omamori","Mercury Hourglass","Question Card","Anchor","Tiny Chest"],"potions_floor_usage":[13,16,16,23,31,31],"damage_taken":[{"damage":6,"enemies":"Small Slimes","floor":1,"turns":5},{"damage":13,"enemies":"Jaw Worm","floor":2,"turns":4},{"damage":1,"enemies":"Cultist","floor":4,"turns":5},{"damage":22,"enemies":"Lagavulin","floor":6,"turns":11},{"damage":0,"enemies":"3 Louse","floor":11,"turns":7},{"damage":2,"enemies":"3 Sentries","floor":13,"turns":7},{"damage":23,"enemies":"Gremlin Gang","floor":14,"turns":7},{"damage":16,"enemies":"The Guardian","floor":16,"turns":19},{"damage":7,"enemies":"Chosen","floor":18,"turns":6},{"damage":22,"enemies":"Spheric Guardian","floor":19,"turns":7},{"damage":31,"enemies":"Cultist and Chosen","floor":22,"turns":9},{"damage":35,"enemies":"Book of Stabbing","floor":23,"turns":8},{"damage":10,"enemies":"Centurion and Healer","floor":25,"turns":9},{"damage":9,"enemies":"Sentry and Sphere","floor":27,"turns":7},{"damage":50,"enemies":"Gremlin Leader","floor":28,"turns":10},{"damage":6,"enemies":"3 Cultists","floor":29,"turns":5},{"damage":25,"enemies":"Book of Stabbing","floor":31,"turns":7},{"damage":151,"enemies":"Automaton","floor":33,"turns":18}],"seed_played":"843196778673218239","potions_obtained":[{"floor":6,"key":"Swift Potion"},{"floor":11,"key":"SkillPotion"},{"floor":14,"key":"Dexterity Potion"},{"floor":19,"key":"Explosive Potion"},{"floor":22,"key":"AttackPotion"},{"floor":25,"key":"AttackPotion"},{"floor":31,"key":"FearPotion"}],"is_trial":false,"path_per_floor":["M","M","$","M","?","E","R","?","T","R","M","R","E","M","R","B",null,"M","M","?","?","M","E","T","M","T","M","E","M","?","E","R","B"],"character_chosen":"IRONCLAD","items_purchased":["StoneCalendar","Armaments"],"campfire_rested":2,"item_purchase_floors":[3,3],"current_hp_per_floor":[56,49,49,54,34,18,18,7,7,31,37,37,41,24,48,38,80,79,63,56,56,42,23,23,55,55,56,37,56,66,58,58,0],"gold":666,"neow_bonus":"TWO_FIFTY_GOLD","is_prod":false,"is_daily":false,"chose_seed":false,"campfire_upgraded":3,"win_rate":0,"timestamp":1545738011,"path_taken":["M","M","$","M","?","E","R","?","T","R","M","R","E","M","R","BOSS","M","M","?","?","M","E","?","M","T","M","E","?","?","E","R","BOSS"],"build_version":"2018-12-20","purchased_purges":0,"victory":false,"max_hp_per_floor":[80,80,80,80,80,80,80,80,80,80,80,80,80,80,80,80,80,80,80,56,56,56,56,56,56,56,56,56,56,66,66,66,66],"card_choices":[{"not_picked":["Cleave","Pommel Strike"],"picked":"Iron Wave","floor":1},{"not_picked":["Corruption","Havoc"],"picked":"Battle Trance","floor":2},{"not_picked":["Fire Breathing","Intimidate"],"picked":"Flame Barrier","floor":4},{"not_picked":["Warcry","Dark Embrace","Thunderclap"],"picked":"SKIP","floor":6},{"not_picked":["Warcry","Thunderclap"],"picked":"Dark Embrace","floor":6},{"not_picked":["Twin Strike","Wild Strike","Searing Blow"],"picked":"SKIP","floor":11},{"not_picked":["Clothesline","Corruption","Thunderclap"],"picked":"SKIP","floor":13},{"not_picked":["Heavy Blade","Armaments"],"picked":"Second Wind","floor":14},{"not_picked":["Feed","Reaper"],"picked":"Barricade","floor":16},{"not_picked":["Heavy Blade"],"picked":"SKIP","floor":18},{"not_picked":["Pommel Strike"],"picked":"SKIP","floor":19},{"not_picked":["Flex"],"picked":"SKIP","floor":22},{"not_picked":["Pommel Strike"],"picked":"SKIP","floor":23},{"not_picked":[],"picked":"Seeing Red","floor":25},{"not_picked":["Second Wind","Shrug It Off"],"picked":"SKIP","floor":27},{"not_picked":["Clash+1"],"picked":"Offering","floor":28},{"not_picked":["Flex+1","Fire Breathing+1"],"picked":"SKIP","floor":29},{"not_picked":["Clash","Spot Weakness"],"picked":"SKIP","floor":31}],"player_experience":65230,"relics_obtained":[{"floor":6,"key":"Orichalcum"},{"floor":9,"key":"Centennial Puzzle"},{"floor":13,"key":"Mummified Hand"},{"floor":23,"key":"Omamori"},{"floor":24,"key":"Mercury Hourglass"},{"floor":26,"key":"Question Card"},{"floor":28,"key":"Anchor"},{"floor":31,"key":"Tiny Chest"}],"event_choices":[{"damage_healed":0,"gold_gain":0,"player_choice":"Take Damage","damage_taken":20,"relics_obtained":["Golden Idol"],"max_hp_gain":0,"max_hp_loss":0,"event_name":"Golden Idol","floor":5,"gold_loss":0},{"damage_healed":0,"gold_gain":75,"player_choice":"Gather Gold","damage_taken":11,"max_hp_gain":0,"max_hp_loss":0,"event_name":"World of Goop","floor":8,"gold_loss":0},{"damage_healed":0,"gold_gain":0,"player_choice":"Became a vampire","damage_taken":0,"max_hp_gain":0,"max_hp_loss":24,"event_name":"Vampires","floor":20,"gold_loss":0,"cards_obtained":["Bite","Bite","Bite","Bite","Bite"]},{"damage_healed":0,"gold_gain":0,"player_choice":"Read","damage_taken":0,"max_hp_gain":0,"max_hp_loss":0,"event_name":"The Library","floor":21,"gold_loss":0,"cards_obtained":["Feel No Pain"]},{"cards_removed":["Offering"],"damage_healed":0,"gold_gain":0,"player_choice":"Offered Rare","damage_taken":0,"max_hp_gain":10,"max_hp_loss":0,"event_name":"Bonfire Elementals","floor":30,"gold_loss":0}],"is_beta":false,"boss_relics":[{"not_picked":["Snecko Eye","Tiny House"],"picked":"Busted Crown"}],"items_purged_floors":[],"is_endless":false,"potions_floor_spawned":[6,11,14,19,22,25,31],"killed_by":"Automaton","ascension_level":4}