{"gold_per_floor":[116,291,306,306,149,149,167,167,191,204,232,232,245,263,263,359,359,369,380,0,12,12],"floor_reached":22,"playtime":1023,"items_purged":["Doubt"],"score":226,"play_id":"ea03e680-29cf-4524-a7a3-84acec67b88c","local_time":"20180926213804","is_ascension_mode":true,"campfire_choices":[{"data":"Crippling Poison","floor":6,"key":"SMITH"},{"data":"Setup","floor":8,"key":"SMITH"},{"data":"Backstab","floor":12,"key":"SMITH"},{"data":"Envenom","floor":15,"key":"SMITH"}],"neow_cost":"","seed_source_timestamp":303874870427978,"circlet_count":0,"master_deck":["Defend_G","Defend_G","Defend_G","Defend_G","Defend_G","Strike_G","Strike_G","Strike_G","Strike_G","Survivor","Neutralize","Crippling Poison+1","Backflip","Dagger Spray","Accuracy","Setup+1","Backstab+1","Deadly Poison","Flying Knee","Envenom+1","Burst","Cloak And Dagger+1","Flying Knee+1","Infinite Blades","Riddle With Holes","Leg Sweep"],"relics":["Ring of the Snake","Lantern","Omamori","Velvet Choker","Matryoshka"],"potions_floor_usage":[11,11,16],"damage_taken":[{"damage":2,"enemies":"Jaw Worm","floor":1,"turns":6},{"damage":1,"enemies":"Small Slimes","floor":3,"turns":4},{"damage":0,"enemies":"Cultist","floor":7,"turns":3},{"damage":4,"enemies":"Blue Slaver","floor":10,"turns":4},{"damage":7,"enemies":"3 Sentries","floor":11,"turns":7},{"damage":1,"enemies":"3 Louse","floor":13,"turns":3},{"damage":1,"enemies":"Exordium Wildlife","floor":14,"turns":2},{"damage":22,"enemies":"The Guardian","floor":16,"turns":11},{"damage":19,"enemies":"Chosen","floor":18,"turns":4},{"damage":9,"enemies":"2 Thieves","floor":19,"turns":4},{"damage":22,"enemies":"3 Cultists","floor":21,"turns":6},{"damage":25,"enemies":"Colosseum Slavers","floor":22,"turns":2}],"seed_played":"-1689402173529811257","potions_obtained":[{"floor":1,"key":"SkillPotion"},{"floor":3,"key":"Fire Potion"},{"floor":7,"key":"Fire Potion"},{"floor":14,"key":"Strength Potion"},{"floor":18,"key":"Fire Potion"}],"is_trial":false,"path_per_floor":["M","?","M","?","$","R","M","R","T","M","E","R","M","M","R","B",null,"M","M","$","M"],"character_chosen":"THE_SILENT","items_purchased":["Accuracy","Infinite Blades","Matryoshka","Riddle With Holes"],"campfire_rested":0,"item_purchase_floors":[5,20,20,20],"current_hp_per_floor":[68,68,67,67,67,67,67,67,67,63,56,56,55,54,54,32,70,51,42,42,20,0],"gold":12,"neow_bonus":"","is_prod":false,"is_daily":false,"chose_seed":false,"campfire_upgraded":4,"win_rate":0,"timestamp":1538015884,"path_taken":["M","?","M","?","$","R","M","R","T","M","E","R","?","M","R","BOSS","M","M","$","M","?"],"build_version":"2018-09-20","purchased_purges":1,"victory":false,"max_hp_per_floor":[70,70,70,70,70,70,70,70,70,70,70,70,70,70,70,70,70,70,70,70,70,70],"card_choices":[{"not_picked":["Masterful Stab","Quick Slash"],"picked":"Crippling Poison","floor":1},{"not_picked":["Crippling Poison","Acrobatics"],"picked":"Backflip","floor":3},{"not_picked":["Dash","Poisoned Stab"],"picked":"Setup","floor":7},{"not_picked":["Slice","Underhanded Strike"],"picked":"Backstab","floor":10},{"not_picked":["Dodge and Roll","Slice"],"picked":"Deadly Poison","floor":11},{"not_picked":["Expertise","Quick Slash"],"picked":"Flying Knee","floor":13},{"not_picked":["Sucker Punch","Deadly Poison"],"picked":"Envenom","floor":14},{"not_picked":["Glass Knife","Corpse Explosion"],"picked":"Burst","floor":16},{"not_picked":["Backflip","Tactician"],"picked":"Cloak And Dagger+1","floor":18},{"not_picked":["Underhanded Strike","Backflip"],"picked":"Flying Knee+1","floor":19},{"not_picked":["Sucker Punch","Backstab"],"picked":"Leg Sweep","floor":21}],"player_experience":394189,"relics_obtained":[{"floor":9,"key":"Lantern"},{"floor":11,"key":"Omamori"}],"event_choices":[{"event_name":"Liars Game","player_choice":"agreed","floor":2,"damage_taken":0},{"event_name":"Living Wall","player_choice":"Change","floor":4,"damage_taken":0},{"event_name":"Colosseum","player_choice":"Fight","floor":22,"damage_taken":0}],"is_beta":false,"boss_relics":[{"not_picked":["Sozu","Eternal Feather"],"picked":"Velvet Choker"}],"items_purged_floors":[5],"is_endless":false,"potions_floor_spawned":[1,3,7,14,18],"killed_by":"Colosseum Slavers","ascension_level":4}