{"gold_per_floor":[118,44,55,73,73,73,108,122,145,156,175,191,48,48,48,148,148,163,11,11,29,44,79,79,91,91,109,109,109,109,138,138,241,241,255,255,255,274,48,67,87,87,87,87,87,87,106,106,106,106],"floor_reached":51,"playtime":3437,"items_purged":[],"score":721,"play_id":"db1ee12c-e347-4966-b936-6ffcd071b2fa","local_time":"20180729220215","is_ascension_mode":true,"campfire_choices":[{"data":"After Image","floor":6,"key":"SMITH"},{"floor":15,"key":"REST"},{"data":"Noxious Fumes","floor":24,"key":"SMITH"},{"floor":29,"key":"REST"},{"floor":32,"key":"REST"},{"floor":42,"key":"DIG"},{"floor":45,"key":"DIG"},{"floor":49,"key":"DIG"}],"neow_cost":"NONE","seed_source_timestamp":298580452867795,"circlet_count":0,"master_deck":["Defend_G+1","Defend_G+1","Defend_G+1","Defend_G+1","Strike_G+1","Strike_G+1","Strike_G+1","Strike_G+1","Strike_G+1","Survivor+1","Neutralize+1","After Image+1","Cloak And Dagger+1","Accuracy+1","Poisoned Stab+1","Dagger Throw+1","Cloak And Dagger+1","Infinite Blades+1","Noxious Fumes+1","After Image+1","Dodge and Roll+1","Accuracy+1","Backflip+1","Cloak And Dagger+1","Slice+1","Slice+1","Flechettes+1","Sucker Punch+1","Noxious Fumes+1","Prepared+1","Venomology+1","Dodge and Roll+1","Expertise","Calculated Gamble","Bane+1","Slice+1","Writhe","Dark Shackles"],"relics":["Ring of the Snake","Bag of Marbles","War Paint","Pen Nib","Busted Crown","Strawberry","Juzu Bracelet","Letter Opener","Shovel","Black Star","Mark of the Bloom","Centennial Puzzle","Dead Branch","Blue Candle","Anchor","Calipers"],"potions_floor_usage":[25,25,25,33,40,47,47,50,50,50,50,50,50],"damage_taken":[{"damage":0,"enemies":"2 Louse","floor":1,"turns":2},{"damage":0,"enemies":"Cultist","floor":3,"turns":5},{"damage":3,"enemies":"Small Slimes","floor":4,"turns":4},{"damage":33,"enemies":"Lagavulin","floor":7,"turns":9},{"damage":17,"enemies":"Gremlin Gang","floor":8,"turns":6},{"damage":0,"enemies":"Blue Slaver","floor":10,"turns":4},{"damage":4,"enemies":"Exordium Thugs","floor":11,"turns":5},{"damage":0,"enemies":"2 Fungi Beasts","floor":12,"turns":4},{"damage":30,"enemies":"The Guardian","floor":16,"turns":10},{"damage":7,"enemies":"3 Byrds","floor":18,"turns":7},{"damage":0,"enemies":"Shell Parasite","floor":21,"turns":5},{"damage":7,"enemies":"Cultist and Chosen","floor":22,"turns":8},{"damage":10,"enemies":"Book of Stabbing","floor":23,"turns":7},{"damage":23,"enemies":"Snake Plant","floor":25,"turns":6},{"damage":0,"enemies":"Sentry and Sphere","floor":27,"turns":5},{"damage":19,"enemies":"Slavers","floor":31,"turns":6},{"damage":41,"enemies":"Champ","floor":33,"turns":11},{"damage":10,"enemies":"Orb Walker","floor":35,"turns":4},{"damage":6,"enemies":"3 Shapes","floor":38,"turns":3},{"damage":17,"enemies":"Transient","floor":40,"turns":5},{"damage":4,"enemies":"Spire Growth","floor":41,"turns":4},{"damage":1,"enemies":"3 Darklings","floor":47,"turns":5},{"damage":37,"enemies":"Time Eater","floor":50,"turns":11}],"seed_played":"-1145014262488548148","potions_obtained":[{"floor":3,"key":"GamblersBrew"},{"floor":8,"key":"SpeedPotion"},{"floor":16,"key":"SpeedPotion"},{"floor":22,"key":"SpeedPotion"},{"floor":25,"key":"GamblersBrew"},{"floor":33,"key":"PowerPotion"},{"floor":41,"key":"Regen Potion"}],"is_trial":false,"path_per_floor":["M","$","M","M","?","R","E","M","T","M","M","M","$","?","R","B",null,"M","$","?","M","M","E","R","M","T","M","?","R","?","E","R","B",null,"M","?","?","M","$","M","M","R","T","?","R","?","M","?","R","B"],"character_chosen":"THE_SILENT","items_purchased":["Accuracy","Pen Nib","Strawberry","Calculated Gamble","Centennial Puzzle"],"campfire_rested":3,"item_purchase_floors":[2,13,19,39,39],"current_hp_per_floor":[70,70,70,67,70,70,37,20,20,20,16,16,16,16,37,7,70,63,70,70,70,63,53,53,30,30,30,30,53,53,34,57,16,77,67,67,67,61,61,44,40,40,40,40,40,40,39,39,39,2],"gold":106,"neow_bonus":"ONE_RANDOM_RARE_CARD","is_prod":false,"is_daily":false,"chose_seed":false,"campfire_upgraded":2,"win_rate":0,"timestamp":1532919735,"path_taken":["M","$","M","M","?","R","E","M","T","M","M","?","$","?","R","BOSS","M","$","?","M","M","E","R","M","T","M","?","R","?","E","R","BOSS","M","?","?","M","$","M","M","R","T","?","R","?","M","?","R","BOSS"],"build_version":"2018-07-26","purchased_purges":0,"victory":true,"max_hp_per_floor":[70,70,70,70,70,70,70,70,70,70,70,70,70,70,70,70,70,70,77,77,77,77,77,77,77,77,77,77,77,77,77,77,77,77,77,77,77,77,77,77,77,77,77,77,77,77,77,77,77,77],"card_choices":[{"not_picked":["Dagger Spray","Dodge and Roll"],"picked":"Cloak And Dagger","floor":1},{"not_picked":["Dagger Throw","Outmaneuver"],"picked":"Poisoned Stab","floor":3},{"not_picked":["Dodge and Roll","Dagger Throw"],"picked":"Concentrate","floor":4},{"not_picked":["Concentrate","PiercingWail"],"picked":"Dagger Throw","floor":7},{"not_picked":["All Out Attack","Backflip"],"picked":"Escape Plan","floor":8},{"not_picked":["Backflip","Dagger Spray"],"picked":"Cloak And Dagger","floor":10},{"not_picked":["Leg Sweep","Skewer"],"picked":"Infinite Blades","floor":11},{"not_picked":["Endless Agony","Dagger Spray"],"picked":"Noxious Fumes","floor":12},{"not_picked":["Envenom","Unload"],"picked":"After Image","floor":16},{"not_picked":[],"picked":"Dodge and Roll+1","floor":18},{"not_picked":[],"picked":"Backflip","floor":21},{"not_picked":[],"picked":"Cloak And Dagger+1","floor":22},{"not_picked":[],"picked":"Slice+1","floor":23},{"not_picked":[],"picked":"Slice","floor":25},{"not_picked":[],"picked":"Flechettes+1","floor":27},{"not_picked":[],"picked":"Prepared+1","floor":31},{"not_picked":[],"picked":"Venomology","floor":33},{"not_picked":[],"picked":"Dodge and Roll+1","floor":35},{"not_picked":[],"picked":"Expertise","floor":38},{"not_picked":[],"picked":"Bane+1","floor":40},{"not_picked":[],"picked":"Slice+1","floor":41},{"not_picked":["Bane"],"picked":"SKIP","floor":47},{"not_picked":[],"picked":"Dark Shackles","floor":48}],"player_experience":174143,"relics_obtained":[{"floor":7,"key":"Bag of Marbles"},{"floor":9,"key":"War Paint"},{"floor":23,"key":"Juzu Bracelet"},{"floor":26,"key":"Letter Opener"},{"floor":31,"key":"Shovel"},{"floor":42,"key":"Dead Branch"},{"floor":43,"key":"Blue Candle"},{"floor":45,"key":"Anchor"},{"floor":49,"key":"Calipers"}],"event_choices":[{"event_name":"Bonfire Elementals","player_choice":"UNCOMMON","floor":5,"damage_taken":0},{"event_name":"Shining Light","player_choice":"Ignored","floor":14,"damage_taken":0},{"event_name":"The Library","player_choice":"Read","floor":20,"damage_taken":0},{"event_name":"Transmorgrifier","player_choice":"Transform","floor":28,"damage_taken":0},{"event_name":"Duplicator","player_choice":"One dupe","floor":30,"damage_taken":0},{"event_name":"Falling","player_choice":"Removed Skill","floor":36,"damage_taken":0},{"event_name":"MindBloom","player_choice":"Upgrade","floor":37,"damage_taken":0},{"event_name":"Mysterious Sphere","player_choice":"Ignore","floor":44,"damage_taken":0},{"event_name":"Winding Halls","player_choice":"Writhe","floor":46,"damage_taken":0},{"event_name":"SensoryStone","player_choice":"Memory 1","floor":48,"damage_taken":0}],"is_beta":false,"boss_relics":[{"not_picked":["Coffee Dripper","Snecko Eye"],"picked":"Busted Crown"},{"not_picked":["Tiny House","Runic Dome"],"picked":"Black Star"}],"items_purged_floors":[],"is_endless":false,"potions_floor_spawned":[3,8,16,22,25,33,41],"ascension_level":1}