{"gold_per_floor":[112,112,125,14,26,26,95,95,95,95,126,176,196,208,208,304,354,372,392,402,412,462,462,422,422],"floor_reached":25,"playtime":3701,"items_purged":["Strike_G"],"score":256,"play_id":"7a0338dd-640f-4a26-84bc-2112595cfd9f","local_time":"20190127211847","is_ascension_mode":true,"campfire_choices":[{"data":"Footwork","floor":6,"key":"SMITH"},{"data":"Cloak And Dagger","floor":8,"key":"SMITH"},{"data":"Blade Dance","floor":10,"key":"SMITH"},{"floor":15,"key":"REST"},{"floor":23,"key":"REST"}],"neow_cost":"TEN_PERCENT_HP_LOSS","seed_source_timestamp":403667187492417,"circlet_count":0,"master_deck":["Defend_G","Defend_G","Defend_G+1","Defend_G+1","Defend_G","Strike_G","Strike_G","Strike_G","Survivor","Neutralize","All Out Attack+1","Blade Dance+1","Footwork+1","Dagger Spray","Cloak And Dagger+1","Blade Dance","Deflect","All Out Attack","After Image","Accuracy","All Out Attack","Infinite Blades+1","Prepared","Blade Dance"],"relics":["Ring of the Snake","Ice Cream","SsserpentHead","Nunchaku","Calipers","Tiny House","MutagenicStrength"],"potions_floor_usage":[19,21,25],"damage_taken":[{"damage":6,"enemies":"Jaw Worm","floor":1,"turns":5},{"damage":0,"enemies":"Cultist","floor":3,"turns":3},{"damage":0,"enemies":"2 Louse","floor":5,"turns":4},{"damage":7,"enemies":"Exordium Thugs","floor":7,"turns":7},{"damage":14,"enemies":"3 Sentries","floor":11,"turns":7},{"damage":2,"enemies":"Exordium Wildlife","floor":13,"turns":4},{"damage":0,"enemies":"Lots of Slimes","floor":14,"turns":2},{"damage":46,"enemies":"Hexaghost","floor":16,"turns":17},{"damage":2,"enemies":"3 Byrds","floor":18,"turns":5},{"damage":4,"enemies":"Chosen","floor":19,"turns":5},{"damage":18,"enemies":"Centurion and Healer","floor":20,"turns":5},{"damage":12,"enemies":"3 Cultists","floor":21,"turns":5},{"damage":39,"enemies":"Book of Stabbing","floor":25,"turns":7}],"seed_played":"5994965996404716986","potions_obtained":[{"floor":3,"key":"Weak Potion"},{"floor":7,"key":"SpeedPotion"},{"floor":13,"key":"FearPotion"},{"floor":17,"key":"Explosive Potion"},{"floor":20,"key":"GamblersBrew"},{"floor":21,"key":"SteroidPotion"}],"is_trial":false,"path_per_floor":["M","?","M","$","M","R","M","R","T","R","E","?","M","M","R","B",null,"M","M","M","M","?","R","?","E"],"character_chosen":"THE_SILENT","items_purchased":["Footwork"],"campfire_rested":2,"item_purchase_floors":[4],"current_hp_per_floor":[57,57,57,57,57,57,50,50,50,50,36,36,34,34,52,6,54,52,48,30,18,18,38,38,0],"gold":422,"neow_bonus":"ONE_RARE_RELIC","is_prod":false,"is_daily":false,"chose_seed":false,"campfire_upgraded":3,"win_rate":0,"timestamp":1548645527,"path_taken":["M","?","M","$","M","R","?","R","T","R","E","?","M","M","R","BOSS","M","M","M","M","?","R","?","E"],"build_version":"2019-01-23","purchased_purges":1,"victory":false,"max_hp_per_floor":[63,63,63,63,63,63,63,63,63,63,63,63,63,63,63,63,68,68,68,68,68,68,68,68,68],"card_choices":[{"not_picked":["Dagger Throw","Slice"],"picked":"All Out Attack","floor":1},{"not_picked":["Underhanded Strike","Bane"],"picked":"Blade Dance","floor":3},{"not_picked":["Reflex","Blade Dance"],"picked":"Dagger Spray","floor":5},{"not_picked":["Burst","Underhanded Strike"],"picked":"Cloak And Dagger","floor":7},{"not_picked":["Bane","Underhanded Strike"],"picked":"Blade Dance","floor":11},{"not_picked":["Flechettes","Sucker Punch"],"picked":"Deflect","floor":13},{"not_picked":["Bouncing Flask","Expertise"],"picked":"All Out Attack","floor":14},{"not_picked":["Die Die Die","Malaise"],"picked":"After Image","floor":16},{"not_picked":["Calculated Gamble","Cloak And Dagger"],"picked":"Accuracy","floor":17},{"not_picked":["Reflex","Underhanded Strike"],"picked":"All Out Attack","floor":18},{"not_picked":["Quick Slash","Dagger Throw"],"picked":"Infinite Blades+1","floor":19},{"not_picked":["Eviscerate+1","Acrobatics"],"picked":"Prepared","floor":20},{"not_picked":["Dagger Throw","Dash"],"picked":"Blade Dance","floor":21}],"player_experience":730333,"relics_obtained":[{"floor":9,"key":"Nunchaku"},{"floor":11,"key":"Calipers"}],"event_choices":[{"damage_healed":0,"gold_gain":0,"player_choice":"Trade","damage_taken":0,"relics_obtained":["SsserpentHead"],"max_hp_gain":0,"max_hp_loss":0,"event_name":"FaceTrader","floor":2,"gold_loss":0},{"damage_healed":0,"gold_gain":0,"player_choice":"Upgraded","damage_taken":0,"max_hp_gain":0,"max_hp_loss":0,"event_name":"Upgrade Shrine","floor":12,"gold_loss":0,"cards_upgraded":["All Out Attack"]},{"damage_healed":0,"gold_gain":0,"player_choice":"Inject Mutagens","damage_taken":0,"relics_obtained":["MutagenicStrength"],"max_hp_gain":0,"max_hp_loss":0,"event_name":"Drug Dealer","floor":22,"gold_loss":0},{"cards_removed":["Strike_G"],"damage_healed":0,"gold_gain":0,"player_choice":"Upgrade and Remove","damage_taken":0,"max_hp_gain":0,"max_hp_loss":0,"event_name":"Designer","floor":24,"gold_loss":90,"cards_upgraded":["Defend_G"]}],"is_beta":false,"boss_relics":[{"not_picked":["Philosopher\u0027s Stone","Black Star"],"picked":"Tiny House"}],"items_purged_floors":[4],"is_endless":false,"potions_floor_spawned":[3,7,13,16,18,20,21],"killed_by":"Book of Stabbing","ascension_level":5}