{"gold_per_floor":[114,129,139,150,150,150,175,43,68,108,120,160,142,172,184,273,285,315,327,339,276,288,300,326,338,350,374,386],"floor_reached":28,"playtime":1261,"items_purged":[],"score":572,"play_id":"56e86baf-d833-4ed0-aed3-3b087516f563","local_time":"20190405022448","is_ascension_mode":true,"campfire_choices":[{"data":"Iron Wave","floor":6.0,"key":"SMITH"},{"data":"Limit Break","floor":11,"key":"SMITH"},{"data":"Disarm","floor":15,"key":"SMITH"},{"floor":23,"key":"REST"},{"data":"Clothesline","floor":25,"key":"SMITH"}],"neow_cost":"NONE","seed_source_timestamp":5613024409600,"circlet_count":0,"master_deck":["AscendersBane","Strike_R+1","Strike_R+1","Strike_R+1","Strike_R+1","Defend_R+1","Defend_R+1","Defend_R+1","Defend_R+1","Bash+1","Cleave","Iron Wave+1","Cleave","Battle Trance","True Grit","Limit Break+1","Armaments+1","Headbutt","Disarm+1","Demon Form","True Grit","Clothesline+1","Armaments"],"special_seed":0,"relics":["Black Blood","Red Skull","MawBank","War Paint","Thread and Needle","Boot","Pantograph"],"potions_floor_usage":[16],"damage_taken":[{"damage":2.0,"enemies":"Cultist","floor":1.0,"turns":4.0},{"damage":4.0,"enemies":"Jaw Worm","floor":2.0,"turns":4.0},{"damage":0.0,"enemies":"2 Louse","floor":3.0,"turns":2.0},{"damage":13.0,"enemies":"Exordium Thugs","floor":4.0,"turns":4.0},{"damage":48.0,"enemies":"Lagavulin","floor":7.0,"turns":6.0},{"damage":6,"enemies":"Gremlin Nob","floor":10,"turns":3},{"damage":5,"enemies":"3 Sentries","floor":12,"turns":4},{"damage":0,"enemies":"3 Louse","floor":14,"turns":3},{"damage":0,"enemies":"The Guardian","floor":16,"turns":8},{"damage":32,"enemies":"Spheric Guardian","floor":18,"turns":6},{"damage":18,"enemies":"Shell Parasite","floor":24,"turns":7},{"damage":10,"enemies":"Centurion and Healer","floor":27,"turns":9},{"damage":54,"enemies":"Gremlin Leader","floor":28,"turns":2}],"seed_played":"9218857846517807653","potions_obtained":[{"floor":1.0,"key":"LiquidBronze"},{"floor":3.0,"key":"Explosive Potion"},{"floor":10,"key":"SpeedPotion"},{"floor":13,"key":"Fire Potion"}],"is_trial":false,"path_per_floor":["M","M","M","M","?","R","E","$","T","E","R","E","?","M","R","B",null,"M","?","?","?","T","R","M","R","T","M","E"],"character_chosen":"IRONCLAD","items_purchased":["Limit Break","Armaments"],"campfire_rested":1,"item_purchase_floors":[8,8],"current_hp_per_floor":[79,81,82,75,75,75,33,33,33,33,33,34,34,40,40,46,73,51,51,27,27,27,53,45,45,45,45,0],"gold":386,"neow_bonus":"TEN_PERCENT_HP_BONUS","is_prod":false,"is_daily":false,"chose_seed":false,"campfire_upgraded":4,"win_rate":0,"timestamp":1554445488,"path_taken":["M","M","?","M","?","R","E","$","T","E","R","E","?","M","R","BOSS","M","?","?","?","?","R","M","R","T","M","E"],"build_version":"2019-01-23","purchased_purges":0,"victory":false,"max_hp_per_floor":[82,82,82,82,82,82,82,82,82,82,82,82,82,82,82,82,82,82,82,87,87,87,87,87,87,87,87,87],"card_choices":[{"not_picked":["Intimidate","Shrug It Off"],"picked":"Cleave","floor":1.0},{"not_picked":["Infernal Blade","Cleave"],"picked":"Iron Wave","floor":2.0},{"not_picked":["Dropkick","Headbutt"],"picked":"Cleave","floor":3.0},{"not_picked":["Whirlwind","Intimidate"],"picked":"Battle Trance","floor":4.0},{"not_picked":["Thunderclap","Clothesline"],"picked":"True Grit","floor":7.0},{"not_picked":["Sword Boomerang","Clash"],"picked":"Headbutt","floor":10},{"not_picked":["Flex","Shockwave"],"picked":"Disarm","floor":12},{"not_picked":["Clash","Perfected Strike","Bloodletting"],"picked":"SKIP","floor":14},{"not_picked":["Double Tap","Berserk"],"picked":"Demon Form","floor":16},{"not_picked":["Twin Strike","Heavy Blade"],"picked":"True Grit","floor":18},{"not_picked":["Body Slam","Flex"],"picked":"Clothesline","floor":24},{"not_picked":["Havoc","Bloodletting"],"picked":"Armaments","floor":27}],"player_experience":808701,"relics_obtained":[{"floor":7.0,"key":"Red Skull"},{"floor":9,"key":"MawBank"},{"floor":10,"key":"War Paint"},{"floor":12,"key":"Thread and Needle"},{"floor":22,"key":"Boot"},{"floor":26,"key":"Pantograph"}],"event_choices":[{"damage_healed":0.0,"max_hp_gain":0.0,"max_hp_loss":0.0,"gold_gain":0.0,"event_name":"Living Wall","player_choice":"Grow","floor":5.0,"gold_loss":0.0,"damage_taken":0.0,"cards_upgraded":["Bash"]},{"damage_healed":0,"gold_gain":0,"player_choice":"Bought 2 Potions","damage_taken":0,"max_hp_gain":0,"max_hp_loss":0,"event_name":"The Woman in Blue","floor":13,"gold_loss":0},{"damage_healed":0,"gold_gain":0,"player_choice":"Simplicity","damage_taken":0,"max_hp_gain":0,"max_hp_loss":0,"event_name":"Back to Basics","floor":19,"gold_loss":0,"cards_upgraded":["Strike_R","Strike_R","Strike_R","Strike_R","Strike_R","Defend_R","Defend_R","Defend_R"]},{"damage_healed":0,"gold_gain":0,"player_choice":"Shed Blood","damage_taken":29,"max_hp_gain":5,"max_hp_loss":0,"event_name":"Forgotten Altar","floor":20,"gold_loss":0},{"cards_removed":["Strike_R"],"damage_healed":0,"gold_gain":0,"player_choice":"Gave Gold","damage_taken":0,"max_hp_gain":0,"max_hp_loss":0,"event_name":"Beggar","floor":21,"gold_loss":75}],"is_beta":false,"boss_relics":[{"not_picked":["Pandora\u0027s Box","Black Star"],"picked":"Black Blood"}],"items_purged_floors":[],"is_endless":false,"potions_floor_spawned":[1,3,4,10],"killed_by":"Gremlin Leader","ascension_level":20}