{"gold_per_floor":[118,132,207,227,227,227,255,265,265,265,293,293,307,323,323,401,401,417,437,72,91,103,138,138,151,151,151,151,151,10,10,10,81,81,91,91,111,111,130,164,176,198,210,236,148,165,177,177],"floor_reached":48,"playtime":5496,"items_purged":["Strike_R","Writhe"],"score":911,"play_id":"631fb50a-9f01-404d-8f79-29f05eb552c5","local_time":"20180817155611","is_ascension_mode":true,"campfire_choices":[{"data":"Blood for Blood","floor":6,"key":"SMITH"},{"data":"Flame Barrier","floor":10,"key":"SMITH"},{"data":"Bash","floor":12,"key":"SMITH"},{"data":"Uppercut","floor":15,"key":"SMITH"},{"data":"Immolate","floor":24,"key":"SMITH"},{"data":"Limit Break","floor":29,"key":"SMITH"},{"floor":32,"key":"REST"},{"data":"Demon Form","floor":41,"key":"SMITH"}],"neow_cost":"NONE","seed_source_timestamp":31462158300776,"circlet_count":0,"master_deck":["Strike_R","Strike_R","Strike_R","Strike_R","Defend_R","Defend_R","Defend_R","Defend_R","Bash+1","AscendersBane","Cleave","Blood for Blood+1","Flame Barrier+1","Limit Break+1","Iron Wave","Hemokinesis","Uppercut+1","Immolate+1","Headbutt+1","Disarm","Shrug It Off","Iron Wave+1","Metallicize","Flame Barrier+1","Fiend Fire","Battle Trance","Demon Form+1","Feed"],"relics":["Burning Blood","NlothsMask","Orichalcum","Oddly Smooth Stone","Snecko Eye","Kunai","Ornamental Fan","Nunchaku","Nilry\u0027s Codex","Cursed Key","MawBank"],"potions_floor_usage":[13,16,16,33,40,42],"damage_taken":[{"damage":3,"enemies":"2 Louse","floor":1,"turns":3},{"damage":13,"enemies":"Jaw Worm","floor":2,"turns":4},{"damage":1,"enemies":"Cultist","floor":4,"turns":4},{"damage":25,"enemies":"3 Sentries","floor":7,"turns":7},{"damage":16,"enemies":"Large Slime","floor":8,"turns":5},{"damage":14,"enemies":"Gremlin Nob","floor":11,"turns":4},{"damage":5,"enemies":"Exordium Thugs","floor":13,"turns":4},{"damage":3,"enemies":"3 Louse","floor":14,"turns":2},{"damage":28,"enemies":"The Guardian","floor":16,"turns":9},{"damage":12,"enemies":"Shell Parasite","floor":18,"turns":4},{"damage":0,"enemies":"2 Thieves","floor":19,"turns":2},{"damage":18,"enemies":"Cultist and Chosen","floor":21,"turns":5},{"damage":0,"enemies":"3 Cultists","floor":22,"turns":5},{"damage":12,"enemies":"Slavers","floor":23,"turns":5},{"damage":18,"enemies":"Snake Plant","floor":25,"turns":3},{"damage":10,"enemies":"Champ","floor":33,"turns":16},{"damage":14,"enemies":"Orb Walker","floor":35,"turns":3},{"damage":14,"enemies":"Flame Bruiser 1 Orb","floor":37,"turns":7},{"damage":10,"enemies":"Maw","floor":39,"turns":7},{"damage":43,"enemies":"Nemesis","floor":40,"turns":9},{"damage":4,"enemies":"Transient","floor":42,"turns":5},{"damage":27,"enemies":"3 Darklings","floor":44,"turns":7},{"damage":9,"enemies":"Sphere and 2 Shapes","floor":46,"turns":7},{"damage":26,"enemies":"Spire Growth","floor":47,"turns":5},{"damage":24,"enemies":"4 Shapes","floor":48,"turns":2}],"seed_played":"7847950466327290458","potions_obtained":[{"floor":2,"key":"LiquidBronze"},{"floor":8,"key":"GamblersBrew"},{"floor":11,"key":"Regen Potion"},{"floor":14,"key":"Dexterity Potion"},{"floor":16,"key":"EssenceOfSteel"},{"floor":21,"key":"PowerPotion"},{"floor":23,"key":"Energy Potion"},{"floor":25,"key":"LiquidBronze"},{"floor":33,"key":"Strength Potion"},{"floor":35,"key":"PowerPotion"},{"floor":40,"key":"Fruit Juice"},{"floor":47,"key":"Energy Potion"}],"is_trial":false,"path_per_floor":["M","M","?","M","?","R","E","M","T","R","E","R","M","M","R","B",null,"M","M","$","M","M","E","R","M","T","?","?","R","$","?","R","B",null,"M","$","M","?","M","E","R","M","T","M","$","M","M"],"character_chosen":"IRONCLAD","items_purchased":["Kunai","Shrug It Off","Fiend Fire","Battle Trance"],"campfire_rested":1,"item_purchase_floors":[20,20,30,30],"current_hp_per_floor":[78,71,60,65,65,65,46,36,36,36,28,28,41,44,44,22,67,61,67,67,55,61,55,55,43,43,43,27,27,27,27,51,82,82,74,74,69,85,81,44,44,51,51,33,33,36,16,0],"gold":177,"neow_bonus":"TEN_PERCENT_HP_BONUS","is_prod":false,"is_daily":false,"chose_seed":false,"campfire_upgraded":7,"win_rate":0,"timestamp":1534546571,"path_taken":["M","M","?","M","?","R","E","M","T","R","E","R","M","M","R","BOSS","M","M","$","M","M","E","R","M","T","?","?","R","$","?","R","BOSS","M","?","M","?","M","E","R","M","T","M","$","?","M","M"],"build_version":"2018-08-16","purchased_purges":2,"victory":false,"max_hp_per_floor":[82,82,82,82,82,82,82,82,82,82,82,82,82,82,82,82,82,82,82,82,82,82,82,82,82,82,82,82,82,82,82,82,82,82,82,82,85,85,85,85,85,90,90,93,93,99,99,102],"card_choices":[{"not_picked":["Shrug It Off","Anger"],"picked":"Cleave","floor":1},{"not_picked":["Body Slam","Seeing Red"],"picked":"Blood for Blood","floor":2},{"not_picked":["Clothesline","Feel No Pain"],"picked":"Flame Barrier","floor":4},{"not_picked":["Body Slam","Havoc"],"picked":"Limit Break","floor":7},{"not_picked":["Warcry","Burning Pact"],"picked":"Iron Wave","floor":8},{"not_picked":["Havoc","Perfected Strike"],"picked":"Hemokinesis","floor":11},{"not_picked":["Entrench","Hemokinesis"],"picked":"Uppercut","floor":13},{"not_picked":["Pommel Strike","Clash","Sever Soul"],"picked":"SKIP","floor":14},{"not_picked":["Berserk","Reaper"],"picked":"Immolate","floor":16},{"not_picked":["Thunderclap","Sentinel"],"picked":"Headbutt+1","floor":18},{"not_picked":["Dropkick","Wild Strike+1"],"picked":"Disarm","floor":19},{"not_picked":["Heavy Blade","Pommel Strike"],"picked":"Iron Wave+1","floor":21},{"not_picked":["Warcry","Heavy Blade","Anger"],"picked":"SKIP","floor":22},{"not_picked":["Sever Soul","Havoc","Searing Blow"],"picked":"SKIP","floor":23},{"not_picked":["Heavy Blade","Hemokinesis"],"picked":"Metallicize","floor":25},{"not_picked":["Brutality","Dark Embrace"],"picked":"Demon Form","floor":33},{"not_picked":["Twin Strike","Inflame","Havoc"],"picked":"SKIP","floor":35},{"not_picked":["Flex","Body Slam","Pommel Strike"],"picked":"SKIP","floor":37},{"not_picked":["True Grit","Hemokinesis","Iron Wave"],"picked":"SKIP","floor":39},{"not_picked":["Searing Blow","Flex+1","Warcry"],"picked":"SKIP","floor":40},{"not_picked":["Thunderclap","Anger","Pommel Strike"],"picked":"SKIP","floor":42},{"not_picked":["Sever Soul","Iron Wave+1","Pommel Strike"],"picked":"SKIP","floor":44},{"not_picked":["Havoc","Entrench","Shrug It Off+1"],"picked":"SKIP","floor":46},{"not_picked":["Disarm","Second Wind"],"picked":"Feed","floor":47}],"player_experience":485262,"relics_obtained":[{"floor":7,"key":"Orichalcum"},{"floor":11,"key":"Oddly Smooth Stone"},{"floor":23,"key":"Ornamental Fan"},{"floor":26,"key":"Nunchaku"},{"floor":28,"key":"Nilry\u0027s Codex"},{"floor":40,"key":"MawBank"}],"event_choices":[{"event_name":"World of Goop","player_choice":"Gather Gold","floor":3,"damage_taken":0},{"event_name":"FaceTrader","player_choice":"Trade","floor":5,"damage_taken":0},{"event_name":"Duplicator","player_choice":"One dupe","floor":27,"damage_taken":0},{"event_name":"Cursed Tome","player_choice":"Obtained Book","floor":28,"damage_taken":0},{"event_name":"Beggar","player_choice":"Ignored","floor":31,"damage_taken":0},{"event_name":"Winding Halls","player_choice":"Writhe","floor":38,"damage_taken":0}],"is_beta":false,"boss_relics":[{"not_picked":["Philosopher\u0027s Stone","Mark of Pain"],"picked":"Snecko Eye"},{"not_picked":["Eternal Feather","Velvet Choker"],"picked":"Cursed Key"}],"items_purged_floors":[20,45],"is_endless":false,"potions_floor_spawned":[2,8,11,14,16,21,23,25,33,35,39,40,47],"killed_by":"4 Shapes","ascension_level":14}