{"gold_per_floor":[112,112,132,142,221,249,249,266,293,293,305,305,318,346,346,420,420,440,11,21,21,35,35,63,338,338,8,8,8,35,53,53,53],"floor_reached":33,"playtime":2196,"items_purged":[],"score":621,"play_id":"3d86b122-5ba7-4a55-a84a-06cbaec01692","local_time":"20180824032956","is_ascension_mode":true,"campfire_choices":[{"data":"Neutralize","floor":7.0,"key":"SMITH"},{"floor":12.0,"key":"REST"},{"floor":15.0,"key":"REST"},{"data":"Calculated Gamble","floor":23.0,"key":"SMITH"},{"data":"Noxious Fumes","floor":28,"key":"SMITH"},{"floor":32,"key":"DIG"}],"neow_cost":"NONE","seed_source_timestamp":594699458272214,"circlet_count":0,"master_deck":["Defend_G","Defend_G","Defend_G","Defend_G","Defend_G","Strike_G","Strike_G","Strike_G","Survivor","Neutralize+1","AscendersBane","Dagger Throw","Dash","Cloak And Dagger","Noxious Fumes+1","Infinite Blades","Dagger Spray","Glass Knife","Leg Sweep","Adrenaline","Sucker Punch","Calculated Gamble+1","Leg Sweep","Skewer","Dash+1","Catalyst","Prepared","Dash+1"],"special_seed":0,"relics":["Lizard Tail","Omamori","Anchor","Boot","Eternal Feather","Tough Bandages","Ancient Tea Set","Mummified Hand","Bottled Tornado","Shovel","Gremlin Horn"],"potions_floor_usage":[24,24,33],"damage_taken":[{"damage":11.0,"enemies":"Jaw Worm","floor":1.0,"turns":7.0},{"damage":0.0,"enemies":"Cultist","floor":3.0,"turns":5.0},{"damage":8.0,"enemies":"2 Louse","floor":4.0,"turns":3.0},{"damage":15.0,"enemies":"3 Sentries","floor":6.0,"turns":10.0},{"damage":15.0,"enemies":"Gremlin Gang","floor":8.0,"turns":5.0},{"damage":3.0,"enemies":"Large Slime","floor":11.0,"turns":6.0},{"damage":0.0,"enemies":"3 Louse","floor":13.0,"turns":4.0},{"damage":19.0,"enemies":"Lagavulin","floor":14.0,"turns":8.0},{"damage":0.0,"enemies":"Slime Boss","floor":16.0,"turns":7.0},{"damage":0.0,"enemies":"3 Byrds","floor":18.0,"turns":4.0},{"damage":17.0,"enemies":"Spheric Guardian","floor":20.0,"turns":8.0},{"damage":22.0,"enemies":"Snake Plant","floor":22.0,"turns":7.0},{"damage":26,"enemies":"Book of Stabbing","floor":24,"turns":9},{"damage":5,"enemies":"Gremlin Leader","floor":30,"turns":7},{"damage":2,"enemies":"Shelled Parasite and Fungi","floor":31,"turns":7},{"damage":83,"enemies":"Champ","floor":33,"turns":13}],"seed_played":"-5633916507892454053","potions_obtained":[{"floor":3.0,"key":"Fire Potion"},{"floor":6.0,"key":"Fire Potion"},{"floor":11.0,"key":"SteroidPotion"},{"floor":14.0,"key":"SteroidPotion"},{"floor":20.0,"key":"Dexterity Potion"},{"floor":22.0,"key":"SteroidPotion"},{"floor":30,"key":"Dexterity Potion"},{"floor":31,"key":"SteroidPotion"}],"is_trial":false,"path_per_floor":["M","?","M","M","?","E","R","M","T","?","M","R","M","E","R","B",null,"M","$","M","?","M","R","E","?","T","$","R","?","E","M","R"],"character_chosen":"THE_SILENT","items_purchased":["Tough Bandages","Calculated Gamble","Bottled Tornado","Catalyst"],"campfire_rested":2,"item_purchase_floors":[19,19,27,27],"current_hp_per_floor":[48,48,48,40,40,25,25,10,10,10,7,26,26,7,26,26,56,56,56,39,52,30,42,16,16,16,16,31,31,26,24,39,0],"gold":53,"neow_bonus":"BOSS_RELIC","is_prod":false,"is_daily":false,"chose_seed":false,"campfire_upgraded":3,"win_rate":0,"timestamp":1535106596,"path_taken":["M","?","M","M","?","E","R","M","T","?","M","R","?","E","R","BOSS","M","$","M","?","M","R","E","?","T","?","R","?","E","M","R","BOSS"],"build_version":"2018-08-16","purchased_purges":0,"victory":false,"max_hp_per_floor":[66,66,66,66,66,66,66,66,66,66,66,66,66,66,66,66,66,66,66,66,66,66,66,66,66,66,66,66,66,66,66,66,66],"card_choices":[{"not_picked":["Outmaneuver","Underhanded Strike"],"picked":"Dagger Throw","floor":1.0},{"not_picked":["Slice","Dagger Throw"],"picked":"Dash","floor":3.0},{"not_picked":["Deadly Poison","PiercingWail"],"picked":"Cloak And Dagger","floor":4.0},{"not_picked":["Acrobatics","Reflex"],"picked":"Noxious Fumes","floor":6.0},{"not_picked":["Blade Dance","Quick Slash"],"picked":"Infinite Blades","floor":8.0},{"not_picked":["Deadly Poison","Dagger Throw"],"picked":"Dagger Spray","floor":11.0},{"not_picked":["Dagger Spray","Slice"],"picked":"Glass Knife","floor":13.0},{"not_picked":["Poisoned Stab","Heel Hook"],"picked":"Leg Sweep","floor":14.0},{"not_picked":["Envenom","Die Die Die"],"picked":"Adrenaline","floor":16.0},{"not_picked":["Crippling Poison","Outmaneuver+1"],"picked":"Sucker Punch","floor":18.0},{"not_picked":["Bane","Deflect"],"picked":"Leg Sweep","floor":20.0},{"not_picked":["Sucker Punch","Quick Slash"],"picked":"Skewer","floor":22.0},{"not_picked":["Deadly Poison","Eviscerate"],"picked":"Dash+1","floor":24},{"not_picked":["Distraction","Heel Hook"],"picked":"Prepared","floor":30},{"not_picked":["Endless Agony","Dagger Throw"],"picked":"Dash+1","floor":31}],"player_experience":603592,"relics_obtained":[{"floor":6.0,"key":"Omamori"},{"floor":9.0,"key":"Anchor"},{"floor":14.0,"key":"Boot"},{"floor":24,"key":"Ancient Tea Set"},{"floor":26,"key":"Mummified Hand"},{"floor":30,"key":"Shovel"},{"floor":32,"key":"Gremlin Horn"}],"event_choices":[{"event_name":"Bonfire Elementals","player_choice":"BASIC","floor":2.0,"damage_taken":0.0},{"event_name":"Golden Wing","player_choice":"Gained Gold","floor":5.0,"damage_taken":0.0},{"event_name":"Purifier","player_choice":"One Purge","floor":10.0,"damage_taken":0.0},{"event_name":"The Library","player_choice":"Heal","floor":21.0,"damage_taken":0.0},{"event_name":"Golden Shrine","player_choice":"Desecrate","floor":25,"damage_taken":0},{"event_name":"Drug Dealer","player_choice":"Ignored","floor":29,"damage_taken":0}],"is_beta":false,"boss_relics":[{"not_picked":["White Beast Statue","Coffee Dripper"],"picked":"Eternal Feather"}],"items_purged_floors":[],"is_endless":false,"potions_floor_spawned":[3,6,11,14,20,22,30,31],"killed_by":"Champ","ascension_level":16}