{"gold_per_floor":[114,124,124,134,146,174,174,191,191,202,217,230,243,195,195,299,299,318,328,348,348,43,43,43],"floor_reached":24,"playtime":1327,"items_purged":[],"score":224,"play_id":"25ec6f86-26ad-4814-be53-f8e64ee61ca0","local_time":"20180801213638","is_ascension_mode":true,"campfire_choices":[{"data":"Bouncing Flask","floor":7,"key":"SMITH"},{"floor":15,"key":"REST"},{"floor":23,"key":"REST"}],"neow_cost":"NONE","seed_source_timestamp":97202974102548,"circlet_count":0,"master_deck":["Defend_G","Defend_G+1","Defend_G","Defend_G","Strike_G","Strike_G","Strike_G+1","Strike_G","Survivor","Neutralize+1","Cloak And Dagger","Heel Hook","Bouncing Flask+1","Flying Knee","Dagger Throw","Terror","Escape Plan","Die Die Die+1","Flying Knee+1","Cloak And Dagger","Envenom","Endless Agony+1","Heel Hook+1","Dodge and Roll","Sucker Punch+1"],"relics":["Ring of the Snake","Orichalcum","Molten Egg 2","Empty Cage","Singing Bowl"],"potions_floor_usage":[6,8,12,16,16],"damage_taken":[{"damage":1,"enemies":"Small Slimes","floor":1,"turns":5},{"damage":0,"enemies":"Jaw Worm","floor":2,"turns":4},{"damage":0,"enemies":"2 Louse","floor":4,"turns":3},{"damage":1,"enemies":"2 Fungi Beasts","floor":5,"turns":4},{"damage":2,"enemies":"Gremlin Nob","floor":6,"turns":4},{"damage":4,"enemies":"Exordium Thugs","floor":8,"turns":3},{"damage":0,"enemies":"Looter","floor":10,"turns":3},{"damage":8,"enemies":"Blue Slaver","floor":11,"turns":4},{"damage":0,"enemies":"2 Fungi Beasts","floor":12,"turns":3},{"damage":0,"enemies":"Exordium Thugs","floor":13,"turns":3},{"damage":4,"enemies":"Hexaghost","floor":16,"turns":8},{"damage":13,"enemies":"3 Byrds","floor":18,"turns":7},{"damage":12,"enemies":"Shell Parasite","floor":19,"turns":5},{"damage":25,"enemies":"3 Cultists","floor":20,"turns":5},{"damage":41,"enemies":"Slavers","floor":24,"turns":2}],"seed_played":"-5176212402004967121","potions_obtained":[{"floor":1,"key":"Block Potion"},{"floor":5,"key":"GamblersBrew"},{"floor":6,"key":"Explosive Potion"},{"floor":8,"key":"PowerPotion"},{"floor":13,"key":"Weak Potion"}],"is_trial":false,"path_per_floor":["M","M","?","M","M","E","R","M","T","M","M","M","M","$","R","B",null,"M","M","M","?","$","R"],"character_chosen":"THE_SILENT","items_purchased":["Block Potion","Singing Bowl","Sucker Punch+1"],"campfire_rested":2,"item_purchase_floors":[14,22,22],"current_hp_per_floor":[69,69,55,55,54,52,52,48,48,48,40,40,40,40,61,57,70,57,45,20,20,20,41,0],"gold":43,"neow_bonus":"UPGRADE_CARD","is_prod":false,"is_daily":false,"chose_seed":false,"campfire_upgraded":1,"win_rate":0,"timestamp":1533177398,"path_taken":["M","M","?","M","M","E","R","M","T","M","M","M","M","$","R","BOSS","M","M","M","?","$","R","E"],"build_version":"2018-07-26","purchased_purges":0,"victory":false,"max_hp_per_floor":[70,70,70,70,70,70,70,70,70,70,70,70,70,70,70,70,70,70,70,70,70,70,70,70],"card_choices":[{"not_picked":["Masterful Stab","Quick Slash"],"picked":"Cloak And Dagger","floor":1},{"not_picked":["Quick Slash","Prepared"],"picked":"Heel Hook","floor":2},{"not_picked":["PiercingWail","Escape Plan"],"picked":"Bouncing Flask","floor":4},{"not_picked":["Poisoned Stab","Acrobatics"],"picked":"Flying Knee","floor":5},{"not_picked":["Quick Slash","Slice"],"picked":"Dagger Throw","floor":6},{"not_picked":["Dash","Dagger Spray"],"picked":"Terror","floor":8},{"not_picked":["All Out Attack+1","Acrobatics"],"picked":"Escape Plan","floor":10},{"not_picked":["All Out Attack+1","Acrobatics"],"picked":"Die Die Die+1","floor":11},{"not_picked":["Cloak And Dagger","Dagger Spray+1"],"picked":"Flying Knee+1","floor":12},{"not_picked":["Deflect","Slice+1"],"picked":"Cloak And Dagger","floor":13},{"not_picked":["Glass Knife+1","Die Die Die+1"],"picked":"Envenom","floor":16},{"not_picked":["Reflex","Eviscerate+1"],"picked":"Endless Agony+1","floor":18},{"not_picked":["Deflect","Terror"],"picked":"Heel Hook+1","floor":19},{"not_picked":["All Out Attack+1","Dagger Spray+1"],"picked":"Dodge and Roll","floor":20}],"player_experience":186299,"relics_obtained":[{"floor":6,"key":"Orichalcum"},{"floor":9,"key":"Molten Egg 2"}],"event_choices":[{"event_name":"Shining Light","player_choice":"Entered Light","floor":3,"damage_taken":0},{"event_name":"Ghosts","player_choice":"Ignored","floor":21,"damage_taken":0}],"is_beta":false,"boss_relics":[{"not_picked":["Pandora\u0027s Box","Philosopher\u0027s Stone"],"picked":"Empty Cage"}],"items_purged_floors":[],"is_endless":false,"potions_floor_spawned":[1,5,6,8,13],"killed_by":"Slavers","ascension_level":2}