{"gold_per_floor":[119,133,103,116,2,2,37,37,111,111],"floor_reached":10,"playtime":5796,"items_purged":["Decay"],"score":83,"play_id":"85f99c89-9a6b-4af4-b591-b430800930c0","local_time":"20190116220300","is_ascension_mode":true,"campfire_choices":[{"floor":6,"key":"REST"}],"neow_cost":"CURSE","seed_source_timestamp":84955441066994,"circlet_count":0,"master_deck":["Defend_G","Defend_G","Defend_G","Defend_G","Defend_G","Strike_G","Strike_G","Strike_G","Survivor","Neutralize","Terror","Catalyst","Concentrate","Poisoned Stab","Blade Dance","Accuracy","Cloak And Dagger"],"relics":["Ring of the Snake","Lantern","Bottled Tornado"],"potions_floor_usage":[7,7],"damage_taken":[{"damage":10,"enemies":"Jaw Worm","floor":1,"turns":7},{"damage":44,"enemies":"Cultist","floor":2,"turns":9},{"damage":4,"enemies":"Small Slimes","floor":4,"turns":4},{"damage":27,"enemies":"Lagavulin","floor":7,"turns":7},{"damage":6,"enemies":"Blue Slaver","floor":10,"turns":1}],"seed_played":"-3808269629338716428","potions_obtained":[{"floor":2,"key":"Swift Potion"},{"floor":3,"key":"SneckoOil"},{"floor":3,"key":"Swift Potion"}],"is_trial":false,"path_per_floor":["M","M","?","M","$","R","E","?","T","M"],"character_chosen":"THE_SILENT","items_purchased":["Accuracy"],"campfire_rested":1,"item_purchase_floors":[5],"current_hp_per_floor":[60,16,16,12,12,33,6,6,6,0],"gold":111,"neow_bonus":"TRANSFORM_TWO_CARDS","is_prod":false,"is_daily":false,"chose_seed":false,"campfire_upgraded":0,"win_rate":0,"timestamp":1547697780,"path_taken":["M","M","?","M","?","R","E","?","T","M"],"build_version":"2019-01-10","purchased_purges":1,"victory":false,"max_hp_per_floor":[70,70,70,70,70,70,70,70,70,70],"card_choices":[{"not_picked":["Dagger Throw","PiercingWail"],"picked":"Concentrate","floor":1},{"not_picked":["Acrobatics","Cloak And Dagger"],"picked":"Poisoned Stab","floor":2},{"not_picked":["Dagger Throw","Setup"],"picked":"Blade Dance","floor":4},{"not_picked":["Poisoned Stab","Dagger Spray"],"picked":"Cloak And Dagger","floor":7}],"player_experience":702097,"relics_obtained":[{"floor":7,"key":"Lantern"},{"floor":9,"key":"Bottled Tornado"}],"event_choices":[{"damage_healed":0,"gold_gain":0,"player_choice":"Bought 2 Potions","damage_taken":0,"max_hp_gain":0,"max_hp_loss":0,"event_name":"The Woman in Blue","floor":3,"gold_loss":0},{"damage_healed":0,"gold_gain":0,"player_choice":"Ignored","damage_taken":0,"max_hp_gain":0,"max_hp_loss":0,"event_name":"Golden Wing","floor":8,"gold_loss":0}],"is_beta":false,"boss_relics":[],"items_purged_floors":[5],"is_endless":false,"potions_floor_spawned":[2],"killed_by":"Blue Slaver","ascension_level":5}