{"gold_per_floor":[110,110,128,147,147,175,175,206,231,261,261,261,339,357,357,488,488,512,525,556,556],"floor_reached":21,"playtime":1620,"items_purged":[],"score":217,"play_id":"da96302c-6177-4a64-83ab-88f8ee0db8b4","local_time":"20180722011137","is_ascension_mode":true,"campfire_choices":[{"data":"Noxious Fumes","floor":7,"key":"SMITH"},{"data":"Strike_G","floor":11,"key":"PURGE"},{"data":"Strike_G","floor":15,"key":"PURGE"}],"neow_cost":"","seed_source_timestamp":520453070847097,"circlet_count":0,"master_deck":["Defend_G","Defend_G","Defend_G","Defend_G","Strike_G","Strike_G","Strike_G","Survivor","Neutralize","Slice","Sucker Punch","Quick Slash","Deadly Poison","Noxious Fumes+1","Tools of the Trade","Escape Plan","Calculated Gamble","Corpse Explosion","Catalyst","Poisoned Stab","Bouncing Flask"],"relics":["Ring of the Snake","Pen Nib","Happy Flower","Bag of Marbles","Peace Pipe","Golden Idol","Question Card","Black Star","Red Mask"],"potions_floor_usage":[6,6,8,16,20,20,21],"damage_taken":[{"damage":0,"enemies":"2 Louse","floor":1,"turns":4},{"damage":0,"enemies":"Cultist","floor":3,"turns":4},{"damage":0,"enemies":"Jaw Worm","floor":4,"turns":4},{"damage":14,"enemies":"3 Sentries","floor":6,"turns":9},{"damage":16,"enemies":"Lagavulin","floor":8,"turns":5},{"damage":11,"enemies":"Gremlin Nob","floor":10,"turns":4},{"damage":2,"enemies":"Red Slaver","floor":14,"turns":4},{"damage":4,"enemies":"Hexaghost","floor":16,"turns":8},{"damage":16,"enemies":"Spheric Guardian","floor":18,"turns":4},{"damage":0,"enemies":"3 Byrds","floor":19,"turns":2},{"damage":39,"floor":20,"turns":4},{"damage":11,"enemies":"Snake Plant","floor":21,"turns":4}],"seed_played":"-5352234463927211537","potions_obtained":[{"floor":2,"key":"SteroidPotion"},{"floor":2,"key":"GamblersBrew"},{"floor":2,"key":"Block Potion"},{"floor":10,"key":"LiquidBronze"},{"floor":16,"key":"Fire Potion"},{"floor":18,"key":"Weak Potion"},{"floor":20,"key":"AttackPotion"}],"is_trial":false,"path_per_floor":["M","?","M","M","?","E","R","E","T","E","R","?","T","M","R","B",null,"M","M","?"],"character_chosen":"THE_SILENT","items_purchased":[],"campfire_rested":0,"item_purchase_floors":[],"current_hp_per_floor":[70,70,70,70,70,56,56,40,40,29,29,29,29,27,27,23,65,49,49,10,0],"gold":556,"neow_bonus":"","is_prod":false,"is_daily":false,"chose_seed":false,"campfire_upgraded":1,"win_rate":0,"timestamp":1532247097,"path_taken":["M","?","?","M","?","E","R","E","T","E","R","?","?","M","R","BOSS","M","M","?","M"],"build_version":"2018-07-19v2","purchased_purges":0,"victory":false,"max_hp_per_floor":[70,70,70,70,70,70,70,70,70,70,70,65,65,65,65,65,65,65,65,65,65],"card_choices":[{"not_picked":["Dagger Spray","Flechettes"],"picked":"Slice","floor":1},{"not_picked":["Cloak And Dagger","Outmaneuver"],"picked":"Sucker Punch","floor":3},{"not_picked":["Dagger Throw","Dagger Spray"],"picked":"Quick Slash","floor":4},{"not_picked":["Dagger Spray","Bane"],"picked":"Noxious Fumes","floor":6},{"not_picked":["Prepared","Dagger Spray"],"picked":"Tools of the Trade","floor":8},{"not_picked":["Blade Dance","Expertise"],"picked":"Escape Plan","floor":10},{"not_picked":["Riddle With Holes","Predator","Eviscerate"],"picked":"Calculated Gamble","floor":14},{"not_picked":["A Thousand Cuts","Venomology","Wraith Form v2"],"picked":"Corpse Explosion","floor":16},{"not_picked":["Underhanded Strike","Slice","Choke"],"picked":"Catalyst","floor":18},{"not_picked":["PiercingWail+1","Flying Knee+1","Acrobatics"],"picked":"Poisoned Stab","floor":19},{"not_picked":["Backstab+1","Accuracy","Prepared"],"picked":"Bouncing Flask","floor":20}],"player_experience":91366,"relics_obtained":[{"floor":6,"key":"Pen Nib"},{"floor":8,"key":"Happy Flower"},{"floor":9,"key":"Bag of Marbles"},{"floor":10,"key":"Peace Pipe"},{"floor":13,"key":"Question Card"},{"floor":20,"key":"Red Mask"}],"event_choices":[{"event_name":"The Lab","player_choice":"Got Potions","floor":2,"damage_taken":0},{"event_name":"Transmorgrifier","player_choice":"Transform","floor":5,"damage_taken":0},{"event_name":"Golden Idol","player_choice":"Lose Max HP","floor":12,"damage_taken":0}],"is_beta":false,"boss_relics":[{"not_picked":["Cursed Key","Runic Pyramid"],"picked":"Black Star"}],"items_purged_floors":[],"is_endless":false,"potions_floor_spawned":[3,10,16,18,20],"killed_by":"Snake Plant","ascension_level":2}