{"gold_per_floor":[113,125,141,141,153,153,185,185,212,247,247,267,267,286,286,383,383,399,399,399,45,45,45,45,63,63,63,63,73,73],"floor_reached":30,"playtime":1420,"items_purged":[],"score":238,"play_id":"fd93aea2-743e-4770-953f-152f68bcdba5","local_time":"20190408164848","is_ascension_mode":false,"campfire_choices":[{"data":"Tempest","floor":6,"key":"SMITH"},{"floor":11,"key":"REST"},{"floor":13,"key":"REST"},{"data":"Redo","floor":15,"key":"SMITH"},{"floor":23,"key":"REST"}],"neow_cost":"NONE","seed_source_timestamp":589669201658675,"circlet_count":0,"master_deck":["Strike_B","Strike_B","Strike_B","Strike_B","Defend_B","Defend_B+1","Defend_B","Defend_B","Zap","Dualcast","Tempest+1","Sweeping Beam","Ball Lightning","Storm+1","Redo+1","Static Discharge+1","Conserve Battery","Amplify+1","Redo","Decay","Redo+1","Shame","Ball Lightning"],"relics":["Cracked Core","Boot","Dream Catcher","Regal Pillow","Juzu Bracelet","Frozen Egg 2","Sozu","HandDrill","War Paint","Prayer Wheel","MutagenicStrength","Pen Nib"],"potions_floor_usage":[19,19,19],"damage_taken":[{"damage":1,"enemies":"Cultist","floor":1,"turns":4},{"damage":10,"enemies":"Small Slimes","floor":2,"turns":3},{"damage":8,"enemies":"2 Louse","floor":3,"turns":2},{"damage":5,"enemies":"Looter","floor":5,"turns":3},{"damage":21,"enemies":"3 Sentries","floor":7,"turns":5},{"damage":34,"enemies":"Gremlin Nob","floor":10,"turns":4},{"damage":11,"enemies":"Large Slime","floor":12,"turns":4},{"damage":6,"enemies":"2 Fungi Beasts","floor":14,"turns":2},{"damage":31,"enemies":"The Guardian","floor":16,"turns":7},{"damage":34,"enemies":"2 Thieves","floor":18,"turns":4},{"damage":28,"enemies":"Colosseum Slavers","floor":19,"turns":2},{"damage":8,"enemies":"Shell Parasite","floor":25,"turns":3},{"damage":10,"enemies":"3 Cultists","floor":29,"turns":3},{"damage":60,"enemies":"Slavers","floor":30,"turns":4}],"seed_played":"2158787791678827503","potions_obtained":[{"floor":1,"key":"SkillPotion"},{"floor":3,"key":"Strength Potion"},{"floor":10,"key":"LiquidBronze"},{"floor":14,"key":"SteroidPotion"}],"is_trial":false,"path_per_floor":["M","?","?","?","?","?","?","?","?"],"character_chosen":"DEFECT","items_purchased":["HandDrill","War Paint"],"campfire_rested":3,"item_purchase_floors":[21,21],"current_hp_per_floor":[74,64,56,53,48,48,27,52,52,18,55,44,75,69,69,38,75,41,13,13,13,13,50,75,67,67,67,67,57,0],"gold":73,"neow_bonus":"RANDOM_COMMON_RELIC","is_prod":false,"is_daily":false,"chose_seed":false,"campfire_upgraded":2,"win_rate":0.0,"timestamp":1554752928,"path_taken":["M","?","M","?","M","R","E","?","T","E","R","M","R","M","R","BOSS","M","?","?","$","?","R","?","M","T","?","?","M","E"],"build_version":"2019-01-23","purchased_purges":0,"victory":false,"max_hp_per_floor":[75,75,75,75,75,75,75,75,75,75,75,75,75,75,75,75,75,75,75,75,75,75,75,75,75,75,75,75,75,75],"card_choices":[{"not_picked":["Fusion","Go for the Eyes"],"picked":"Tempest","floor":1},{"not_picked":["Beam Cell","Compile Driver"],"picked":"Sweeping Beam","floor":2},{"not_picked":["Leap","Steam"],"picked":"Ball Lightning","floor":3},{"not_picked":["Beam Cell","Aggregate","Skim"],"picked":"SKIP","floor":5},{"not_picked":["Streamline","Rebound","Doom and Gloom"],"picked":"SKIP","floor":7},{"not_picked":["Self Repair","Barrage"],"picked":"Storm","floor":10},{"not_picked":["Aggregate","Stack"],"picked":"Redo","floor":12},{"not_picked":["Stack","Multi-Cast"],"picked":"Static Discharge+1","floor":13},{"not_picked":["Self Repair+1","Sweeping Beam"],"picked":"Conserve Battery","floor":14},{"not_picked":["Buffer+1","Core Surge"],"picked":"Amplify","floor":16},{"not_picked":["Consume","Compile Driver"],"picked":"Redo","floor":18},{"not_picked":["Chaos","Undo"],"picked":"Redo+1","floor":25},{"not_picked":["Steam Power","Barrage"],"picked":"Ball Lightning","floor":29},{"not_picked":["Undo","Gash","Coolheaded"],"picked":"SKIP","floor":29}],"player_experience":16724,"relics_obtained":[{"floor":7,"key":"Regal Pillow"},{"floor":9,"key":"Juzu Bracelet"},{"floor":10,"key":"Frozen Egg 2"},{"floor":26,"key":"Prayer Wheel"}],"event_choices":[{"damage_healed":0,"gold_gain":0,"player_choice":"Success","damage_taken":3,"relics_obtained":["Dream Catcher"],"max_hp_gain":0,"max_hp_loss":0,"event_name":"Scrap Ooze","floor":4,"gold_loss":0},{"damage_healed":25,"gold_gain":0,"player_choice":"Banana","damage_taken":0,"max_hp_gain":0,"max_hp_loss":0,"event_name":"Big Fish","floor":8,"gold_loss":0},{"damage_healed":0,"gold_gain":0,"player_choice":"Fight","damage_taken":0,"max_hp_gain":0,"max_hp_loss":0,"event_name":"Colosseum","floor":19,"gold_loss":0},{"damage_healed":0,"gold_gain":0,"player_choice":"Fled From Nobs","damage_taken":0,"max_hp_gain":0,"max_hp_loss":0,"event_name":"Colosseum","floor":19,"gold_loss":0},{"damage_healed":0,"gold_gain":0,"player_choice":"Ignored","damage_taken":0,"max_hp_gain":0,"max_hp_loss":0,"event_name":"Beggar","floor":20,"gold_loss":0},{"damage_healed":0,"gold_gain":0,"player_choice":"Smashed Altar","damage_taken":0,"max_hp_gain":0,"max_hp_loss":0,"event_name":"Forgotten Altar","floor":22,"gold_loss":0,"cards_obtained":["Decay"]},{"damage_healed":25,"gold_gain":0,"player_choice":"Heal","damage_taken":0,"max_hp_gain":0,"max_hp_loss":0,"event_name":"The Library","floor":24,"gold_loss":0},{"damage_healed":0,"gold_gain":0,"player_choice":"Inject Mutagens","damage_taken":0,"relics_obtained":["MutagenicStrength"],"max_hp_gain":0,"max_hp_loss":0,"event_name":"Drug Dealer","floor":27,"gold_loss":0},{"damage_healed":0,"gold_gain":0,"player_choice":"Stole Relic","damage_taken":0,"relics_obtained":["Pen Nib"],"max_hp_gain":0,"max_hp_loss":0,"event_name":"Addict","floor":28,"gold_loss":0,"cards_obtained":["Shame"]}],"is_beta":false,"boss_relics":[{"not_picked":["Tiny House","Inserter"],"picked":"Sozu"}],"items_purged_floors":[],"is_endless":false,"potions_floor_spawned":[1,3,10,14,16,19,29],"killed_by":"Slavers","ascension_level":0}