{"gold_per_floor":[112,67,67,86,104,134,134,160,160,191,219,242,302,345,357,447,459,489,426,353,383,413,425,462,490,502,514,546,558,3,17,17,17],"floor_reached":33,"playtime":1915,"items_purged":[],"score":549,"play_id":"188231f9-3514-4b30-a64f-1d1c34f69b4b","local_time":"20180915114636","is_ascension_mode":true,"campfire_choices":[{"data":"Hemokinesis","floor":7.0,"key":"SMITH"},{"data":"Pommel Strike","floor":15.0,"key":"SMITH"},{"data":"Bash","floor":23,"key":"SMITH"},{"data":"Iron Wave","floor":27,"key":"SMITH"},{"data":"Whirlwind","floor":29,"key":"SMITH"},{"data":"Flame Barrier","floor":32,"key":"SMITH"}],"neow_cost":"","seed_source_timestamp":1295601426430419,"circlet_count":0,"master_deck":["Strike_R","Strike_R","Strike_R","Strike_R","Defend_R","Defend_R","Defend_R+1","Defend_R","Bash+1","AscendersBane","Spot Weakness","Hemokinesis+1","Impervious","Shrug It Off","Pommel Strike+1","Whirlwind+1","Iron Wave+1","Shockwave+1","Anger+1","Battle Trance","Shrug It Off","Immolate+1","Iron Wave+1","Twin Strike+1","Body Slam+1","Whirlwind+1","Iron Wave+1","Reaper+1","Flame Barrier+1"],"special_seed":0,"relics":["Burning Blood","Omamori","Molten Egg 2","War Paint","MawBank","Bronze Scales","Mercury Hourglass","Sozu","Unceasing Top","Matryoshka","Centennial Puzzle","Dodecahedron","Ice Cream"],"potions_floor_usage":[16,16,33],"damage_taken":[{"damage":2.0,"enemies":"Cultist","floor":1.0,"turns":4.0},{"damage":3.0,"enemies":"Small Slimes","floor":4.0,"turns":3.0},{"damage":5.0,"enemies":"Jaw Worm","floor":5.0,"turns":4.0},{"damage":24.0,"enemies":"Lagavulin","floor":6.0,"turns":9.0},{"damage":22.0,"enemies":"Gremlin Nob","floor":8.0,"turns":5.0},{"damage":24.0,"enemies":"Lagavulin","floor":10.0,"turns":9.0},{"damage":1.0,"enemies":"3 Louse","floor":11.0,"turns":3.0},{"damage":3.0,"enemies":"Looter","floor":12.0,"turns":4.0},{"damage":7.0,"enemies":"Gremlin Nob","floor":14.0,"turns":4.0},{"damage":14,"enemies":"The Guardian","floor":16,"turns":12},{"damage":0,"enemies":"3 Byrds","floor":18,"turns":3},{"damage":2,"enemies":"Shell Parasite","floor":21,"turns":4},{"damage":4,"enemies":"Sentry and Sphere","floor":22,"turns":3},{"damage":18,"enemies":"Book of Stabbing","floor":24,"turns":5},{"damage":16,"enemies":"Shelled Parasite and Fungi","floor":25,"turns":3},{"damage":15,"enemies":"Snecko","floor":28,"turns":3},{"damage":0,"enemies":"Centurion and Healer","floor":31,"turns":4},{"damage":62,"enemies":"Automaton","floor":33,"turns":6}],"seed_played":"-2106447514656266604","potions_obtained":[{"floor":6.0,"key":"SpeedPotion"},{"floor":10.0,"key":"Dexterity Potion"},{"floor":12.0,"key":"Explosive Potion"},{"floor":16,"key":"Explosive Potion"}],"is_trial":false,"path_per_floor":["M","$","?","M","M","E","R","E","T","E","M","M","T","E","R","B",null,"M","?","?","M","M","R","E","M","T","R","M","R","$","M","R"],"character_chosen":"IRONCLAD","items_purchased":["Hemokinesis","Ice Cream","Reaper+1","Flame Barrier"],"campfire_rested":0,"item_purchase_floors":[2,30,30,30],"current_hp_per_floor":[72,72,72,75,75,57,57,41,41,23,28,31,31,30,30,22,62,68,68,68,72,74,74,62,52,52,52,43,43,43,49,49,0],"gold":17,"neow_bonus":"","is_prod":false,"is_daily":false,"chose_seed":false,"campfire_upgraded":6,"win_rate":0,"timestamp":1537026396,"path_taken":["M","?","?","M","M","E","R","E","T","E","?","M","?","E","R","BOSS","M","?","?","M","M","R","E","?","T","R","M","R","$","M","R","BOSS"],"build_version":"2018-09-06","purchased_purges":0,"victory":false,"max_hp_per_floor":[75,75,75,75,75,75,75,75,75,75,75,75,75,75,75,75,75,75,75,75,75,75,75,75,75,75,75,75,75,75,75,75,75],"card_choices":[{"not_picked":["Flex","Warcry"],"picked":"Spot Weakness","floor":1.0},{"not_picked":["Heavy Blade","Sword Boomerang"],"picked":"Pommel Strike","floor":4.0},{"not_picked":["Sever Soul","Metallicize"],"picked":"Whirlwind","floor":5.0},{"not_picked":["Intimidate","Combust"],"picked":"Iron Wave","floor":6.0},{"not_picked":["Dual Wield","Dark Embrace"],"picked":"Shockwave","floor":8.0},{"not_picked":["Evolve","Berserk"],"picked":"Anger+1","floor":10.0},{"not_picked":["Sever Soul+1","Searing Blow+1"],"picked":"Battle Trance","floor":11.0},{"not_picked":["Sever Soul+1","Sentinel"],"picked":"Shrug It Off","floor":12.0},{"not_picked":["Flex","Intimidate","Sever Soul+1"],"picked":"SKIP","floor":14.0},{"not_picked":["Brutality","Juggernaut"],"picked":"Immolate+1","floor":16},{"not_picked":["Flex","True Grit"],"picked":"Iron Wave+1","floor":18},{"not_picked":["Heavy Blade+1","Wild Strike+1"],"picked":"Twin Strike+1","floor":21},{"not_picked":["Twin Strike+1","Perfected Strike+1","Wild Strike+1"],"picked":"SKIP","floor":22},{"not_picked":["Burning Pact","Thunderclap+1"],"picked":"Body Slam+1","floor":24},{"not_picked":["Intimidate","Dropkick+1"],"picked":"Whirlwind+1","floor":25},{"not_picked":["Body Slam+1","Clash+1"],"picked":"Iron Wave+1","floor":28},{"not_picked":["Armaments","Fire Breathing","Perfected Strike+1"],"picked":"SKIP","floor":31}],"player_experience":632693,"relics_obtained":[{"floor":6.0,"key":"Omamori"},{"floor":8.0,"key":"Molten Egg 2"},{"floor":9.0,"key":"War Paint"},{"floor":10.0,"key":"MawBank"},{"floor":13.0,"key":"Bronze Scales"},{"floor":14.0,"key":"Mercury Hourglass"},{"floor":24,"key":"Matryoshka"},{"floor":26,"key":"Centennial Puzzle"},{"floor":26,"key":"Dodecahedron"}],"event_choices":[{"event_name":"Match and Keep!","player_choice":"2 cards matched","floor":3.0,"damage_taken":0.0},{"event_name":"Beggar","player_choice":"Gave Gold","floor":19,"damage_taken":0},{"event_name":"Addict","player_choice":"Obtained Relic","floor":20,"damage_taken":0}],"is_beta":false,"boss_relics":[{"not_picked":["Black Star","Ectoplasm"],"picked":"Sozu"}],"items_purged_floors":[],"is_endless":false,"potions_floor_spawned":[6,10,12,16,28,31],"killed_by":"Automaton","ascension_level":17}