{"gold_per_floor":[110,110,129,147,35,35,68,68,117,150,169,169,181,197,197,274,274,294,209,259,275,275],"floor_reached":22,"playtime":1208,"items_purged":[],"score":492,"play_id":"eb2b8642-130c-495d-9845-821b5bdb4bf8","local_time":"20190406023204","is_ascension_mode":true,"campfire_choices":[{"data":"All Out Attack","floor":6.0,"key":"SMITH"},{"floor":12.0,"key":"REST"},{"floor":15.0,"key":"DIG"}],"neow_cost":"NONE","seed_source_timestamp":92483915861500,"circlet_count":0,"master_deck":["AscendersBane","Defend_G","Defend_G","Defend_G","Defend_G","Defend_G","Strike_G","Strike_G","Strike_G","Strike_G","Strike_G","Survivor","Neutralize+1","Dagger Throw","Caltrops","Blur","Footwork","All Out Attack+1","Flechettes","Die Die Die","Backstab","Well Laid Plans","Blur","Bouncing Flask","Leg Sweep","Blade Dance","Malaise","Cloak And Dagger","Blade Dance+1","Concentrate","Blade Dance"],"special_seed":0,"relics":["Ring of the Snake","NeowsBlessing","Prayer Wheel","Shovel","Omamori","Kunai","Regal Pillow","Cursed Key","Unceasing Top"],"potions_floor_usage":[16,22],"damage_taken":[{"damage":0.0,"enemies":"Jaw Worm","floor":1.0,"turns":1.0},{"damage":0.0,"enemies":"Cultist","floor":3.0,"turns":1.0},{"damage":0.0,"enemies":"2 Louse","floor":4.0,"turns":2.0},{"damage":43.0,"enemies":"Gremlin Nob","floor":7.0,"turns":6.0},{"damage":15.0,"enemies":"Lagavulin","floor":10.0,"turns":8.0},{"damage":0.0,"enemies":"2 Fungi Beasts","floor":11.0,"turns":3.0},{"damage":3.0,"enemies":"Exordium Thugs","floor":13.0,"turns":4.0},{"damage":9.0,"enemies":"Blue Slaver","floor":14.0,"turns":3.0},{"damage":0,"enemies":"Hexaghost","floor":16,"turns":10},{"damage":0,"enemies":"Spheric Guardian","floor":18,"turns":8},{"damage":0,"enemies":"Chosen","floor":21,"turns":3},{"damage":1,"enemies":"Colosseum Slavers","floor":22,"turns":4},{"damage":56,"enemies":"Colosseum Nobs","floor":22,"turns":4}],"seed_played":"6358177861171305299","potions_obtained":[{"floor":1.0,"key":"Strength Potion"},{"floor":11.0,"key":"FearPotion"},{"floor":18,"key":"Block Potion"}],"is_trial":false,"path_per_floor":["M","?","M","M","$","R","E","T","T","E","M","R","M","M","R","B",null,"M","?","?","M","?"],"character_chosen":"THE_SILENT","items_purchased":["Footwork","All Out Attack"],"campfire_rested":1,"item_purchase_floors":[5,5],"current_hp_per_floor":[59,59,59,59,59,59,16,16,16,1,1,20,17,8,8,8,52,52,52,52,52,0],"gold":275,"neow_bonus":"THREE_ENEMY_KILL","is_prod":false,"is_daily":false,"chose_seed":false,"campfire_upgraded":1,"win_rate":0,"timestamp":1554532324,"path_taken":["M","?","?","?","$","R","E","?","T","E","M","R","M","?","R","BOSS","M","?","?","?","?"],"build_version":"2019-01-23","purchased_purges":0,"victory":false,"max_hp_per_floor":[66,66,66,66,66,66,66,66,66,66,66,66,66,66,66,66,66,66,66,66,66,66],"card_choices":[{"not_picked":["Endless Agony","Setup"],"picked":"Dagger Throw","floor":1.0},{"not_picked":["Reflex","Dodge and Roll"],"picked":"Caltrops","floor":3.0},{"not_picked":["Outmaneuver","Backflip"],"picked":"Blur","floor":4.0},{"not_picked":["Outmaneuver","Catalyst"],"picked":"Flechettes","floor":7.0},{"not_picked":["Poisoned Stab","All Out Attack"],"picked":"Die Die Die","floor":10.0},{"not_picked":["PiercingWail","Slice"],"picked":"Backstab","floor":11.0},{"not_picked":["Bane","Expertise"],"picked":"Well Laid Plans","floor":11.0},{"not_picked":["Setup","Reflex"],"picked":"Blur","floor":13.0},{"not_picked":["Expertise","Reflex"],"picked":"Bouncing Flask","floor":13.0},{"not_picked":["Blade Dance","All Out Attack"],"picked":"Leg Sweep","floor":14.0},{"not_picked":["Riddle With Holes","Underhanded Strike"],"picked":"Blade Dance","floor":14.0},{"not_picked":["Tools of the Trade","A Thousand Cuts"],"picked":"Malaise","floor":16},{"not_picked":["Poisoned Stab","Underhanded Strike+1"],"picked":"Cloak And Dagger","floor":18},{"not_picked":["Riddle With Holes","Terror+1"],"picked":"Blade Dance+1","floor":18},{"not_picked":["Choke","Sucker Punch"],"picked":"Concentrate","floor":21},{"not_picked":["Distraction","Bouncing Flask"],"picked":"Blade Dance","floor":21}],"player_experience":827218,"relics_obtained":[{"floor":7.0,"key":"Prayer Wheel"},{"floor":8.0,"key":"Shovel"},{"floor":9.0,"key":"Omamori"},{"floor":10.0,"key":"Kunai"},{"floor":15.0,"key":"Regal Pillow"}],"event_choices":[{"damage_healed":0.0,"max_hp_gain":0.0,"max_hp_loss":0.0,"gold_gain":0.0,"event_name":"Accursed Blacksmith","player_choice":"Forge","floor":2.0,"gold_loss":0.0,"damage_taken":0.0,"cards_upgraded":["Neutralize"]},{"damage_healed":0,"gold_gain":0,"player_choice":"Obtained Relic","damage_taken":0,"relics_obtained":["Unceasing Top"],"max_hp_gain":0,"max_hp_loss":0,"event_name":"Addict","floor":19,"gold_loss":85},{"damage_healed":0,"gold_gain":50,"player_choice":"Pray","damage_taken":0,"max_hp_gain":0,"max_hp_loss":0,"event_name":"Golden Shrine","floor":20,"gold_loss":0},{"damage_healed":0,"gold_gain":0,"player_choice":"Fight","damage_taken":0,"max_hp_gain":0,"max_hp_loss":0,"event_name":"Colosseum","floor":22,"gold_loss":0},{"damage_healed":0,"gold_gain":0,"player_choice":"Fought Nobs","damage_taken":0,"max_hp_gain":0,"max_hp_loss":0,"event_name":"Colosseum","floor":22,"gold_loss":0}],"is_beta":false,"boss_relics":[{"not_picked":["Eternal Feather","Orrery"],"picked":"Cursed Key"}],"items_purged_floors":[],"is_endless":false,"potions_floor_spawned":[1,11,18],"killed_by":"Colosseum Nobs","ascension_level":20}