{"gold_per_floor":[209,228,35,48,48,48,81,81,81,81,115,134,150,170,170,247,247,263,263,297,313,329,329,346,346,391,431,443,473,485,517,529,612,624,653,665,693,723,735,747,759],"floor_reached":41,"playtime":2311,"items_purged":[],"score":790,"play_id":"3b4ea768-c537-4650-bed0-603afdb566bd","local_time":"20180824205321","is_ascension_mode":true,"campfire_choices":[{"data":"Go for the Eyes","floor":6.0,"key":"SMITH"},{"floor":8.0,"key":"DIG"},{"floor":15.0,"key":"REST"},{"floor":23,"key":"REST"},{"floor":25,"key":"REST"},{"data":"Defragment","floor":28,"key":"SMITH"},{"floor":30,"key":"DIG"},{"data":"Defragment","floor":32,"key":"SMITH"},{"floor":40,"key":"DIG"}],"neow_cost":"NONE","seed_source_timestamp":657269576763821,"circlet_count":0,"master_deck":["Strike_B","Strike_B","Defend_B","Defend_B","Defend_B","Defend_B","Zap","Dualcast","AscendersBane","Leap","Scrape","Capacitor","Go for the Eyes+1","Reinforced Body+1","Self Repair","Leap","Streamline","Ball Lightning","Ball Lightning","Stack","Electrodynamics","Ball Lightning","RitualDagger","Hologram","Go for the Eyes","Rainbow","Auto Shields+1","Stack","Defragment+1","Defragment+1","Glacier+1","Tempest","Creative AI","Storm+1","Steam","Melter+1","Normality"],"special_seed":0,"relics":["Cracked Core","Shovel","Bronze Scales","Question Card","Dream Catcher","Velvet Choker","Red Mask","MawBank","The Courier","Vajra","Fusion Hammer","Matryoshka","War Paint"],"potions_floor_usage":[20,20,27,31,33,37],"damage_taken":[{"damage":12.0,"enemies":"Jaw Worm","floor":1.0,"turns":3.0},{"damage":0.0,"enemies":"Cultist","floor":2.0,"turns":4.0},{"damage":0.0,"enemies":"Small Slimes","floor":4.0,"turns":3.0},{"damage":14.0,"enemies":"Lagavulin","floor":7.0,"turns":9.0},{"damage":26.0,"enemies":"Gremlin Nob","floor":11.0,"turns":4.0},{"damage":0.0,"enemies":"3 Louse","floor":12.0,"turns":4.0},{"damage":8.0,"enemies":"Red Slaver","floor":13.0,"turns":5.0},{"damage":0.0,"enemies":"Large Slime","floor":14.0,"turns":5.0},{"damage":24.0,"enemies":"Slime Boss","floor":16.0,"turns":11.0},{"damage":6,"enemies":"Shell Parasite","floor":18,"turns":5},{"damage":30,"floor":20,"turns":5},{"damage":6,"enemies":"Spheric Guardian","floor":21,"turns":3},{"damage":20,"enemies":"Centurion and Healer","floor":22,"turns":5},{"damage":8,"enemies":"Snecko","floor":24,"turns":3},{"damage":9,"enemies":"Slavers","floor":27,"turns":5},{"damage":0,"enemies":"Chosen and Byrds","floor":29,"turns":4},{"damage":4,"enemies":"Centurion and Healer","floor":31,"turns":6},{"damage":36,"enemies":"Automaton","floor":33,"turns":10},{"damage":37,"enemies":"3 Darklings","floor":35,"turns":6},{"damage":0,"enemies":"3 Shapes","floor":37,"turns":2},{"damage":42,"enemies":"Maw","floor":38,"turns":7},{"damage":25,"enemies":"3 Darklings","floor":41,"turns":3}],"seed_played":"-7127543860726927272","potions_obtained":[{"floor":2.0,"key":"PowerPotion"},{"floor":7.0,"key":"EssenceOfSteel"},{"floor":13.0,"key":"Block Potion"},{"floor":14.0,"key":"AttackPotion"},{"floor":18,"key":"EssenceOfSteel"},{"floor":22,"key":"Block Potion"},{"floor":27,"key":"EssenceOfSteel"},{"floor":31,"key":"Dexterity Potion"},{"floor":35,"key":"Explosive Potion"}],"is_trial":false,"path_per_floor":["M","M","$","M","?","R","E","R","T","?","E","M","M","M","R","B",null,"M","?","?","M","M","R","M","R","T","E","R","M","R","M","R","B",null,"M","?","M","M","?","R"],"character_chosen":"DEFECT","items_purchased":["Capacitor","Go for the Eyes","Reinforced Body"],"campfire_rested":3,"item_purchase_floors":[3,3,3],"current_hp_per_floor":[52,52,52,52,52,52,38,38,38,31,12,12,11,18,39,22,59,60,54,24,25,12,33,25,46,46,37,37,44,44,47,47,18,58,28,58,58,23,23,23,0],"gold":759,"neow_bonus":"HUNDRED_GOLD","is_prod":false,"is_daily":false,"chose_seed":false,"campfire_upgraded":3,"win_rate":0,"timestamp":1535169201,"path_taken":["M","M","$","M","?","R","E","R","T","?","E","?","M","M","R","BOSS","M","?","?","?","M","R","?","R","T","E","R","?","R","M","R","BOSS","M","?","M","?","?","R","M"],"build_version":"2018-08-16","purchased_purges":0,"victory":false,"max_hp_per_floor":[71,71,71,71,71,71,71,71,71,71,71,71,71,71,71,71,71,71,71,71,71,71,71,71,71,71,71,71,71,71,71,71,71,71,71,58,58,58,58,58,58],"card_choices":[{"not_picked":["Rebound","White Noise"],"picked":"Leap","floor":1.0},{"not_picked":["Force Field","Redo"],"picked":"Scrape","floor":2.0},{"not_picked":["Recycle","Turbo","Redo"],"picked":"SKIP","floor":4.0},{"not_picked":["Static Discharge","Leap"],"picked":"Self Repair","floor":7.0},{"not_picked":["Beam Cell","Capacitor","Static Discharge"],"picked":"Leap","floor":11.0},{"not_picked":["Conserve Battery","Lockon","Steam"],"picked":"Streamline","floor":12.0},{"not_picked":["Leap","Hyperbeam","Gash"],"picked":"Ball Lightning","floor":13.0},{"not_picked":["Chaos","Sweeping Beam","Heatsinks"],"picked":"Ball Lightning","floor":14.0},{"not_picked":["Reboot","Turbo","Static Discharge"],"picked":"Stack","floor":15.0},{"not_picked":["Buffer","Fission","Machine Learning"],"picked":"Electrodynamics","floor":16.0},{"not_picked":["Beam Cell","Streamline","Scrape"],"picked":"Ball Lightning","floor":18},{"not_picked":["Steam Power","Recycle","Steam"],"picked":"Hologram","floor":20},{"not_picked":["Compile Driver","Streamline","Stack"],"picked":"Go for the Eyes","floor":21},{"not_picked":["Cold Snap","Doom and Gloom","Redo"],"picked":"Rainbow","floor":22},{"not_picked":["Redo","Leap","Streamline"],"picked":"Auto Shields+1","floor":23},{"not_picked":["Gash","Heatsinks","Redo"],"picked":"Stack","floor":24},{"not_picked":["Streamline","Skim","Steam"],"picked":"Defragment","floor":25},{"not_picked":["Hologram","Ball Lightning","Compile Driver"],"picked":"Defragment","floor":27},{"not_picked":["Turbo+1","Biased Cognition","Hologram"],"picked":"Glacier","floor":29},{"not_picked":["Undo","Hello World","Lockon"],"picked":"Tempest","floor":31},{"not_picked":["All For One","Rainbow","Thunder Strike"],"picked":"Creative AI","floor":33},{"not_picked":["Doom and Gloom","Rebound","Auto Shields"],"picked":"Storm+1","floor":35},{"not_picked":["Skim","Beam Cell","Stack"],"picked":"Steam","floor":37},{"not_picked":["Capacitor","Ball Lightning+1","Sweeping Beam"],"picked":"Melter+1","floor":38}],"player_experience":612458,"relics_obtained":[{"floor":7.0,"key":"Shovel"},{"floor":8.0,"key":"Bronze Scales"},{"floor":9.0,"key":"Question Card"},{"floor":11.0,"key":"Dream Catcher"},{"floor":20,"key":"Red Mask"},{"floor":26,"key":"MawBank"},{"floor":27,"key":"The Courier"},{"floor":30,"key":"Vajra"},{"floor":40,"key":"War Paint"}],"event_choices":[{"event_name":"Purifier","player_choice":"One Purge","floor":5.0,"damage_taken":0.0},{"event_name":"Golden Wing","player_choice":"Card Removal","floor":10.0,"damage_taken":0.0},{"event_name":"Nest","player_choice":"Joined the Cult","floor":19,"damage_taken":0},{"event_name":"Masked Bandits","player_choice":"Fought Bandits","floor":20,"damage_taken":0},{"event_name":"The Moai Head","player_choice":"Heal","floor":36,"damage_taken":0},{"event_name":"Accursed Blacksmith","player_choice":"Rummage","floor":39,"damage_taken":0}],"is_beta":false,"boss_relics":[{"not_picked":["Orrery","Pandora\u0027s Box"],"picked":"Velvet Choker"},{"not_picked":["White Beast Statue","Lizard Tail"],"picked":"Fusion Hammer"}],"items_purged_floors":[],"is_endless":false,"potions_floor_spawned":[2,7,13,14,18,22,27,31,35],"killed_by":"3 Darklings","ascension_level":16}