{"gold_per_floor":[119,138,158,158,176,202,202,216,239,250,282,282,293,309,309,412,412,432,432,443,482,500,500],"floor_reached":23,"playtime":1554,"items_purged":[],"score":230,"play_id":"22fb4a4e-c4f2-4d7a-884a-92a20a69a3ba","local_time":"20180721155256","is_ascension_mode":true,"campfire_choices":[{"data":"Inflame","floor":7.0,"key":"SMITH"},{"data":"Rupture","floor":12.0,"key":"SMITH"},{"data":"Hemokinesis","floor":15.0,"key":"SMITH"}],"neow_cost":"NONE","seed_source_timestamp":0,"circlet_count":0,"master_deck":["Strike_R","Strike_R","Strike_R","Strike_R","Strike_R","Defend_R","Defend_R","Defend_R","Defend_R","Bash","Inflame+1","Clash","Pummel","Clash","Clash","Flex","Rupture+1","Hemokinesis+1","Double Tap","Rage","Dual Wield","Heavy Blade+1","Sword Boomerang"],"special_seed":0,"relics":["Burning Blood","GremlinMask","Magic Flower","Pen Nib","Blood Vial","Sozu","Boot"],"potions_floor_usage":[],"damage_taken":[{"damage":1.0,"enemies":"Cultist","floor":1.0,"turns":3.0},{"damage":6.0,"enemies":"Small Slimes","floor":2.0,"turns":4.0},{"damage":9.0,"enemies":"Jaw Worm","floor":3.0,"turns":3.0},{"damage":4.0,"enemies":"Red Slaver","floor":5.0,"turns":2.0},{"damage":21.0,"enemies":"Lagavulin","floor":6.0,"turns":4.0},{"damage":8.0,"enemies":"Exordium Thugs","floor":8.0,"turns":4.0},{"damage":1.0,"enemies":"2 Fungi Beasts","floor":10.0,"turns":2.0},{"damage":17.0,"enemies":"3 Sentries","floor":11.0,"turns":6.0},{"damage":6.0,"enemies":"Lots of Slimes","floor":13.0,"turns":3.0},{"damage":21.0,"enemies":"Exordium Thugs","floor":14.0,"turns":3.0},{"damage":18.0,"enemies":"The Guardian","floor":16.0,"turns":6.0},{"damage":13.0,"enemies":"3 Byrds","floor":18.0,"turns":5.0},{"damage":2.0,"enemies":"Spheric Guardian","floor":20.0,"turns":2.0},{"damage":17.0,"enemies":"Centurion and Healer","floor":21.0,"turns":4.0},{"damage":27,"enemies":"Centurion and Healer","floor":22,"turns":3},{"damage":67,"enemies":"Slavers","floor":23,"turns":4}],"seed_played":"8536771138378201070","potions_obtained":[{"floor":2.0,"key":"AttackPotion"},{"floor":6.0,"key":"Explosive Potion"},{"floor":10.0,"key":"Block Potion"},{"floor":11.0,"key":"Strength Potion"},{"floor":16.0,"key":"Poison Potion"}],"is_trial":false,"path_per_floor":["M","M","M","?","M","E","R","M","T","M","E","R","M","M","R","B",null,"M","?","M","T","M"],"character_chosen":"IRONCLAD","items_purchased":[],"campfire_rested":0,"item_purchase_floors":[],"current_hp_per_floor":[80,80,77,77,79,64,64,65,65,73,65,65,71,62,62,56,80,76,76,80,72,57,0],"gold":500,"neow_bonus":"THREE_CARDS","is_prod":false,"is_daily":false,"chose_seed":false,"campfire_upgraded":3,"win_rate":0,"timestamp":1532213576,"path_taken":["M","?","M","?","M","E","R","M","T","?","E","R","M","M","R","BOSS","M","?","M","?","M","E"],"build_version":"2018-07-19v2","purchased_purges":0,"victory":false,"max_hp_per_floor":[80,80,80,80,80,80,80,80,80,80,80,80,80,80,80,80,80,80,80,80,80,80,80],"card_choices":[{"not_picked":["Metallicize","True Grit"],"picked":"Inflame","floor":0.0},{"not_picked":["Iron Wave","Clothesline"],"picked":"Clash","floor":1.0},{"not_picked":["Body Slam","Thunderclap"],"picked":"Pummel","floor":2.0},{"not_picked":["Headbutt","True Grit"],"picked":"Clash","floor":3.0},{"not_picked":["Fiend Fire","Havoc"],"picked":"Clash","floor":5.0},{"not_picked":["Fiend Fire","Shrug It Off"],"picked":"Flex","floor":6.0},{"not_picked":["Cleave","Hemokinesis"],"picked":"Rupture","floor":8.0},{"not_picked":["Body Slam","Iron Wave","Headbutt"],"picked":"SKIP","floor":10.0},{"not_picked":["Sword Boomerang","Double Tap","Battle Trance"],"picked":"SKIP","floor":11.0},{"not_picked":["Pommel Strike","Carnage"],"picked":"Hemokinesis","floor":13.0},{"not_picked":["Anger","Armaments","Iron Wave"],"picked":"SKIP","floor":14.0},{"not_picked":["Bludgeon","Barricade"],"picked":"Double Tap","floor":16.0},{"not_picked":["Fire Breathing","Searing Blow"],"picked":"Rage","floor":18.0},{"not_picked":["Shrug It Off","Warcry+1"],"picked":"Heavy Blade+1","floor":20.0},{"not_picked":["Twin Strike","Body Slam"],"picked":"Sword Boomerang","floor":22}],"player_experience":68585,"relics_obtained":[{"floor":6.0,"key":"Magic Flower"},{"floor":9.0,"key":"Pen Nib"},{"floor":11.0,"key":"Blood Vial"},{"floor":21,"key":"Boot"}],"event_choices":[{"event_name":"FaceTrader","player_choice":"Trade","floor":4.0,"damage_taken":0.0},{"event_name":"Match and Keep!","player_choice":"1 cards matched","floor":19.0,"damage_taken":0.0}],"is_beta":false,"boss_relics":[{"not_picked":["Fusion Hammer","Eternal Feather"],"picked":"Sozu"}],"items_purged_floors":[],"is_endless":false,"potions_floor_spawned":[2,6,10,11,13,16,18,20],"killed_by":"Slavers","ascension_level":2}