{"gold_per_floor":[114,131,150,161,178,178,192,192,237,237],"floor_reached":10,"playtime":342,"items_purged":[],"score":118,"play_id":"8c19f628-95d5-42b6-9b43-7cd99e305a5d","local_time":"20190411230305","is_ascension_mode":true,"campfire_choices":[{"data":"Uppercut","floor":6.0,"key":"SMITH"},{"floor":8,"key":"REST"}],"neow_cost":"NONE","seed_source_timestamp":182851891751600,"circlet_count":0,"master_deck":["AscendersBane","Strike_R","Strike_R","Strike_R","Strike_R","Strike_R","Defend_R","Defend_R","Defend_R","Defend_R","Bash","Limit Break","Spot Weakness","Inflame","Uppercut+1","Cleave"],"special_seed":0,"relics":["Burning Blood","Anchor"],"potions_floor_usage":[],"damage_taken":[{"damage":7.0,"enemies":"Cultist","floor":1.0,"turns":4.0},{"damage":8.0,"enemies":"2 Louse","floor":2.0,"turns":3.0},{"damage":7.0,"enemies":"Small Slimes","floor":3.0,"turns":4.0},{"damage":28.0,"enemies":"Exordium Thugs","floor":4.0,"turns":6.0},{"damage":25.0,"enemies":"Gremlin Gang","floor":5.0,"turns":6.0},{"damage":20,"enemies":"Exordium Wildlife","floor":7,"turns":4},{"damage":35,"enemies":"Lagavulin","floor":10,"turns":4}],"seed_played":"8775164167713914947","potions_obtained":[{"floor":1.0,"key":"GamblersBrew"},{"floor":7,"key":"SmokeBomb"}],"is_trial":false,"path_per_floor":["M","M","M","M","M","R","M","R","T","E"],"character_chosen":"IRONCLAD","items_purchased":[],"campfire_rested":1,"item_purchase_floors":[],"current_hp_per_floor":[67,65,64,42,23,23,9,31,31,0],"gold":237,"neow_bonus":"ONE_RANDOM_RARE_CARD","is_prod":false,"is_daily":false,"chose_seed":false,"campfire_upgraded":1,"win_rate":0,"timestamp":1555048985,"path_taken":["M","?","M","M","M","R","M","R","T","E"],"build_version":"2019-01-23","purchased_purges":0,"victory":false,"max_hp_per_floor":[75,75,75,75,75,75,75,75,75,75],"card_choices":[{"not_picked":["Heavy Blade","Sword Boomerang"],"picked":"Spot Weakness","floor":1.0},{"not_picked":["Perfected Strike","Anger"],"picked":"Inflame","floor":2.0},{"not_picked":["Wild Strike","Iron Wave"],"picked":"Uppercut","floor":3.0},{"not_picked":["True Grit","Twin Strike","Armaments"],"picked":"SKIP","floor":4.0},{"not_picked":["True Grit","Twin Strike","Armaments"],"picked":"SKIP","floor":4.0},{"not_picked":["Shockwave","Inflame","Twin Strike"],"picked":"SKIP","floor":5.0},{"not_picked":["Perfected Strike","Metallicize"],"picked":"Cleave","floor":7}],"player_experience":533185,"relics_obtained":[{"floor":9,"key":"Anchor"}],"event_choices":[],"is_beta":false,"boss_relics":[],"items_purged_floors":[],"is_endless":false,"potions_floor_spawned":[1,7],"killed_by":"Lagavulin","ascension_level":18}