{"gold_per_floor":[17,17,17,40,56,56,89,119,119,119,169,187,187,223,223,223],"floor_reached":16,"playtime":617,"items_purged":[],"score":194,"play_id":"a26e9696-2f01-4410-b6f7-ef25283d919b","local_time":"20180824233352","is_ascension_mode":true,"campfire_choices":[{"data":"Loop","floor":6.0,"key":"SMITH"},{"data":"Coolheaded","floor":10.0,"key":"SMITH"},{"data":"Sunder","floor":13.0,"key":"SMITH"},{"data":"Machine Learning","floor":15,"key":"SMITH"}],"neow_cost":"NO_GOLD","seed_source_timestamp":668615589125693,"circlet_count":0,"master_deck":["Strike_B","Strike_B","Strike_B","Strike_B","Defend_B","Defend_B","Defend_B","Defend_B","Zap","Dualcast","AscendersBane","Machine Learning+1","Tempest","Loop+1","Ball Lightning","Coolheaded+1","Sunder+1"],"special_seed":0,"relics":["Cracked Core","Golden Idol","Omamori","Tiny Chest","Bottled Tornado","Shuriken"],"potions_floor_usage":[14],"damage_taken":[{"damage":0.0,"enemies":"Small Slimes","floor":1.0,"turns":3.0},{"damage":0.0,"enemies":"2 Louse","floor":4.0,"turns":2.0},{"damage":1.0,"enemies":"Cultist","floor":5.0,"turns":3.0},{"damage":25.0,"enemies":"Gremlin Nob","floor":7.0,"turns":4.0},{"damage":8.0,"enemies":"3 Louse","floor":12.0,"turns":3.0},{"damage":15,"enemies":"Lagavulin","floor":14,"turns":6},{"damage":17,"enemies":"Hexaghost","floor":16,"turns":7}],"seed_played":"363945236163993444","potions_obtained":[{"floor":1.0,"key":"Weak Potion"},{"floor":4.0,"key":"GamblersBrew"},{"floor":7.0,"key":"Regen Potion"}],"is_trial":false,"path_per_floor":["M","?","?","M","M","R","E","?","T","R","?","M","R","E","R"],"character_chosen":"DEFECT","items_purchased":[],"campfire_rested":0,"item_purchase_floors":[],"current_hp_per_floor":[64,64,64,64,63,63,38,20,20,20,20,12,12,11,11,0],"gold":223,"neow_bonus":"THREE_RARE_CARDS","is_prod":false,"is_daily":false,"chose_seed":false,"campfire_upgraded":4,"win_rate":0,"timestamp":1535178832,"path_taken":["M","?","?","M","M","R","E","?","T","R","?","M","R","E","R","BOSS"],"build_version":"2018-08-16","purchased_purges":0,"victory":false,"max_hp_per_floor":[71,71,64,64,64,64,64,64,64,64,64,64,64,64,64,64],"card_choices":[{"not_picked":["Reboot","Meteor Strike"],"picked":"Machine Learning","floor":0.0},{"not_picked":["Heatsinks","Turbo"],"picked":"Tempest","floor":1.0},{"not_picked":["Gash","Darkness"],"picked":"Loop","floor":4.0},{"not_picked":["Hello World","Coolheaded"],"picked":"Ball Lightning","floor":5.0},{"not_picked":["Streamline","Beam Cell"],"picked":"Coolheaded","floor":7.0},{"not_picked":["BootSequence","Scrape"],"picked":"Sunder","floor":12.0},{"not_picked":["Steam Power","Static Discharge","Streamline"],"picked":"SKIP","floor":14}],"player_experience":614769,"relics_obtained":[{"floor":7.0,"key":"Omamori"},{"floor":9.0,"key":"Bottled Tornado"},{"floor":14,"key":"Shuriken"}],"event_choices":[{"event_name":"Liars Game","player_choice":"disagreed","floor":2.0,"damage_taken":0.0},{"event_name":"Golden Idol","player_choice":"Lose Max HP","floor":3.0,"damage_taken":0.0},{"event_name":"Scrap Ooze","player_choice":"success","floor":8.0,"damage_taken":18.0},{"event_name":"Golden Shrine","player_choice":"Pray","floor":11.0,"damage_taken":0.0}],"is_beta":false,"boss_relics":[],"items_purged_floors":[],"is_endless":false,"potions_floor_spawned":[1,4,7],"killed_by":"Hexaghost","ascension_level":16}