{"gold_per_floor":[118,118,118,135,151,151,177,177,201,228,228,258,271,19,19,91,91,108,31,31,51,51,51,82,82,82,7,24,24,42,53,53,124,124,134,184,197,10,26,26,44,44,69,87,99,0,0,10,10,10],"floor_reached":51,"playtime":3538,"items_purged":["Parasite","Strike_R"],"score":1217,"play_id":"5a589332-e442-40dd-80d5-ee853a3f1977","local_time":"20180824024118","is_ascension_mode":true,"campfire_choices":[{"data":"Whirlwind","floor":6.0,"key":"SMITH"},{"floor":8.0,"key":"REST"},{"data":"Immolate","floor":15.0,"key":"SMITH"},{"data":"Bludgeon","floor":23.0,"key":"SMITH"},{"data":"Bash","floor":25.0,"key":"SMITH"},{"data":"Pommel Strike","floor":29.0,"key":"SMITH"},{"data":"Limit Break","floor":32.0,"key":"SMITH"},{"data":"Clothesline","floor":40,"key":"SMITH"},{"data":"Demon Form","floor":42,"key":"SMITH"},{"data":"Shrug It Off","floor":47,"key":"SMITH"},{"data":"Iron Wave","floor":49,"key":"SMITH"}],"neow_cost":"","seed_source_timestamp":0,"circlet_count":0,"master_deck":["Strike_R","Strike_R","Defend_R+1","Defend_R+1","Defend_R","Defend_R","Bash+1","AscendersBane","Sword Boomerang","Whirlwind+1","Shrug It Off+1","Anger","Pommel Strike+1","Immolate+1","Limit Break+1","Bludgeon+1","Pummel","Sword Boomerang","Iron Wave+1","Anger","Clothesline+1","Shockwave+1","Demon Form+1","Iron Wave","Shrug It Off+1","Disarm+1","Iron Wave+1","True Grit+1","Clumsy","Metallicize+1","Shockwave+1"],"special_seed":0,"relics":["Burning Blood","Art of War","Bag of Marbles","Lantern","Vajra","Shuriken","Orichalcum","Cursed Key","Charon\u0027s Ashes","Oddly Smooth Stone","Toxic Egg 2","Eternal Feather","War Paint","Red Mask"],"potions_floor_usage":[50,50],"damage_taken":[{"damage":11.0,"enemies":"Jaw Worm","floor":1.0,"turns":6.0},{"damage":3.0,"enemies":"2 Louse","floor":4.0,"turns":3.0},{"damage":1.0,"enemies":"Cultist","floor":5.0,"turns":3.0},{"damage":38.0,"enemies":"Lagavulin","floor":7.0,"turns":8.0},{"damage":22.0,"enemies":"3 Sentries","floor":10.0,"turns":6.0},{"damage":20.0,"enemies":"Lagavulin","floor":12.0,"turns":4.0},{"damage":0.0,"enemies":"2 Fungi Beasts","floor":13.0,"turns":2.0},{"damage":1.0,"enemies":"Slime Boss","floor":16.0,"turns":7.0},{"damage":0.0,"enemies":"Spheric Guardian","floor":18.0,"turns":2.0},{"damage":6.0,"enemies":"Chosen","floor":21.0,"turns":2.0},{"damage":24.0,"enemies":"Gremlin Leader","floor":24.0,"turns":4.0},{"damage":0.0,"enemies":"3 Cultists","floor":28.0,"turns":1.0},{"damage":0.0,"enemies":"Shelled Parasite and Fungi","floor":30.0,"turns":1.0},{"damage":18.0,"enemies":"Snake Plant","floor":31.0,"turns":2.0},{"damage":37.0,"enemies":"Collector","floor":33.0,"turns":5.0},{"damage":21.0,"enemies":"3 Darklings","floor":35.0,"turns":4.0},{"damage":14.0,"enemies":"Flame Bruiser 1 Orb","floor":37.0,"turns":5.0},{"damage":7,"enemies":"4 Shapes","floor":39,"turns":4},{"damage":0,"enemies":"3 Darklings","floor":41,"turns":1},{"damage":2,"enemies":"Sphere and 2 Shapes","floor":44,"turns":2},{"damage":13,"enemies":"4 Shapes","floor":45,"turns":6},{"damage":9,"enemies":"Transient","floor":48,"turns":5},{"damage":54,"enemies":"Awakened One","floor":50,"turns":12}],"seed_played":"-2052143182407666594","potions_obtained":[{"floor":4.0,"key":"SmokeBomb"},{"floor":10.0,"key":"Poison Potion"},{"floor":12.0,"key":"BloodPotion"},{"floor":13.0,"key":"SkillPotion"},{"floor":24.0,"key":"GamblersBrew"},{"floor":28.0,"key":"Strength Potion"},{"floor":35.0,"key":"FearPotion"},{"floor":37.0,"key":"Strength Potion"},{"floor":44,"key":"Ancient Potion"}],"is_trial":false,"path_per_floor":["M","?","?","M","M","R","E","R","T","E","?","E","M","$","R","B",null,"M","?","?","M","?","R","E","R","T","$","M","R","M","M","R","B",null,"M","?","M","$","M","R","M","R","T","M","M","?","R","M","R","B"],"character_chosen":"IRONCLAD","items_purchased":["Limit Break","Orichalcum","Disarm+1"],"campfire_rested":1,"item_purchase_floors":[14,14,38],"current_hp_per_floor":[63,56,45,48,53,53,21,43,43,27,52,38,44,44,44,56,70,75,75,75,75,75,75,57,57,57,57,63,63,69,57,57,26,61,46,39,31,31,30,45,51,66,66,70,63,63,72,69,72,24],"gold":10,"neow_bonus":"","is_prod":false,"is_daily":false,"chose_seed":false,"campfire_upgraded":10,"win_rate":0,"timestamp":1535103678,"path_taken":["M","?","?","M","M","R","E","R","T","E","?","E","M","$","R","BOSS","M","?","?","M","?","R","E","R","T","$","M","R","?","M","R","BOSS","M","?","M","$","M","R","M","R","T","M","M","?","R","M","R","BOSS"],"build_version":"2018-08-16","purchased_purges":2,"victory":true,"max_hp_per_floor":[75,75,75,75,75,75,75,75,75,75,75,75,75,75,75,75,75,75,75,75,75,75,75,75,75,75,72,72,72,72,72,72,72,72,72,72,72,72,72,72,72,72,72,72,72,72,72,72,72,72],"card_choices":[{"not_picked":["Flex","Body Slam"],"picked":"Sword Boomerang","floor":1.0},{"not_picked":["Shrug It Off","Rage"],"picked":"Whirlwind","floor":4.0},{"not_picked":["Sword Boomerang","Sever Soul"],"picked":"Shrug It Off","floor":5.0},{"not_picked":["Disarm","Exhume"],"picked":"Anger","floor":7.0},{"not_picked":["Sword Boomerang","Twin Strike"],"picked":"Pommel Strike","floor":10.0},{"not_picked":["Bloodletting","Flex"],"picked":"Immolate","floor":12.0},{"not_picked":["Sword Boomerang","Evolve","Corruption"],"picked":"SKIP","floor":13.0},{"not_picked":["Offering","Juggernaut"],"picked":"Bludgeon","floor":16.0},{"not_picked":["Power Through","Seeing Red"],"picked":"Pummel","floor":18.0},{"not_picked":["Combust","Dropkick"],"picked":"Sword Boomerang","floor":21.0},{"not_picked":["Twin Strike+1","Whirlwind"],"picked":"Iron Wave","floor":24.0},{"not_picked":["Heavy Blade","Havoc+1"],"picked":"Anger","floor":28.0},{"not_picked":["Flex+1","Sever Soul"],"picked":"Clothesline","floor":30.0},{"not_picked":["Heavy Blade","Flex+1"],"picked":"Shockwave+1","floor":31.0},{"not_picked":["Double Tap+1","Bludgeon"],"picked":"Demon Form","floor":33.0},{"not_picked":["Twin Strike","Shockwave+1"],"picked":"Iron Wave","floor":35.0},{"not_picked":["Sword Boomerang","Flex+1"],"picked":"Shrug It Off+1","floor":37.0},{"not_picked":["Second Wind+1","Berserk"],"picked":"Iron Wave+1","floor":39},{"not_picked":["Blood for Blood","Entrench+1"],"picked":"True Grit+1","floor":41},{"not_picked":["Warcry+1","Inflame","Sword Boomerang"],"picked":"SKIP","floor":44},{"not_picked":["Twin Strike","Infernal Blade+1"],"picked":"Metallicize+1","floor":45},{"not_picked":["Inflame","Intimidate+1"],"picked":"Shockwave+1","floor":48}],"player_experience":599509,"relics_obtained":[{"floor":7.0,"key":"Bag of Marbles"},{"floor":9.0,"key":"Lantern"},{"floor":10.0,"key":"Vajra"},{"floor":12.0,"key":"Shuriken"},{"floor":24.0,"key":"Oddly Smooth Stone"},{"floor":26.0,"key":"Toxic Egg 2"},{"floor":43,"key":"War Paint"}],"event_choices":[{"event_name":"Golden Wing","player_choice":"Card Removal","floor":2.0,"damage_taken":0.0},{"event_name":"Scrap Ooze","player_choice":"success","floor":3.0,"damage_taken":11.0},{"event_name":"Big Fish","player_choice":"Banana","floor":11.0,"damage_taken":0.0},{"event_name":"WeMeetAgain","player_choice":"Gold","floor":19.0,"damage_taken":0.0},{"event_name":"Bonfire Elementals","player_choice":"BASIC","floor":20.0,"damage_taken":0.0},{"event_name":"The Mausoleum","player_choice":"No","floor":22.0,"damage_taken":0.0},{"event_name":"FaceTrader","player_choice":"Touch","floor":36.0,"damage_taken":0.0},{"event_name":"Tomb of Lord Red Mask","player_choice":"Paid","floor":46,"damage_taken":0}],"is_beta":false,"boss_relics":[{"not_picked":["Astrolabe","Calling Bell"],"picked":"Cursed Key"},{"not_picked":["Lizard Tail","Runic Cube"],"picked":"Eternal Feather"}],"items_purged_floors":[27,38],"is_endless":false,"potions_floor_spawned":[4,10,12,13,24,28,35,37,44],"ascension_level":16}