{"gold_per_floor":[112,112,122,92,112,145,145,173,211,223,268,280,69,86,86,158,158,169,169,179,30,30,30,41,73,73,90,90,109,122,132,132,211,211,223,223,236,18,64,98,111,168,194,194,223,233,233,245,245,245],"floor_reached":51,"playtime":3983,"items_purged":[],"score":1216,"play_id":"060ecebe-0c62-4c51-aa59-149b46a43632","local_time":"20180815141819","is_ascension_mode":true,"campfire_choices":[{"floor":10.0,"key":"REST"},{"floor":15.0,"key":"REST"},{"data":"Eviscerate","floor":23.0,"key":"SMITH"},{"data":"Predator","floor":28.0,"key":"SMITH"},{"floor":32.0,"key":"REST"},{"floor":44,"key":"REST"},{"floor":47,"key":"REST"},{"floor":49,"key":"REST"}],"neow_cost":"NONE","seed_source_timestamp":0,"circlet_count":0,"master_deck":["Defend_G","Defend_G","Defend_G","Defend_G","Strike_G","Strike_G","Survivor","Neutralize","AscendersBane","Backflip","Poisoned Stab","Underhanded Strike","Underhanded Strike","Wraith Form v2+1","Riddle With Holes","Eviscerate+1","Acrobatics","Bullet Time","Predator+1","Underhanded Strike","Dagger Throw","Dagger Throw","Adrenaline","Bullet Time","Leg Sweep","Doppelganger","Riddle With Holes+1","Eviscerate","After Image","Footwork","Glass Knife","Dash","Eviscerate","Noxious Fumes+1","Predator+1"],"special_seed":0,"relics":["Snecko Eye","Boot","MawBank","Ancient Tea Set","Bronze Scales","Pen Nib","Orrery","Lantern","Happy Flower","Bottled Tornado","Fusion Hammer","Bag of Preparation","Nunchaku","Prayer Wheel","Tiny Chest","Centennial Puzzle","Orichalcum"],"potions_floor_usage":[40,50,50],"damage_taken":[{"damage":3.0,"enemies":"2 Louse","floor":1.0,"turns":4.0},{"damage":0.0,"enemies":"Small Slimes","floor":3.0,"turns":5.0},{"damage":0.0,"enemies":"Jaw Worm","floor":5.0,"turns":7.0},{"damage":38.0,"enemies":"Gremlin Nob","floor":6.0,"turns":5.0},{"damage":12.0,"enemies":"Lagavulin","floor":8.0,"turns":5.0},{"damage":29.0,"enemies":"3 Sentries","floor":11.0,"turns":10.0},{"damage":0.0,"enemies":"Looter","floor":14.0,"turns":2.0},{"damage":1.0,"enemies":"The Guardian","floor":16.0,"turns":9.0},{"damage":12.0,"enemies":"Chosen","floor":18.0,"turns":3.0},{"damage":0.0,"enemies":"2 Thieves","floor":20.0,"turns":4.0},{"damage":0.0,"enemies":"Sentry and Sphere","floor":24.0,"turns":3.0},{"damage":4.0,"enemies":"Book of Stabbing","floor":25.0,"turns":6.0},{"damage":0.0,"enemies":"Centurion and Healer","floor":27.0,"turns":4.0},{"damage":0.0,"enemies":"Snake Plant","floor":29.0,"turns":2.0},{"damage":0.0,"enemies":"Cultist and Chosen","floor":30.0,"turns":3.0},{"damage":0.0,"enemies":"Chosen and Byrds","floor":31.0,"turns":3.0},{"damage":6.0,"enemies":"Collector","floor":33.0,"turns":7.0},{"damage":0,"enemies":"3 Darklings","floor":35,"turns":3},{"damage":0,"enemies":"Flame Bruiser 1 Orb","floor":37,"turns":5},{"damage":0,"floor":39,"turns":2},{"damage":0,"enemies":"Giant Head","floor":40,"turns":5},{"damage":2,"enemies":"Sphere and 2 Shapes","floor":41,"turns":4},{"damage":29,"enemies":"2 Orb Walkers","floor":45,"turns":4},{"damage":38,"enemies":"Transient","floor":46,"turns":5},{"damage":0,"enemies":"Spire Growth","floor":48,"turns":3},{"damage":20,"enemies":"Awakened One","floor":50,"turns":9}],"seed_played":"7399464675389225195","potions_obtained":[{"floor":4.0,"key":"AttackPotion"},{"floor":4.0,"key":"Fruit Juice"},{"floor":5.0,"key":"Energy Potion"},{"floor":6.0,"key":"AttackPotion"},{"floor":11.0,"key":"AttackPotion"},{"floor":16.0,"key":"PowerPotion"},{"floor":18.0,"key":"SpeedPotion"},{"floor":25.0,"key":"Explosive Potion"},{"floor":27.0,"key":"Swift Potion"},{"floor":39,"key":"AttackPotion"},{"floor":41,"key":"Ancient Potion"}],"is_trial":false,"path_per_floor":["M","?","M","?","M","E","?","E","T","R","E","?","$","M","R","B",null,"M","?","M","$","?","R","M","E","T","M","R","M","M","M","R","B",null,"M","?","M","$","?","E","M","T","T","R","E","M","R","M","R","B"],"character_chosen":"THE_SILENT","items_purchased":["Eviscerate","Pen Nib","Lantern","Footwork","Bag of Preparation"],"campfire_rested":6,"item_purchase_floors":[13,13,21,38,38],"current_hp_per_floor":[60,53,53,53,58,20,20,8,8,30,1,1,1,1,23,22,62,50,50,50,50,50,50,50,46,46,46,46,46,46,46,68,62,72,72,72,72,72,72,72,70,70,70,75,46,8,30,30,52,32],"gold":245,"neow_bonus":"BOSS_RELIC","is_prod":false,"is_daily":false,"chose_seed":false,"campfire_upgraded":2,"win_rate":0,"timestamp":1534367899,"path_taken":["M","?","M","?","M","E","?","E","T","R","E","?","$","M","R","BOSS","M","?","M","$","?","R","M","E","T","M","R","M","?","M","R","BOSS","M","?","M","$","?","E","M","?","T","R","E","?","R","M","R","BOSS"],"build_version":"2018-08-09","purchased_purges":0,"victory":true,"max_hp_per_floor":[70,70,70,70,75,75,75,75,75,75,75,75,75,75,75,75,75,75,75,75,75,75,75,75,75,75,75,75,75,75,75,75,75,75,75,75,75,75,75,75,75,75,75,75,75,75,75,75,75,75],"card_choices":[{"not_picked":["Setup","Prepared"],"picked":"Backflip","floor":1.0},{"not_picked":["Blade Dance","Accuracy"],"picked":"Poisoned Stab","floor":3.0},{"not_picked":["Skewer","PiercingWail"],"picked":"Underhanded Strike","floor":5.0},{"not_picked":["Tactician","Outmaneuver"],"picked":"Underhanded Strike","floor":6.0},{"not_picked":["Deadly Poison","PiercingWail"],"picked":"Wraith Form v2","floor":8.0},{"not_picked":["Concentrate","Accuracy"],"picked":"Riddle With Holes","floor":11.0},{"not_picked":["Flying Knee","Well Laid Plans"],"picked":"Acrobatics","floor":14.0},{"not_picked":["After Image","Malaise"],"picked":"Bullet Time","floor":16.0},{"not_picked":["Flying Knee","Sucker Punch"],"picked":"Predator","floor":17.0},{"not_picked":["Expertise","Dagger Throw"],"picked":"Underhanded Strike","floor":17.0},{"not_picked":["Cloak And Dagger","Slice"],"picked":"Dagger Throw","floor":17.0},{"not_picked":["Dagger Spray","Bouncing Flask"],"picked":"Dagger Throw","floor":18.0},{"not_picked":["Flying Knee","Masterful Stab"],"picked":"Adrenaline","floor":20.0},{"not_picked":["Blade Dance","Backflip+1"],"picked":"Leg Sweep","floor":24.0},{"not_picked":["Backflip","Setup"],"picked":"Doppelganger","floor":25.0},{"not_picked":["Outmaneuver","Sucker Punch"],"picked":"Riddle With Holes+1","floor":27.0},{"not_picked":["Deflect+1","Quick Slash","Prepared"],"picked":"SKIP","floor":29.0},{"not_picked":["Sucker Punch","Bouncing Flask","Dagger Spray"],"picked":"SKIP","floor":30.0},{"not_picked":["Dagger Throw","Cloak And Dagger"],"picked":"Eviscerate","floor":31.0},{"not_picked":["Storm of Steel","Venomology"],"picked":"After Image","floor":33.0},{"not_picked":["Blade Dance","Slice+1","Dagger Throw"],"picked":"SKIP","floor":35},{"not_picked":["Catalyst","Bane","Blade Dance"],"picked":"SKIP","floor":37},{"not_picked":["Masterful Stab+1","Quick Slash"],"picked":"Glass Knife","floor":40},{"not_picked":["Skewer","Prepared"],"picked":"Dash","floor":41},{"not_picked":["Prepared","Flying Knee","Acrobatics"],"picked":"SKIP","floor":41},{"not_picked":["Prepared","Flying Knee","Acrobatics"],"picked":"SKIP","floor":41},{"not_picked":["Prepared","Heel Hook","Calculated Gamble"],"picked":"SKIP","floor":45},{"not_picked":["Flying Knee","Cloak And Dagger+1"],"picked":"Eviscerate","floor":46},{"not_picked":["Setup","Slice+1","Poisoned Stab"],"picked":"SKIP","floor":46},{"not_picked":["Reflex+1","Blade Dance"],"picked":"Noxious Fumes+1","floor":48},{"not_picked":["Prepared+1","Heel Hook"],"picked":"Predator+1","floor":48}],"player_experience":462993,"relics_obtained":[{"floor":6.0,"key":"Boot"},{"floor":8.0,"key":"MawBank"},{"floor":9.0,"key":"Ancient Tea Set"},{"floor":11.0,"key":"Bronze Scales"},{"floor":25.0,"key":"Happy Flower"},{"floor":26.0,"key":"Bottled Tornado"},{"floor":39,"key":"Nunchaku"},{"floor":40,"key":"Prayer Wheel"},{"floor":42,"key":"Tiny Chest"},{"floor":43,"key":"Centennial Puzzle"},{"floor":45,"key":"Orichalcum"}],"event_choices":[{"event_name":"Golden Wing","player_choice":"Card Removal","floor":2.0,"damage_taken":0.0},{"event_name":"The Woman in Blue","player_choice":"Bought 2 Potions","floor":4.0,"damage_taken":0.0},{"event_name":"Bonfire Elementals","player_choice":"BASIC","floor":7.0,"damage_taken":0.0},{"event_name":"Upgrade Shrine","player_choice":"Upgraded","floor":12.0,"damage_taken":0.0},{"event_name":"Wheel of Change","player_choice":"Card Removal","floor":19.0,"damage_taken":0.0},{"event_name":"Duplicator","player_choice":"One dupe","floor":22.0,"damage_taken":0.0},{"event_name":"Falling","player_choice":"Removed Skill","floor":36,"damage_taken":0},{"event_name":"Mysterious Sphere","player_choice":"Fight","floor":39,"damage_taken":0}],"is_beta":false,"boss_relics":[{"not_picked":["Velvet Choker","Coffee Dripper"],"picked":"Orrery"},{"not_picked":["Astrolabe","Empty Cage"],"picked":"Fusion Hammer"}],"items_purged_floors":[],"is_endless":false,"potions_floor_spawned":[5,6,11,16,18,25,27,30,39,41,45],"ascension_level":13}