{"gold_per_floor":[118,68,68,68,93,93,132,147,225,260,260,278,278,303,303,397,397,416,341,356,356,371,371,411,411,411,455,455,455,480,493,493,584,584,607,33,57,57,16,57,57,95,95,131,152,152,187,29,29,29],"floor_reached":51,"playtime":6059,"items_purged":["Strike_G","Strike_G+1"],"score":1379,"play_id":"f7342d8f-8624-440d-8d19-c98de7fab486","local_time":"20180819211557","is_ascension_mode":true,"campfire_choices":[{"data":"Neutralize","floor":6,"key":"SMITH"},{"data":"Dash","floor":13,"key":"SMITH"},{"data":"Sucker Punch","floor":15,"key":"SMITH"},{"floor":23,"key":"REST"},{"data":"Strike_G","floor":25,"key":"PURGE"},{"floor":28,"key":"REST"},{"floor":32,"key":"REST"},{"floor":41,"key":"REST"},{"floor":46,"key":"REST"},{"floor":49,"key":"REST"}],"neow_cost":"NONE","seed_source_timestamp":221686056589014,"circlet_count":0,"master_deck":["Defend_G","Defend_G","Defend_G","Defend_G","Defend_G","Survivor","Neutralize+1","AscendersBane","Sucker Punch+1","Bane","Corpse Explosion","Poisoned Stab","Well Laid Plans+1","Dash+1","Deadly Poison+1","Bullet Time+1","Quick Slash+1","Dodge and Roll+1","A Thousand Cuts","Cloak And Dagger","Dagger Throw+1","Adrenaline","Leg Sweep","Footwork","Slice+1","PiercingWail+1","Madness","Madness","Slice+1","Leg Sweep+1","Skewer+1","Dagger Throw+1","Slice+1"],"relics":["Ring of the Serpent","Potion Belt","Golden Idol","Strawberry","Peace Pipe","Dodecahedron","Torii","Fusion Hammer","War Paint","Incense Burner","Shuriken","Molten Egg 2","Membership Card","Orichalcum","Ornamental Fan","Art of War","Centennial Puzzle","The Courier","Regal Pillow"],"potions_floor_usage":[7,16,16,31,33,33,40,40,42,50,50,50,50],"damage_taken":[{"damage":0,"enemies":"Jaw Worm","floor":1,"turns":6},{"damage":0,"enemies":"Small Slimes","floor":5,"turns":7},{"damage":24,"enemies":"3 Sentries","floor":7,"turns":10},{"damage":2,"enemies":"2 Louse","floor":8,"turns":2},{"damage":13,"enemies":"Lagavulin","floor":10,"turns":7},{"damage":0,"enemies":"Looter","floor":12,"turns":4},{"damage":1,"enemies":"Blue Slaver","floor":14,"turns":3},{"damage":4,"enemies":"Hexaghost","floor":16,"turns":10},{"damage":1,"enemies":"Shell Parasite","floor":18,"turns":4},{"damage":0,"enemies":"Chosen","floor":20,"turns":5},{"damage":13,"enemies":"Snake Plant","floor":22,"turns":4},{"damage":4,"enemies":"Gremlin Leader","floor":24,"turns":9},{"damage":20,"enemies":"Book of Stabbing","floor":27,"turns":6},{"damage":0,"enemies":"Centurion and Healer","floor":30,"turns":5},{"damage":0,"enemies":"3 Cultists","floor":31,"turns":3},{"damage":28,"enemies":"Collector","floor":33,"turns":9},{"damage":0,"enemies":"3 Shapes","floor":35,"turns":2},{"damage":11,"enemies":"Flame Bruiser 1 Orb","floor":37,"turns":7},{"damage":0,"enemies":"2 Orb Walkers","floor":40,"turns":4},{"damage":16,"enemies":"Nemesis","floor":42,"turns":9},{"damage":25,"enemies":"Giant Head","floor":44,"turns":10},{"damage":0,"enemies":"Transient","floor":45,"turns":5},{"damage":20,"enemies":"2 Orb Walkers","floor":47,"turns":4},{"damage":31,"enemies":"Time Eater","floor":50,"turns":12}],"seed_played":"1000192911878841597","potions_obtained":[{"floor":1,"key":"AttackPotion"},{"floor":12,"key":"LiquidBronze"},{"floor":14,"key":"GhostInAJar"},{"floor":18,"key":"Fire Potion"},{"floor":24,"key":"Weak Potion"},{"floor":27,"key":"AttackPotion"},{"floor":30,"key":"FearPotion"},{"floor":40,"key":"Ancient Potion"},{"floor":42,"key":"Ancient Potion"},{"floor":47,"key":"Weak Potion"}],"is_trial":false,"path_per_floor":["M","?","?","T","M","R","E","M","T","E","?","M","R","M","R","B",null,"M","?","M","?","M","R","E","R","T","E","R","T","M","M","R","B",null,"M","$","M","?","$","E","R","E","T","E","M","R","E","$","R","B"],"character_chosen":"THE_SILENT","items_purchased":["Membership Card","Footwork","Orichalcum","Slice+1","PowerPotion","Regen Potion","Slice+1","LiquidBronze","Slice+1"],"campfire_rested":6,"item_purchase_floors":[36,36,36,36,36,36,39,48,48],"current_hp_per_floor":[59,59,59,66,66,66,42,40,40,27,13,13,13,12,12,8,53,52,52,52,52,39,59,55,55,55,35,55,55,55,55,68,40,61,61,61,50,41,41,41,61,60,60,35,35,55,35,35,68,37],"gold":29,"neow_bonus":"RANDOM_COMMON_RELIC","is_prod":false,"is_daily":false,"chose_seed":false,"campfire_upgraded":3,"win_rate":0,"timestamp":1534738557,"path_taken":["M","?","?","?","?","R","E","M","T","E","?","M","R","M","R","BOSS","M","?","M","?","?","R","E","R","T","E","R","?","M","M","R","BOSS","M","$","?","?","?","E","R","E","T","E","M","R","E","$","R","BOSS"],"build_version":"2018-08-16","purchased_purges":2,"victory":true,"max_hp_per_floor":[66,66,61,68,68,68,68,68,68,68,68,68,68,68,68,68,68,68,68,68,68,68,68,68,68,68,68,68,68,68,68,68,68,68,68,68,68,68,68,68,68,68,68,68,68,68,68,68,68,68],"card_choices":[{"not_picked":["Riddle With Holes","Underhanded Strike"],"picked":"Sucker Punch","floor":1},{"not_picked":["Underhanded Strike","Catalyst"],"picked":"Bane","floor":5},{"not_picked":["Venomology","Blade Dance"],"picked":"Corpse Explosion","floor":7},{"not_picked":["Blade Dance","Acrobatics"],"picked":"Poisoned Stab","floor":8},{"not_picked":["Quick Slash","Concentrate"],"picked":"Well Laid Plans","floor":10},{"not_picked":["Dagger Throw","Unload"],"picked":"Dash","floor":12},{"not_picked":["Infinite Blades","Bane"],"picked":"Deadly Poison","floor":14},{"not_picked":["Phantasmal Killer","Corpse Explosion"],"picked":"Bullet Time","floor":16},{"not_picked":["Calculated Gamble","Acrobatics"],"picked":"Quick Slash+1","floor":18},{"not_picked":["Slice","Underhanded Strike","Quick Slash"],"picked":"SKIP","floor":20},{"not_picked":["Outmaneuver","Reflex","Flechettes"],"picked":"SKIP","floor":22},{"not_picked":["Flechettes+1","Dagger Spray"],"picked":"Dodge and Roll+1","floor":24},{"not_picked":["Bane","Sucker Punch"],"picked":"A Thousand Cuts","floor":27},{"not_picked":["Predator+1","Blade Dance"],"picked":"Cloak And Dagger","floor":30},{"not_picked":["Crippling Poison","Dagger Spray+1"],"picked":"Dagger Throw+1","floor":31},{"not_picked":["Tools of the Trade","Die Die Die+1"],"picked":"Adrenaline","floor":33},{"not_picked":["Quick Slash+1","Flying Knee+1"],"picked":"Leg Sweep","floor":35},{"not_picked":["Poisoned Stab+1","Bane+1"],"picked":"PiercingWail+1","floor":37},{"not_picked":["Accuracy+1","Reflex","Concentrate"],"picked":"SKIP","floor":40},{"not_picked":["Expertise","Reflex"],"picked":"Leg Sweep+1","floor":42},{"not_picked":["Distraction","Crippling Poison","Burst"],"picked":"SKIP","floor":44},{"not_picked":["Prepared","Masterful Stab+1"],"picked":"Skewer+1","floor":45},{"not_picked":["PiercingWail","Underhanded Strike+1"],"picked":"Dagger Throw+1","floor":47}],"player_experience":525733,"relics_obtained":[{"floor":4,"key":"Strawberry"},{"floor":7,"key":"Peace Pipe"},{"floor":9,"key":"Dodecahedron"},{"floor":10,"key":"Torii"},{"floor":24,"key":"War Paint"},{"floor":26,"key":"Incense Burner"},{"floor":27,"key":"Shuriken"},{"floor":29,"key":"Molten Egg 2"},{"floor":40,"key":"Ornamental Fan"},{"floor":42,"key":"Art of War"},{"floor":43,"key":"Centennial Puzzle"},{"floor":44,"key":"The Courier"},{"floor":47,"key":"Regal Pillow"}],"event_choices":[{"event_name":"The Cleric","player_choice":"Card Removal","floor":2,"damage_taken":0},{"event_name":"Golden Idol","player_choice":"Lose Max HP","floor":3,"damage_taken":0},{"event_name":"Shining Light","player_choice":"Entered Light","floor":11,"damage_taken":0},{"event_name":"Beggar","player_choice":"Gave Gold","floor":19,"damage_taken":0},{"event_name":"Drug Dealer","player_choice":"Ignored","floor":21,"damage_taken":0},{"event_name":"Winding Halls","player_choice":"Embrace Madness","floor":38,"damage_taken":0}],"is_beta":false,"boss_relics":[{"not_picked":["Runic Dome","Philosopher\u0027s Stone"],"picked":"Fusion Hammer"},{"not_picked":["Lizard Tail","Cursed Key"],"picked":"Ring of the Serpent"}],"items_purged_floors":[36,48],"is_endless":false,"potions_floor_spawned":[1,12,14,18,24,27,30,40,42,47],"ascension_level":14}