{"gold_per_floor":[16,91,16,41,56,56,30,30,30,47,75,75,105,120,120,198,198,212,212,230,230,246,246,257,257,257,257,267,267,267,284,284,284],"floor_reached":33,"playtime":3371,"items_purged":[],"score":535,"play_id":"ee424175-0f2a-41a3-98f0-6ba4b5fd271c","local_time":"20190403220729","is_ascension_mode":true,"campfire_choices":[{"data":"Clothesline","floor":6,"key":"SMITH"},{"data":"Bash","floor":8,"key":"SMITH"},{"data":"Cleave","floor":12,"key":"SMITH"},{"data":"Whirlwind","floor":15,"key":"SMITH"},{"data":"Limit Break","floor":23,"key":"SMITH"},{"data":"Iron Wave","floor":25,"key":"SMITH"},{"data":"Spot Weakness","floor":27,"key":"SMITH"},{"data":"Metallicize","floor":30,"key":"SMITH"},{"data":"True Grit","floor":32,"key":"SMITH"}],"neow_cost":"NO_GOLD","seed_source_timestamp":1786779309968000,"circlet_count":0,"master_deck":["AscendersBane","Strike_R","Strike_R","Strike_R","Strike_R","Defend_R","Defend_R","Defend_R","Defend_R","Bash+1","Clothesline+1","Battle Trance","Shrug It Off","Iron Wave+1","Cleave+1","Whirlwind+1","Limit Break+1","Fiend Fire","True Grit+1","Shrug It Off+1","RitualDagger","Spot Weakness+1","Metallicize+1","Warcry+1"],"relics":["Burning Blood","Happy Flower","Paper Frog","Mummified Hand","Art of War","Coffee Dripper","Mango"],"potions_floor_usage":[11,13,13,33,33],"damage_taken":[{"damage":7,"enemies":"Jaw Worm","floor":1,"turns":3},{"damage":4,"enemies":"Small Slimes","floor":5,"turns":3},{"damage":0,"enemies":"Cultist","floor":10,"turns":3},{"damage":6,"enemies":"Gremlin Nob","floor":11,"turns":3},{"damage":8,"enemies":"3 Sentries","floor":13,"turns":7},{"damage":6,"enemies":"Large Slime","floor":14,"turns":4},{"damage":12,"enemies":"Slime Boss","floor":16,"turns":6},{"damage":15,"enemies":"2 Thieves","floor":18,"turns":3},{"damage":0,"enemies":"3 Byrds","floor":20,"turns":4},{"damage":0,"enemies":"Snecko","floor":22,"turns":3},{"damage":8,"enemies":"Centurion and Healer","floor":24,"turns":7},{"damage":18,"enemies":"Snake Plant","floor":28,"turns":4},{"damage":16,"enemies":"Colosseum Slavers","floor":29,"turns":5},{"damage":4,"enemies":"3 Cultists","floor":31,"turns":4},{"damage":52,"enemies":"Champ","floor":33,"turns":8}],"seed_played":"-5640875775119520518","potions_obtained":[{"floor":5,"key":"Explosive Potion"},{"floor":10,"key":"Block Potion"},{"floor":11,"key":"Regen Potion"},{"floor":16,"key":"Swift Potion"},{"floor":18,"key":"EssenceOfSteel"},{"floor":22,"key":"Strength Potion"}],"is_trial":false,"path_per_floor":["M","?","?","T","M","R","$","R","T","M","E","R","E","M","R","B",null,"M","?","M","?","M","R","M","R","T","R","M","?","R","M","R","B"],"character_chosen":"IRONCLAD","items_purchased":["Shrug It Off"],"campfire_rested":0,"item_purchase_floors":[7],"current_hp_per_floor":[81,70,70,70,72,72,72,72,72,78,78,78,89,89,89,83,88,79,53,59,53,59,59,57,57,71,71,59,49,49,51,51,0],"gold":284,"neow_bonus":"TWENTY_PERCENT_HP_BONUS","is_prod":false,"is_daily":false,"chose_seed":false,"campfire_upgraded":9,"win_rate":0,"timestamp":1554343649,"path_taken":["M","?","?","?","M","R","?","R","T","M","E","R","E","M","R","BOSS","M","?","M","?","M","R","M","R","T","R","M","?","R","M","R","BOSS"],"build_version":"2019-01-23","purchased_purges":0,"victory":false,"max_hp_per_floor":[89,89,89,89,89,89,89,89,89,89,89,89,89,89,89,89,89,89,94,94,94,94,94,94,94,108,108,108,108,108,108,108,108],"card_choices":[{"not_picked":["Reckless Charge","Shrug It Off"],"picked":"Clothesline","floor":1},{"not_picked":["Cleave","Evolve"],"picked":"Battle Trance","floor":5},{"not_picked":["Anger","Warcry"],"picked":"Iron Wave","floor":10},{"not_picked":["Seeing Red","Fire Breathing"],"picked":"Cleave","floor":11},{"not_picked":["Warcry","Havoc"],"picked":"Whirlwind","floor":13},{"not_picked":["Clothesline","True Grit"],"picked":"Limit Break","floor":14},{"not_picked":["Exhume","Double Tap"],"picked":"Fiend Fire","floor":16},{"not_picked":["Perfected Strike","Entrench"],"picked":"True Grit","floor":18},{"not_picked":["Clothesline","Armaments"],"picked":"Shrug It Off+1","floor":20},{"not_picked":["Dropkick","Combust"],"picked":"Spot Weakness","floor":22},{"not_picked":["Rupture","Fire Breathing","Flex"],"picked":"SKIP","floor":24},{"not_picked":["Sword Boomerang","Headbutt"],"picked":"Metallicize","floor":28},{"not_picked":["Armaments","Thunderclap"],"picked":"Warcry+1","floor":31}],"player_experience":799160,"relics_obtained":[{"floor":4,"key":"Happy Flower"},{"floor":9,"key":"Paper Frog"},{"floor":11,"key":"Mummified Hand"},{"floor":13,"key":"Art of War"},{"floor":26,"key":"Mango"}],"event_choices":[{"damage_healed":0,"gold_gain":75,"player_choice":"Gather Gold","damage_taken":11,"max_hp_gain":0,"max_hp_loss":0,"event_name":"World of Goop","floor":2,"gold_loss":0},{"cards_removed":["Strike_R"],"damage_healed":0,"gold_gain":0,"player_choice":"Card Removal","damage_taken":0,"max_hp_gain":0,"max_hp_loss":0,"event_name":"The Cleric","floor":3,"gold_loss":75},{"damage_healed":0,"gold_gain":0,"player_choice":"Shed Blood","damage_taken":31,"max_hp_gain":5,"max_hp_loss":0,"event_name":"Forgotten Altar","floor":19,"gold_loss":0},{"damage_healed":0,"gold_gain":0,"player_choice":"Joined the Cult","damage_taken":6,"max_hp_gain":0,"max_hp_loss":0,"event_name":"Nest","floor":21,"gold_loss":0,"cards_obtained":["RitualDagger"]},{"damage_healed":0,"gold_gain":0,"player_choice":"Fight","damage_taken":0,"max_hp_gain":0,"max_hp_loss":0,"event_name":"Colosseum","floor":29,"gold_loss":0},{"damage_healed":0,"gold_gain":0,"player_choice":"Fled From Nobs","damage_taken":0,"max_hp_gain":0,"max_hp_loss":0,"event_name":"Colosseum","floor":29,"gold_loss":0}],"is_beta":false,"boss_relics":[{"not_picked":["Eternal Feather","Black Star"],"picked":"Coffee Dripper"}],"items_purged_floors":[],"is_endless":false,"potions_floor_spawned":[5,10,11,16,18,22,31],"killed_by":"Champ","ascension_level":20}