{"gold_per_floor":[119,65,77,96,96,96,115,115,142,155,180,180,180,197,197,270,270,280,280,294,305,320,320,320,108,108,108,124,224,241,241,241,241],"floor_reached":33,"playtime":3157,"items_purged":["Writhe"],"score":548,"play_id":"d53b4047-ea9e-41da-90a1-86605929426b","local_time":"20190405164242","is_ascension_mode":true,"campfire_choices":[{"data":"Bash","floor":6.0,"key":"SMITH"},{"data":"Uppercut","floor":8.0,"key":"SMITH"},{"data":"Rage","floor":12.0,"key":"SMITH"},{"data":"Iron Wave","floor":15.0,"key":"SMITH"},{"floor":23.0,"key":"REST"},{"data":"Feed","floor":27.0,"key":"SMITH"},{"floor":32,"key":"REST"}],"neow_cost":"NONE","seed_source_timestamp":55078730159700,"circlet_count":0,"master_deck":["AscendersBane","Strike_R","Strike_R","Strike_R","Strike_R","Defend_R","Defend_R","Defend_R","Defend_R","Bash+1","Exhume","Rage+1","Iron Wave+1","Cleave","Anger","Uppercut+1","Headbutt","Cleave","Feed+1","Shrug It Off","Flex+1","Iron Wave+1","Second Wind","Iron Wave+1","RitualDagger"],"special_seed":0,"relics":["Burning Blood","PreservedInsect","Lantern","Pear","Runic Pyramid","MutagenicStrength","Kunai","Singing Bowl","Thread and Needle","Pantograph"],"potions_floor_usage":[30,33],"damage_taken":[{"damage":2.0,"enemies":"Jaw Worm","floor":1.0,"turns":5.0},{"damage":1.0,"enemies":"Cultist","floor":3.0,"turns":4.0},{"damage":3.0,"enemies":"2 Louse","floor":4.0,"turns":4.0},{"damage":6.0,"enemies":"Blue Slaver","floor":7.0,"turns":4.0},{"damage":11.0,"enemies":"Exordium Wildlife","floor":10.0,"turns":3.0},{"damage":9.0,"enemies":"Lagavulin","floor":11.0,"turns":5.0},{"damage":3.0,"enemies":"3 Louse","floor":14.0,"turns":3.0},{"damage":47.0,"enemies":"Slime Boss","floor":16.0,"turns":14.0},{"damage":33.0,"enemies":"3 Byrds","floor":18.0,"turns":6.0},{"damage":17.0,"enemies":"Shell Parasite","floor":20.0,"turns":4.0},{"damage":26.0,"enemies":"Snake Plant","floor":21.0,"turns":4.0},{"damage":20.0,"enemies":"Chosen and Byrds","floor":22.0,"turns":7.0},{"damage":11.0,"enemies":"3 Cultists","floor":28.0,"turns":5.0},{"damage":7,"enemies":"Colosseum Slavers","floor":29,"turns":5},{"damage":1,"enemies":"Colosseum Nobs","floor":29,"turns":5},{"damage":32,"enemies":"Shelled Parasite and Fungi","floor":30,"turns":5},{"damage":123,"enemies":"Champ","floor":33,"turns":15}],"seed_played":"-5330080951085398240","potions_obtained":[{"floor":4.0,"key":"PowerPotion"},{"floor":10.0,"key":"Energy Potion"},{"floor":11.0,"key":"Block Potion"},{"floor":20.0,"key":"FairyPotion"},{"floor":30,"key":"Regen Potion"}],"is_trial":false,"path_per_floor":["M","$","M","M","?","R","M","R","T","M","E","R","?","M","R","B",null,"M","?","M","M","M","R","?","$","T","R","M","?","M","?","R","B"],"character_chosen":"IRONCLAD","items_purchased":["Iron Wave","Second Wind","Fire Potion"],"campfire_rested":2,"item_purchase_floors":[2,25,25],"current_hp_per_floor":[72,72,75,75,75,75,75,75,75,70,67,67,72,75,75,34,72,48,48,40,23,12,41,41,41,41,41,42,56,34,28,63,0],"gold":241,"neow_bonus":"ONE_RANDOM_RARE_CARD","is_prod":false,"is_daily":false,"chose_seed":false,"campfire_upgraded":5,"win_rate":0,"timestamp":1554496962,"path_taken":["M","$","M","M","?","R","?","R","T","M","E","R","?","M","R","BOSS","M","?","M","M","M","R","?","$","T","R","M","?","M","?","R","BOSS"],"build_version":"2019-01-23","purchased_purges":1,"victory":false,"max_hp_per_floor":[75,75,75,75,75,75,75,75,75,75,75,75,85,85,85,85,85,88,88,91,94,97,97,97,97,97,97,103,113,117,117,117,117],"card_choices":[{"not_picked":["Flex","Reckless Charge"],"picked":"Rage","floor":1.0},{"not_picked":["Clash","Sword Boomerang"],"picked":"Cleave","floor":3.0},{"not_picked":["Flex","Seeing Red"],"picked":"Anger","floor":4.0},{"not_picked":["Flex","Inflame"],"picked":"Uppercut","floor":7.0},{"not_picked":["Power Through","Reckless Charge"],"picked":"Headbutt","floor":10.0},{"not_picked":["Warcry","Havoc"],"picked":"Cleave","floor":11.0},{"not_picked":["Cleave","Perfected Strike","Headbutt"],"picked":"SKIP","floor":14.0},{"not_picked":["Offering","Impervious"],"picked":"Feed","floor":16.0},{"not_picked":["Wild Strike+1","Warcry","Perfected Strike"],"picked":"SKIP","floor":18.0},{"not_picked":["Wild Strike+1","Warcry","Perfected Strike"],"picked":"SKIP","floor":18.0},{"not_picked":["Cleave","Sentinel"],"picked":"Shrug It Off","floor":20.0},{"not_picked":["Clash","Twin Strike"],"picked":"Flex+1","floor":21.0},{"not_picked":["True Grit","Rupture"],"picked":"Iron Wave+1","floor":22.0},{"not_picked":["Havoc","Hemokinesis","Wild Strike"],"picked":"Singing Bowl","floor":28},{"not_picked":["Clash","Pommel Strike","Twin Strike"],"picked":"Singing Bowl","floor":29},{"not_picked":["Bloodletting","Pommel Strike"],"picked":"Iron Wave+1","floor":30}],"player_experience":811851,"relics_obtained":[{"floor":9.0,"key":"PreservedInsect"},{"floor":11.0,"key":"Lantern"},{"floor":26.0,"key":"Singing Bowl"},{"floor":29,"key":"Thread and Needle"},{"floor":29,"key":"Pantograph"}],"event_choices":[{"cards_removed":["Strike_R"],"damage_healed":0.0,"max_hp_gain":0.0,"max_hp_loss":0.0,"gold_gain":0.0,"event_name":"Purifier","player_choice":"Purged","floor":5.0,"gold_loss":0.0,"damage_taken":0.0},{"damage_healed":0.0,"max_hp_gain":0.0,"max_hp_loss":0.0,"gold_gain":0.0,"event_name":"Scrap Ooze","player_choice":"Success","floor":13.0,"gold_loss":0.0,"damage_taken":5.0,"relics_obtained":["Pear"]},{"damage_healed":0.0,"max_hp_gain":0.0,"max_hp_loss":0.0,"gold_gain":0.0,"event_name":"Drug Dealer","player_choice":"Inject Mutagens","floor":19.0,"gold_loss":0.0,"damage_taken":0.0,"relics_obtained":["MutagenicStrength"]},{"damage_healed":0.0,"max_hp_gain":0.0,"max_hp_loss":0.0,"gold_gain":0.0,"event_name":"The Mausoleum","player_choice":"Opened","floor":24.0,"gold_loss":0.0,"damage_taken":0.0,"relics_obtained":["Kunai"],"cards_obtained":["Writhe"]},{"damage_healed":0,"gold_gain":0,"player_choice":"Fight","damage_taken":0,"max_hp_gain":0,"max_hp_loss":0,"event_name":"Colosseum","floor":29,"gold_loss":0},{"damage_healed":0,"gold_gain":0,"player_choice":"Fought Nobs","damage_taken":0,"max_hp_gain":0,"max_hp_loss":0,"event_name":"Colosseum","floor":29,"gold_loss":0},{"damage_healed":0,"gold_gain":0,"player_choice":"Joined the Cult","damage_taken":6,"max_hp_gain":0,"max_hp_loss":0,"event_name":"Nest","floor":31,"gold_loss":0,"cards_obtained":["RitualDagger"]}],"is_beta":false,"boss_relics":[{"not_picked":["Fusion Hammer","Mark of Pain"],"picked":"Runic Pyramid"}],"items_purged_floors":[25],"is_endless":false,"potions_floor_spawned":[4,10,11,20,28,29,30],"killed_by":"Champ","ascension_level":20}