{"gold_per_floor":[113,113,113,129,142,142,168,168,168,196,196,196,223,96,96,173,173,189,104,104,122,47,47,80,80,131,131,160,175,205,235,235,308,358,372,391,301,321,341,341,370,382,430,330,330,350,362,156,156,156,156,156,0,32,32],"floor_reached":55,"playtime":5082,"items_purged":["Strike_R","Strike_R"],"score":1336,"play_id":"1391f004-8387-4318-96a9-62de060e7120","local_time":"20190407233949","is_ascension_mode":true,"campfire_choices":[{"data":"Bash","floor":6.0,"key":"SMITH"},{"floor":8.0,"key":"REST"},{"data":"Shockwave","floor":11.0,"key":"SMITH"},{"floor":15.0,"key":"REST"},{"data":"True Grit","floor":23.0,"key":"SMITH"},{"data":"True Grit","floor":25.0,"key":"SMITH"},{"data":"Anger","floor":27.0,"key":"SMITH"},{"data":"Disarm","floor":32.0,"key":"SMITH"},{"data":"Rage","floor":40,"key":"SMITH"},{"floor":45,"key":"RECALL"},{"data":"Spot Weakness","floor":49,"key":"SMITH"},{"data":"Master of Strategy","floor":52,"key":"SMITH"}],"neow_cost":"NONE","seed_source_timestamp":0,"circlet_count":0,"master_deck":["AscendersBane","Strike_R+1","Defend_R","Defend_R","Defend_R+1","Defend_R","Bash+1","Twin Strike","Shockwave+1","Carnage+1","True Grit+1","True Grit+1","Corruption+1","Fire Breathing","Reaper","Anger+1","Feel No Pain+1","Disarm+1","Dark Embrace+1","Rage+1","Flame Barrier","Spot Weakness+1","Master of Strategy+1","Feel No Pain","Flash of Steel","Headbutt"],"special_seed":0,"relics":["Burning Blood","Dream Catcher","Dodecahedron","Torii","Lantern","Shuriken","Regal Pillow","Runic Pyramid","Singing Bowl","Mercury Hourglass","Kunai","Ancient Tea Set","Boot","Bottled Flame","Red Mask","Tiny House","Ornamental Fan","Bronze Scales"],"potions_floor_usage":[55],"damage_taken":[{"damage":7.0,"enemies":"Jaw Worm","floor":1.0,"turns":3.0},{"damage":3.0,"enemies":"2 Louse","floor":4.0,"turns":4.0},{"damage":5.0,"enemies":"Small Slimes","floor":5.0,"turns":4.0},{"damage":38.0,"enemies":"Lagavulin","floor":7.0,"turns":7.0},{"damage":14.0,"enemies":"3 Sentries","floor":10.0,"turns":7.0},{"damage":22.0,"enemies":"Lagavulin","floor":13.0,"turns":6.0},{"damage":0.0,"enemies":"Slime Boss","floor":16.0,"turns":5.0},{"damage":2.0,"enemies":"Shell Parasite","floor":18.0,"turns":5.0},{"damage":0.0,"enemies":"3 Byrds","floor":21.0,"turns":5.0},{"damage":19.0,"enemies":"Slavers","floor":24.0,"turns":5.0},{"damage":9.0,"enemies":"Gremlin Leader","floor":28.0,"turns":6.0},{"damage":0.0,"enemies":"Snake Plant","floor":29.0,"turns":4.0},{"damage":3.0,"enemies":"Book of Stabbing","floor":30.0,"turns":6.0},{"damage":36.0,"enemies":"Masked Bandits","floor":31.0,"turns":5.0},{"damage":38.0,"enemies":"Collector","floor":33.0,"turns":10.0},{"damage":1,"enemies":"Orb Walker","floor":35,"turns":5},{"damage":28,"enemies":"3 Shapes","floor":36,"turns":10},{"damage":10,"enemies":"Spire Growth","floor":38,"turns":5},{"damage":17,"enemies":"4 Shapes","floor":39,"turns":5},{"damage":1,"enemies":"Giant Head","floor":41,"turns":8},{"damage":0,"enemies":"Maw","floor":42,"turns":8},{"damage":9,"enemies":"Writhing Mass","floor":46,"turns":8},{"damage":16,"enemies":"3 Darklings","floor":47,"turns":5},{"damage":38,"enemies":"Donu and Deca","floor":50,"turns":8},{"damage":39,"enemies":"Shield and Spear","floor":54,"turns":7},{"damage":99,"enemies":"The Heart","floor":55,"turns":9}],"seed_played":"6405016425855753717","potions_obtained":[{"floor":4.0,"key":"BloodPotion"},{"floor":10.0,"key":"GamblersBrew"},{"floor":18.0,"key":"GamblersBrew"},{"floor":28.0,"key":"Weak Potion"},{"floor":33.0,"key":"Energy Potion"},{"floor":47,"key":"SteroidPotion"}],"is_trial":false,"path_per_floor":["M","?","?","M","M","R","E","R","T","E","R","?","E","$","R","B",null,"M","?","T","M","?","R","E","R","T","R","E","M","E","?","R","B",null,"M","M","?","M","M","R","E","M","T","$","R","M","M","$","R","B",null,"R","$","E","B"],"character_chosen":"IRONCLAD","items_purchased":["AttackPotion","Spot Weakness","Master of Strategy","Feel No Pain","Flash of Steel"],"campfire_rested":2,"item_purchase_floors":[14,48,48,53,53],"current_hp_per_floor":[67,60,45,48,49,49,17,39,39,31,31,31,22,22,59,65,73,75,75,75,75,75,75,76,76,76,76,77,77,79,51,51,54,79,86,72,72,79,84,84,94,96,96,96,96,98,99,99,99,82,96,96,96,79,0],"gold":32,"neow_bonus":"RANDOM_COMMON_RELIC","is_prod":false,"is_daily":false,"chose_seed":false,"campfire_upgraded":9,"win_rate":0,"timestamp":1554694789,"path_taken":["M","?","?","M","M","R","E","R","T","E","R","?","E","$","R","BOSS","M","?","?","M","?","R","E","R","T","R","E","M","E","?","R","BOSS","M","M","?","M","M","R","E","M","T","$","R","M","?","$","R","BOSS","R","$","E","BOSS"],"build_version":"2019-01-23","purchased_purges":2,"victory":false,"max_hp_per_floor":[75,75,75,75,75,75,75,75,75,75,75,75,75,75,75,75,75,75,75,75,75,75,75,77,77,77,77,77,77,79,81,81,81,86,86,88,88,90,92,92,94,96,96,96,96,98,100,100,100,100,100,100,100,100,100],"card_choices":[{"not_picked":["Shrug It Off","Clothesline"],"picked":"Twin Strike","floor":1.0},{"not_picked":["Armaments","Warcry"],"picked":"Shockwave","floor":4.0},{"not_picked":["Power Through","Cleave"],"picked":"Carnage","floor":5.0},{"not_picked":["Pommel Strike","Searing Blow"],"picked":"True Grit","floor":7.0},{"not_picked":["Iron Wave","Seeing Red"],"picked":"True Grit","floor":8.0},{"not_picked":["Body Slam","Spot Weakness"],"picked":"Corruption","floor":10.0},{"not_picked":["Cleave","Bloodletting","True Grit"],"picked":"SKIP","floor":13.0},{"not_picked":["Bloodletting","True Grit"],"picked":"Fire Breathing","floor":15.0},{"not_picked":["Offering","Brutality"],"picked":"Reaper","floor":16.0},{"not_picked":["Thunderclap","True Grit","Perfected Strike"],"picked":"SKIP","floor":18.0},{"not_picked":["Flex","Thunderclap"],"picked":"Anger","floor":21.0},{"not_picked":["Twin Strike","Bloodletting","Second Wind"],"picked":"Singing Bowl","floor":24.0},{"not_picked":["Fire Breathing","Burning Pact"],"picked":"Feel No Pain+1","floor":28.0},{"not_picked":["Rampage","Second Wind+1"],"picked":"Disarm","floor":29.0},{"not_picked":["Dual Wield","Sever Soul","Power Through"],"picked":"Singing Bowl","floor":30.0},{"not_picked":["Armaments","Reckless Charge","Sword Boomerang"],"picked":"Singing Bowl","floor":31.0},{"not_picked":["Double Tap","Limit Break"],"picked":"Dark Embrace","floor":33.0},{"not_picked":["Rampage","Thunderclap"],"picked":"Rage","floor":34},{"not_picked":["Body Slam","Iron Wave"],"picked":"Flame Barrier","floor":35},{"not_picked":["Carnage+1","Cleave","Clothesline"],"picked":"Singing Bowl","floor":36},{"not_picked":["Clash","Wild Strike","Reckless Charge"],"picked":"Singing Bowl","floor":38},{"not_picked":["Fire Breathing+1","Anger","Reckless Charge+1"],"picked":"Singing Bowl","floor":39},{"not_picked":["Pommel Strike","Reaper","Hemokinesis"],"picked":"Singing Bowl","floor":41},{"not_picked":["Twin Strike","Headbutt+1","Flex+1"],"picked":"Singing Bowl","floor":42},{"not_picked":["Searing Blow+1","Sword Boomerang","Iron Wave"],"picked":"Singing Bowl","floor":46},{"not_picked":["Twin Strike+1","Rupture","Clash"],"picked":"Singing Bowl","floor":47},{"not_picked":["Sword Boomerang","Wild Strike"],"picked":"Headbutt","floor":54}],"player_experience":2091853,"relics_obtained":[{"floor":7.0,"key":"Torii"},{"floor":9.0,"key":"Lantern"},{"floor":10.0,"key":"Shuriken"},{"floor":13.0,"key":"Regal Pillow"},{"floor":20.0,"key":"Mercury Hourglass"},{"floor":24.0,"key":"Kunai"},{"floor":26.0,"key":"Ancient Tea Set"},{"floor":28.0,"key":"Boot"},{"floor":30.0,"key":"Bottled Flame"},{"floor":31.0,"key":"Red Mask"},{"floor":41,"key":"Ornamental Fan"},{"floor":54,"key":"Bronze Scales"}],"event_choices":[{"damage_healed":0.0,"max_hp_gain":0.0,"max_hp_loss":0.0,"gold_gain":0.0,"event_name":"Scrap Ooze","player_choice":"Success","floor":2.0,"gold_loss":0.0,"damage_taken":7.0,"relics_obtained":["Dodecahedron"]},{"damage_healed":0.0,"max_hp_gain":0.0,"max_hp_loss":0.0,"gold_gain":0.0,"event_name":"Shining Light","player_choice":"Entered Light","floor":3.0,"gold_loss":0.0,"damage_taken":15.0,"cards_upgraded":["Strike_R","Defend_R"]},{"damage_healed":0.0,"max_hp_gain":0.0,"max_hp_loss":0.0,"gold_gain":0.0,"event_name":"Living Wall","player_choice":"Grow","floor":12.0,"gold_loss":0.0,"damage_taken":0.0,"cards_upgraded":["Carnage"]},{"damage_healed":0.0,"max_hp_gain":0.0,"max_hp_loss":0.0,"gold_gain":0.0,"event_name":"Addict","player_choice":"Obtained Relic","floor":19.0,"gold_loss":85.0,"damage_taken":0.0,"relics_obtained":["Singing Bowl"]},{"cards_removed":["Strike_R"],"damage_healed":0.0,"max_hp_gain":0.0,"max_hp_loss":0.0,"gold_gain":0.0,"event_name":"Beggar","player_choice":"Gave Gold","floor":22.0,"gold_loss":75.0,"damage_taken":0.0},{"damage_healed":0.0,"max_hp_gain":0.0,"max_hp_loss":0.0,"gold_gain":0.0,"event_name":"Masked Bandits","player_choice":"Fought Bandits","floor":31.0,"gold_loss":0.0,"damage_taken":0.0},{"cards_removed":["Strike_R"],"damage_healed":0,"gold_gain":0,"player_choice":"Upgrade and Remove","damage_taken":0,"max_hp_gain":0,"max_hp_loss":0,"event_name":"Designer","floor":37,"gold_loss":90,"cards_upgraded":["Dark Embrace"]}],"is_beta":false,"boss_relics":[{"not_picked":["Calling Bell","Orrery"],"picked":"Runic Pyramid"},{"not_picked":["White Beast Statue","Pandora\u0027s Box"],"picked":"Tiny House"}],"items_purged_floors":[14,44],"is_endless":false,"potions_floor_spawned":[4,10,18,28,31,33,39,42,47],"killed_by":"The Heart","ascension_level":14}