{"gold_per_floor":[363,363,363,380,399,399,427,441,441,441,458,468,52,70,70,145,145,163,177,177],"floor_reached":20,"playtime":1023,"items_purged":["Decay"],"score":329,"play_id":"796eca92-9966-4c74-85ed-fef6c40b0b7f","local_time":"20180928205619","is_ascension_mode":true,"campfire_choices":[{"data":"Sunder","floor":6.0,"key":"SMITH"},{"data":"Melter","floor":10.0,"key":"SMITH"},{"floor":15.0,"key":"REST"}],"neow_cost":"CURSE","seed_source_timestamp":0,"circlet_count":0,"master_deck":["Strike_B","Strike_B","Strike_B","Strike_B","Defend_B","Defend_B","Defend_B","Defend_B","Zap+1","Dualcast","AscendersBane","Compile Driver+1","Melter+1","Sunder+1","Electrodynamics","Glacier","Auto Shields","Echo Form","Stack","Stack"],"special_seed":0,"relics":["Cracked Core","Kunai","Gremlin Horn","Pantograph","Inserter"],"potions_floor_usage":[20],"damage_taken":[{"damage":4.0,"enemies":"Small Slimes","floor":1.0,"turns":3.0},{"damage":0.0,"enemies":"Cultist","floor":4.0,"turns":3.0},{"damage":9.0,"enemies":"2 Louse","floor":5.0,"turns":2.0},{"damage":24.0,"enemies":"3 Sentries","floor":7.0,"turns":6.0},{"damage":2.0,"enemies":"Large Slime","floor":8.0,"turns":4.0},{"damage":5.0,"enemies":"Blue Slaver","floor":11.0,"turns":3.0},{"damage":15.0,"enemies":"Lots of Slimes","floor":12.0,"turns":2.0},{"damage":0.0,"enemies":"Gremlin Gang","floor":14.0,"turns":1.0},{"damage":19.0,"enemies":"The Guardian","floor":16.0,"turns":12.0},{"damage":17,"enemies":"3 Byrds","floor":18,"turns":3},{"damage":33,"enemies":"Shell Parasite","floor":19,"turns":5},{"damage":14,"enemies":"Shelled Parasite and Fungi","floor":20,"turns":2}],"seed_played":"-815270492042093317","potions_obtained":[{"floor":1.0,"key":"Strength Potion"},{"floor":5.0,"key":"Dexterity Potion"},{"floor":19,"key":"FocusPotion"}],"is_trial":false,"path_per_floor":["M","?","?","M","M","R","E","M","T","R","M","M","$","M","R","B",null,"M","M"],"character_chosen":"DEFECT","items_purchased":["Pantograph","Auto Shields"],"campfire_rested":1,"item_purchase_floors":[13,13],"current_hp_per_floor":[60,60,60,60,51,51,27,25,25,25,20,5,5,5,26,32,61,44,11,0],"gold":177,"neow_bonus":"TWO_FIFTY_GOLD","is_prod":false,"is_daily":false,"chose_seed":false,"campfire_upgraded":2,"win_rate":0,"timestamp":1538182579,"path_taken":["M","?","?","M","?","R","E","M","T","R","?","M","$","M","R","BOSS","M","M","M"],"build_version":"2018-09-27","purchased_purges":1,"victory":false,"max_hp_per_floor":[71,71,71,71,71,71,71,71,71,71,71,71,71,71,71,71,71,71,71,71],"card_choices":[{"not_picked":["Streamline","Double Energy"],"picked":"Compile Driver","floor":1.0},{"not_picked":["Static Discharge","Beam Cell"],"picked":"Melter","floor":4.0},{"not_picked":["Double Energy","Barrage"],"picked":"Sunder","floor":5.0},{"not_picked":["Static Discharge","Coolheaded","Redo"],"picked":"SKIP","floor":7.0},{"not_picked":["Streamline","Gash","White Noise"],"picked":"SKIP","floor":8.0},{"not_picked":["Steam","Compile Driver"],"picked":"Electrodynamics","floor":11.0},{"not_picked":["Ball Lightning","Hologram"],"picked":"Glacier","floor":12.0},{"not_picked":["Coolheaded","Redo","Beam Cell"],"picked":"SKIP","floor":14.0},{"not_picked":["Rainbow","Buffer"],"picked":"Echo Form","floor":16.0},{"not_picked":["Streamline","Rebound"],"picked":"Stack","floor":18},{"not_picked":["Hologram","Double Energy"],"picked":"Stack","floor":19}],"player_experience":647402,"relics_obtained":[{"floor":7.0,"key":"Kunai"},{"floor":9.0,"key":"Gremlin Horn"}],"event_choices":[{"event_name":"Accursed Blacksmith","player_choice":"Forge","floor":2.0,"damage_taken":0.0},{"event_name":"Living Wall","player_choice":"Grow","floor":3.0,"damage_taken":0.0}],"is_beta":false,"boss_relics":[{"not_picked":["Runic Dome","Pandora\u0027s Box"],"picked":"Inserter"}],"items_purged_floors":[13],"is_endless":false,"potions_floor_spawned":[1,5,11,14,19],"killed_by":"Shelled Parasite and Fungi","ascension_level":17}