{"gold_per_floor":[114,125,300,250,267,267,302,302,302,337,337,354,354,366,366,471,471,486,486,486,502,171,171],"floor_reached":23,"playtime":1079,"items_purged":["Strike_G"],"score":249,"play_id":"3f1fc9b3-7363-41cd-a7e2-17a0bfc99c7c","local_time":"20190409220118","is_ascension_mode":true,"campfire_choices":[{"data":"Caltrops","floor":6,"key":"SMITH"},{"floor":11,"key":"REST"},{"floor":13,"key":"REST"},{"floor":15,"key":"REST"}],"neow_cost":"NONE","seed_source_timestamp":50884714587065,"circlet_count":0,"master_deck":["Defend_G","Defend_G","Defend_G","Defend_G","Defend_G","Strike_G","Strike_G","Strike_G","Strike_G","Survivor","Neutralize","Caltrops+1","Blade Dance","Blur","Die Die Die","Dagger Spray","Deflect","Leg Sweep","Riddle With Holes","Quick Slash","Glass Knife","Outmaneuver","Dash","Unload","All Out Attack","Dagger Spray","Outmaneuver"],"relics":["Ring of the Serpent","NeowsBlessing","Prayer Wheel","Ornamental Fan","Torii","Nloth\u0027s Gift","Orichalcum"],"potions_floor_usage":[16,21,23],"damage_taken":[{"damage":0,"enemies":"Jaw Worm","floor":1,"turns":1},{"damage":0,"enemies":"Small Slimes","floor":2,"turns":1},{"damage":0,"enemies":"2 Louse","floor":5,"turns":1},{"damage":49,"enemies":"Lagavulin","floor":7,"turns":9},{"damage":30,"enemies":"Gremlin Nob","floor":10,"turns":5},{"damage":12,"enemies":"Lots of Slimes","floor":12,"turns":2},{"damage":0,"enemies":"2 Fungi Beasts","floor":14,"turns":3},{"damage":27,"enemies":"The Guardian","floor":16,"turns":18},{"damage":15,"enemies":"Chosen","floor":18,"turns":6},{"damage":11,"enemies":"Shell Parasite","floor":21,"turns":11},{"damage":25,"enemies":"Book of Stabbing","floor":23,"turns":4}],"seed_played":"7905274714890984000","potions_obtained":[{"floor":1,"key":"Strength Potion"},{"floor":5,"key":"FairyPotion"},{"floor":12,"key":"Block Potion"},{"floor":16,"key":"Swift Potion"},{"floor":18,"key":"PowerPotion"}],"is_trial":false,"path_per_floor":["M","M","?","?","M","R","E","?","T","E","R","M","R","M","R","B",null,"M","?","?","M","$","E"],"character_chosen":"THE_SILENT","items_purchased":["Orichalcum","Dagger Spray","Outmaneuver"],"campfire_rested":3,"item_purchase_floors":[22,22,22],"current_hp_per_floor":[70,70,70,70,70,70,21,21,21,1,22,10,31,31,52,25,59,44,31,31,20,20,0],"gold":171,"neow_bonus":"THREE_ENEMY_KILL","is_prod":false,"is_daily":false,"chose_seed":false,"campfire_upgraded":1,"win_rate":0,"timestamp":1554865278,"path_taken":["M","M","?","?","M","R","E","?","T","E","R","M","R","?","R","BOSS","M","?","?","M","$","E"],"build_version":"2019-01-23","purchased_purges":1,"victory":false,"max_hp_per_floor":[70,70,70,70,70,70,70,70,70,70,70,70,70,70,70,70,70,70,75,75,75,75,75],"card_choices":[{"not_picked":["Leg Sweep","Riddle With Holes"],"picked":"Caltrops","floor":1},{"not_picked":["Dodge and Roll","Dagger Spray"],"picked":"Blade Dance","floor":2},{"not_picked":["Slice","Dagger Throw"],"picked":"Blur","floor":5},{"not_picked":["Expertise","Flying Knee"],"picked":"Die Die Die","floor":7},{"not_picked":["Expertise","Deflect"],"picked":"Dagger Spray","floor":10},{"not_picked":["Dodge and Roll","Deadly Poison"],"picked":"Deflect","floor":12},{"not_picked":["Well Laid Plans","Dodge and Roll"],"picked":"Leg Sweep","floor":12},{"not_picked":["Catalyst","All Out Attack"],"picked":"Riddle With Holes","floor":14},{"not_picked":["Doppelganger","Tactician"],"picked":"Quick Slash","floor":14},{"not_picked":["Burst","Grand Finale"],"picked":"Glass Knife","floor":16},{"not_picked":["Catalyst","Bane"],"picked":"Outmaneuver","floor":18},{"not_picked":["Backflip+1","PiercingWail"],"picked":"Dash","floor":18},{"not_picked":["Blade Dance","Heel Hook"],"picked":"Unload","floor":21},{"not_picked":["Prepared","PiercingWail"],"picked":"All Out Attack","floor":21}],"player_experience":806610,"relics_obtained":[{"floor":7,"key":"Prayer Wheel"},{"floor":9,"key":"Ornamental Fan"},{"floor":10,"key":"Torii"}],"event_choices":[{"damage_healed":0,"gold_gain":175,"player_choice":"AGREE","damage_taken":0,"max_hp_gain":0,"max_hp_loss":0,"event_name":"Liars Game","floor":3,"gold_loss":0,"cards_obtained":["Doubt"]},{"cards_removed":["Doubt"],"damage_healed":0,"gold_gain":0,"player_choice":"Card Removal","damage_taken":0,"max_hp_gain":0,"max_hp_loss":0,"event_name":"The Cleric","floor":4,"gold_loss":50},{"damage_healed":0,"gold_gain":0,"player_choice":"Trade","damage_taken":0,"relics_obtained":["CultistMask"],"max_hp_gain":0,"max_hp_loss":0,"event_name":"FaceTrader","floor":8,"gold_loss":0},{"damage_healed":0,"gold_gain":0,"player_choice":"Shed Blood","damage_taken":18,"max_hp_gain":5,"max_hp_loss":0,"event_name":"Forgotten Altar","floor":19,"gold_loss":0},{"damage_healed":0,"gold_gain":0,"player_choice":"Traded Relic","damage_taken":0,"relics_obtained":["Nloth\u0027s Gift"],"max_hp_gain":0,"max_hp_loss":0,"event_name":"N\u0027loth","floor":20,"relics_lost":["CultistMask"],"gold_loss":0}],"is_beta":false,"boss_relics":[{"not_picked":["Eternal Feather","White Beast Statue"],"picked":"Ring of the Serpent"}],"items_purged_floors":[22],"is_endless":false,"potions_floor_spawned":[1,5,12,16,18],"killed_by":"Book of Stabbing","ascension_level":5}