{"gold_per_floor":[211,211,136,146,79,95,107,107,186,219,239,239,267,267,267,365,365,390,390,305,205,205,205,218,258,258,258,258,291,9,30,30,128,128,152,152,152,485,502,529,547,231,282,282,282,103,103,132,132,132,132,132,57,87,87],"floor_reached":56,"playtime":2333,"items_purged":["Decay","Strike_R","Strike_R+1","Strike_R+1"],"score":2048,"play_id":"59d14d6d-c004-465a-9c1c-cb025bc293b5","local_time":"20190331001155","is_ascension_mode":true,"campfire_choices":[{"data":"Whirlwind","floor":8.0,"key":"SMITH"},{"data":"Sword Boomerang","floor":12.0,"key":"SMITH"},{"data":"Inflame","floor":15.0,"key":"SMITH"},{"data":"Feed","floor":23.0,"key":"SMITH"},{"data":"Limit Break","floor":28.0,"key":"SMITH"},{"data":"Evolve","floor":32.0,"key":"SMITH"},{"data":"Secret Technique","floor":45.0,"key":"SMITH"},{"data":"Secret Technique","floor":47.0,"key":"SMITH"},{"floor":49.0,"key":"RECALL"},{"data":"Impervious","floor":52.0,"key":"SMITH"}],"neow_cost":"NONE","seed_source_timestamp":71689204623500,"circlet_count":0,"master_deck":["AscendersBane","Strike_R+1","Strike_R+1","Defend_R+1","Defend_R+1","Defend_R+1","Defend_R+1","Bash+1","Whirlwind+1","Spot Weakness","Power Through","Shrug It Off","Sword Boomerang+1","Impervious+1","Inflame+1","Feed+1","Battle Trance","Evolve+1","Limit Break+1","Power Through","Limit Break","Body Slam+1","Secret Technique+1","Decay","Secret Technique+1","Intimidate+1","Disarm+1"],"special_seed":0,"relics":["Burning Blood","PreservedInsect","Odd Mushroom","Centennial Puzzle","Coffee Dripper","Shuriken","Ornamental Fan","Mummified Hand","Blue Candle","Vajra","Cursed Key","Pear","Pen Nib","Whetstone","Orichalcum"],"potions_floor_usage":[55,55],"damage_taken":[{"damage":7.0,"enemies":"Small Slimes","floor":1.0,"turns":4.0},{"damage":5.0,"enemies":"Cultist","floor":4.0,"turns":5.0},{"damage":2.0,"enemies":"Jaw Worm","floor":6.0,"turns":4.0},{"damage":12.0,"enemies":"2 Fungi Beasts","floor":7.0,"turns":5.0},{"damage":19.0,"enemies":"Gremlin Nob","floor":10.0,"turns":4.0},{"damage":7.0,"enemies":"The Mushroom Lair","floor":11.0,"turns":2.0},{"damage":27.0,"enemies":"Lagavulin","floor":13.0,"turns":6.0},{"damage":23.0,"enemies":"Hexaghost","floor":16.0,"turns":8.0},{"damage":7.0,"enemies":"3 Byrds","floor":18.0,"turns":6.0},{"damage":15.0,"enemies":"Colosseum Slavers","floor":19.0,"turns":5.0},{"damage":5.0,"enemies":"Shell Parasite","floor":24.0,"turns":7.0},{"damage":25.0,"enemies":"Slavers","floor":25.0,"turns":5.0},{"damage":6.0,"enemies":"Gremlin Leader","floor":29.0,"turns":4.0},{"damage":4.0,"enemies":"Cultist and Chosen","floor":31.0,"turns":3.0},{"damage":21.0,"enemies":"Champ","floor":33.0,"turns":10.0},{"damage":1.0,"enemies":"3 Darklings","floor":35.0,"turns":3.0},{"damage":5.0,"enemies":"3 Shapes","floor":39.0,"turns":4.0},{"damage":18.0,"enemies":"Giant Head","floor":40.0,"turns":5.0},{"damage":25.0,"enemies":"Spire Growth","floor":41.0,"turns":6.0},{"damage":0.0,"enemies":"Reptomancer","floor":48.0,"turns":3.0},{"damage":52.0,"enemies":"Donu and Deca","floor":50.0,"turns":7.0},{"damage":16.0,"enemies":"Shield and Spear","floor":54.0,"turns":5.0},{"damage":61,"enemies":"The Heart","floor":55,"turns":8}],"seed_played":"8941441125656882287","potions_obtained":[{"floor":1.0,"key":"Poison Potion"},{"floor":6.0,"key":"Explosive Potion"},{"floor":10.0,"key":"BloodPotion"},{"floor":13.0,"key":"Swift Potion"},{"floor":18.0,"key":"Regen Potion"},{"floor":40.0,"key":"SteroidPotion"},{"floor":48.0,"key":"Dexterity Potion"}],"is_trial":false,"path_per_floor":["M","?","$","M","$","M","M","R","T","E","?","R","E","?","R","B",null,"M","?","?","$","?","R","M","E","T","?","R","E","$","M","R","B",null,"M","?","$","?","M","E","M","$","T","$","R","$","R","E","R","B",null,"R","$","E","B",null],"character_chosen":"IRONCLAD","items_purchased":["Power Through","Vajra","Secret Technique","Secret Technique","GamblersBrew"],"campfire_rested":0,"item_purchase_floors":[5,30,42,46,53],"current_hp_per_floor":[67,67,67,68,68,72,66,66,66,53,52,52,31,31,31,14,55,57,48,48,48,48,48,53,52,52,52,52,52,52,58,58,43,73,78,78,78,78,83,85,66,66,66,66,66,66,66,72,72,30,86,86,86,76,21],"gold":87,"neow_bonus":"HUNDRED_GOLD","is_prod":false,"is_daily":false,"chose_seed":false,"campfire_upgraded":9,"win_rate":0,"timestamp":1554016315,"path_taken":["M","?","$","?","?","M","M","R","T","E","?","R","E","?","R","BOSS","M","?","?","$","?","R","M","E","T","?","R","E","$","M","R","BOSS","M","?","?","?","M","E","M","$","T","$","R","$","R","E","R","BOSS","R","$","E","BOSS"],"build_version":"2019-01-23","purchased_purges":4,"victory":true,"max_hp_per_floor":[75,75,75,75,75,75,75,75,75,75,75,75,75,68,68,68,68,71,71,71,71,71,71,75,79,79,79,79,79,79,83,83,83,83,83,83,83,83,87,101,101,101,101,101,101,101,101,101,101,105,105,105,105,105,105],"card_choices":[{"not_picked":["Battle Trance","Body Slam"],"picked":"Whirlwind","floor":1.0},{"not_picked":["Sever Soul","Twin Strike"],"picked":"Spot Weakness","floor":4.0},{"not_picked":["Power Through","Fire Breathing"],"picked":"Shrug It Off","floor":6.0},{"not_picked":["Reckless Charge","Armaments"],"picked":"Sword Boomerang","floor":7.0},{"not_picked":["Twin Strike","Carnage"],"picked":"Impervious","floor":10.0},{"not_picked":["Sword Boomerang","Shrug It Off"],"picked":"Inflame","floor":13.0},{"not_picked":["Juggernaut","Exhume"],"picked":"Feed","floor":16.0},{"not_picked":["Clash","Iron Wave"],"picked":"Battle Trance","floor":18.0},{"not_picked":["Battle Trance","Clothesline"],"picked":"Evolve","floor":24.0},{"not_picked":["Armaments","Feel No Pain"],"picked":"Limit Break","floor":25.0},{"not_picked":["Dropkick","Rage+1","Sever Soul"],"picked":"SKIP","floor":29.0},{"not_picked":["Anger","Havoc"],"picked":"Power Through","floor":31.0},{"not_picked":["Berserk","Exhume"],"picked":"Limit Break","floor":33.0},{"not_picked":["Warcry","Flex","Wild Strike"],"picked":"SKIP","floor":35.0},{"not_picked":["Perfected Strike+1","Armaments","Headbutt+1"],"picked":"SKIP","floor":39.0},{"not_picked":["Sentinel","Immolate","Flex"],"picked":"SKIP","floor":40.0},{"not_picked":["Sentinel","Immolate","Flex"],"picked":"SKIP","floor":40.0},{"not_picked":["Sentinel","Body Slam","Thunderclap+1"],"picked":"SKIP","floor":41.0},{"not_picked":["Sentinel","Thunderclap+1"],"picked":"Body Slam","floor":41.0},{"not_picked":["Headbutt","Thunderclap"],"picked":"Intimidate+1","floor":48.0},{"not_picked":["Anger","Battle Trance+1"],"picked":"Disarm+1","floor":54.0}],"player_experience":456227,"relics_obtained":[{"floor":10.0,"key":"PreservedInsect"},{"floor":11.0,"key":"Odd Mushroom"},{"floor":13.0,"key":"Centennial Puzzle"},{"floor":25.0,"key":"Ornamental Fan"},{"floor":26.0,"key":"Mummified Hand"},{"floor":29.0,"key":"Blue Candle"},{"floor":40.0,"key":"Pear"},{"floor":43.0,"key":"Pen Nib"},{"floor":48.0,"key":"Whetstone"},{"floor":54.0,"key":"Orichalcum"}],"event_choices":[{"damage_healed":0.0,"max_hp_gain":0.0,"max_hp_loss":0.0,"gold_gain":0.0,"event_name":"Wheel of Change","player_choice":"Cursed","floor":2.0,"gold_loss":0.0,"damage_taken":0.0,"cards_obtained":["Decay"]},{"damage_healed":0.0,"max_hp_gain":0.0,"max_hp_loss":0.0,"gold_gain":0.0,"event_name":"Mushrooms","player_choice":"Fought Mushrooms","floor":11.0,"gold_loss":0.0,"damage_taken":0.0},{"damage_healed":0.0,"max_hp_gain":0.0,"max_hp_loss":7.0,"gold_gain":0.0,"event_name":"Golden Idol","player_choice":"Lose Max HP","floor":14.0,"gold_loss":0.0,"damage_taken":0.0,"relics_obtained":["Golden Idol"]},{"damage_healed":0.0,"max_hp_gain":0.0,"max_hp_loss":0.0,"gold_gain":0.0,"event_name":"Colosseum","player_choice":"Fight","floor":19.0,"gold_loss":0.0,"damage_taken":0.0},{"damage_healed":0.0,"max_hp_gain":0.0,"max_hp_loss":0.0,"gold_gain":0.0,"event_name":"Colosseum","player_choice":"Fled From Nobs","floor":19.0,"gold_loss":0.0,"damage_taken":0.0},{"damage_healed":0.0,"max_hp_gain":0.0,"max_hp_loss":0.0,"gold_gain":0.0,"event_name":"Addict","player_choice":"Obtained Relic","floor":20.0,"gold_loss":85.0,"damage_taken":0.0,"relics_obtained":["Shuriken"]},{"damage_healed":0.0,"max_hp_gain":0.0,"max_hp_loss":0.0,"gold_gain":0.0,"event_name":"Vampires","player_choice":"Ignored","floor":22.0,"gold_loss":0.0,"damage_taken":0.0},{"damage_healed":0.0,"max_hp_gain":0.0,"max_hp_loss":0.0,"gold_gain":0.0,"event_name":"Back to Basics","player_choice":"Simplicity","floor":27.0,"gold_loss":0.0,"damage_taken":0.0,"cards_upgraded":["Strike_R","Strike_R","Strike_R","Strike_R","Defend_R","Defend_R","Defend_R","Defend_R"]},{"damage_healed":0.0,"max_hp_gain":0.0,"max_hp_loss":0.0,"gold_gain":0.0,"event_name":"Match and Keep!","player_choice":"0 cards matched","floor":36.0,"gold_loss":0.0,"damage_taken":0.0,"cards_obtained":[]},{"damage_healed":0.0,"max_hp_gain":0.0,"max_hp_loss":0.0,"gold_gain":333.0,"event_name":"The Moai Head","player_choice":"Gave Idol","floor":38.0,"relics_lost":["Golden Idol"],"gold_loss":0.0,"damage_taken":0.0}],"is_beta":false,"boss_relics":[{"not_picked":["Sozu","Snecko Eye"],"picked":"Coffee Dripper"},{"not_picked":["Mark of Pain","Empty Cage"],"picked":"Cursed Key"}],"items_purged_floors":[3,21,30,42],"is_endless":false,"potions_floor_spawned":[1,6,10,13,18,40,48,54],"ascension_level":15}