{"gold_per_floor":[117,128,128,128,146,146,190,190,217,242,280,274,335,510,510,636,699,678,678,603,603,627,627,627,646,646,168,194,206,63,63],"floor_reached":31,"playtime":2292,"items_purged":["Strike_G"],"score":301,"play_id":"50356223-a289-48cf-a3ef-ee712e65dfee","local_time":"20190115222137","is_ascension_mode":true,"campfire_choices":[{"data":"Footwork","floor":6,"key":"SMITH"},{"data":"Blur","floor":8,"key":"SMITH"},{"data":"Riddle With Holes","floor":15,"key":"SMITH"},{"data":"Footwork","floor":23,"key":"SMITH"},{"floor":29,"key":"REST"}],"neow_cost":"NONE","seed_source_timestamp":50638256704901,"circlet_count":0,"master_deck":["Defend_G","Defend_G+1","Defend_G","Defend_G","Defend_G+1","Strike_G","Strike_G","Strike_G","Strike_G+1","Survivor","Neutralize","Masterful Stab","Endless Agony","Footwork+1","Blur+1","Outmaneuver","Riddle With Holes+1","Escape Plan","Night Terror+1","Footwork+1","Acrobatics","Masterful Stab","Footwork","Apotheosis","Dagger Spray"],"relics":["Ring of the Snake","NeowsBlessing","Golden Idol","Centennial Puzzle","Juzu Bracelet","Tiny House","Enchiridion","Nloth\u0027s Gift","The Courier","Letter Opener","MawBank","Oddly Smooth Stone"],"potions_floor_usage":[16,16,18,22,25],"damage_taken":[{"damage":0,"enemies":"2 Louse","floor":1,"turns":1},{"damage":0,"enemies":"Cultist","floor":2,"turns":1},{"damage":0,"enemies":"Small Slimes","floor":5,"turns":1},{"damage":13,"enemies":"Lagavulin","floor":7,"turns":8},{"damage":0,"enemies":"Looter","floor":10,"turns":4},{"damage":11,"enemies":"Gremlin Nob","floor":11,"turns":5},{"damage":0,"enemies":"Exordium Thugs","floor":12,"turns":4},{"damage":13,"enemies":"Slime Boss","floor":16,"turns":17},{"damage":4,"enemies":"2 Thieves","floor":18,"turns":5},{"damage":11,"enemies":"3 Byrds","floor":22,"turns":11},{"damage":22,"enemies":"Sentry and Sphere","floor":25,"turns":8},{"damage":49,"enemies":"Chosen and Byrds","floor":31,"turns":8}],"seed_played":"-4063695913898935351","potions_obtained":[{"floor":2,"key":"Energy Potion"},{"floor":5,"key":"Explosive Potion"},{"floor":10,"key":"PowerPotion"},{"floor":12,"key":"GhostInAJar"},{"floor":16,"key":"Block Potion"},{"floor":17,"key":"GhostInAJar"},{"floor":25,"key":"Strength Potion"}],"is_trial":false,"path_per_floor":["M","M","?","?","M","R","E","R","T","M","E","M","?","?","R","B",null,"M","?","?","?","M","R","?","M","T","$","T","R","$","M"],"character_chosen":"THE_SILENT","items_purchased":["Footwork","Apotheosis","Letter Opener","Oddly Smooth Stone","Dagger Spray"],"campfire_rested":1,"item_purchase_floors":[27,27,27,30,30],"current_hp_per_floor":[70,70,70,70,70,70,57,57,57,57,46,46,46,46,46,33,66,62,46,46,46,35,35,35,13,13,13,13,35,35,0],"gold":63,"neow_bonus":"THREE_ENEMY_KILL","is_prod":false,"is_daily":false,"chose_seed":false,"campfire_upgraded":4,"win_rate":0,"timestamp":1547612497,"path_taken":["M","M","?","?","M","R","E","R","T","?","E","M","?","?","R","BOSS","M","?","?","?","M","R","?","M","T","$","?","R","$","M"],"build_version":"2019-01-10","purchased_purges":1,"victory":false,"max_hp_per_floor":[70,70,70,70,70,70,70,70,70,70,70,70,70,70,70,70,75,75,75,75,75,75,75,75,75,75,75,75,75,75,75],"card_choices":[{"not_picked":["Outmaneuver","PiercingWail"],"picked":"Masterful Stab","floor":1},{"not_picked":["Prepared","Catalyst"],"picked":"Endless Agony","floor":2},{"not_picked":["Distraction","Prepared"],"picked":"Footwork","floor":5},{"not_picked":["Flying Knee","Bane"],"picked":"Blur","floor":7},{"not_picked":["Acrobatics","Deadly Poison"],"picked":"Outmaneuver","floor":10},{"not_picked":["Venomology","Flying Knee"],"picked":"Riddle With Holes","floor":11},{"not_picked":["Dash","Backflip"],"picked":"Escape Plan","floor":12},{"not_picked":["Envenom","Grand Finale"],"picked":"Night Terror","floor":16},{"not_picked":["Dagger Throw","Blur"],"picked":"Footwork","floor":17},{"not_picked":["Bouncing Flask","Poisoned Stab","Underhanded Strike+1"],"picked":"SKIP","floor":18},{"not_picked":["Catalyst","Sucker Punch"],"picked":"Acrobatics","floor":22},{"not_picked":["Deflect+1","Catalyst"],"picked":"Masterful Stab","floor":25}],"player_experience":699805,"relics_obtained":[{"floor":7,"key":"War Paint"},{"floor":9,"key":"Centennial Puzzle"},{"floor":11,"key":"Juzu Bracelet"},{"floor":19,"key":"Enchiridion"},{"floor":26,"key":"The Courier"},{"floor":28,"key":"MawBank"}],"event_choices":[{"damage_healed":0,"gold_gain":0,"player_choice":"Take Wound","damage_taken":0,"relics_obtained":["Golden Idol"],"max_hp_gain":0,"max_hp_loss":0,"event_name":"Golden Idol","floor":3,"gold_loss":0,"cards_obtained":["Injury"]},{"cards_removed":["Injury"],"damage_healed":0,"gold_gain":0,"player_choice":"Purged","damage_taken":0,"max_hp_gain":0,"max_hp_loss":0,"event_name":"Purifier","floor":4,"gold_loss":0},{"damage_healed":0,"gold_gain":61,"player_choice":"Gained Gold","damage_taken":0,"max_hp_gain":0,"max_hp_loss":0,"event_name":"Golden Wing","floor":13,"gold_loss":0},{"damage_healed":0,"gold_gain":175,"player_choice":"AGREE","damage_taken":0,"max_hp_gain":0,"max_hp_loss":0,"event_name":"Liars Game","floor":14,"gold_loss":0,"cards_obtained":["Doubt"]},{"damage_healed":0,"gold_gain":0,"player_choice":"Obtained Book","damage_taken":16,"max_hp_gain":0,"max_hp_loss":0,"event_name":"Cursed Tome","floor":19,"gold_loss":0},{"cards_removed":["Doubt"],"damage_healed":0,"gold_gain":0,"player_choice":"Gave Gold","damage_taken":0,"max_hp_gain":0,"max_hp_loss":0,"event_name":"Beggar","floor":20,"gold_loss":75},{"damage_healed":0,"gold_gain":0,"player_choice":"Traded Relic","damage_taken":0,"relics_obtained":["Nloth\u0027s Gift"],"max_hp_gain":0,"max_hp_loss":0,"event_name":"N\u0027loth","floor":21,"relics_lost":["War Paint"],"gold_loss":0},{"damage_healed":0,"gold_gain":0,"player_choice":"Forge","damage_taken":0,"max_hp_gain":0,"max_hp_loss":0,"event_name":"Accursed Blacksmith","floor":24,"gold_loss":0,"cards_upgraded":["Night Terror"]}],"is_beta":false,"boss_relics":[{"not_picked":["WristBlade","Lizard Tail"],"picked":"Tiny House"}],"items_purged_floors":[27],"is_endless":false,"potions_floor_spawned":[2,5,10,12,16,25],"killed_by":"Chosen and Byrds","ascension_level":5}