{"gold_per_floor":[111,129,144,156,175,203,203,234,261,272,283,19,19,60,60,156,156,180,21,37,55,55,55,80,113,169,15,15,15,15],"floor_reached":30,"playtime":2025,"items_purged":["Strike_B"],"score":547,"play_id":"ada6a442-9399-4d8f-9026-09fc1e9392ae","local_time":"20180819224753","is_ascension_mode":true,"campfire_choices":[{"data":"Sunder","floor":7.0,"key":"SMITH"},{"data":"Defragment","floor":15,"key":"SMITH"},{"data":"Machine Learning","floor":23,"key":"SMITH"},{"data":"Reinforced Body","floor":28,"key":"SMITH"}],"neow_cost":"NONE","seed_source_timestamp":232236973021640,"circlet_count":0,"master_deck":["Strike_B+1","Strike_B+1","Strike_B+1","Defend_B+1","Defend_B+1","Defend_B+1","Defend_B+1","Zap","Dualcast","AscendersBane","Compile Driver+1","Defragment+1","Sunder+1","Genetic Algorithm","Reinforced Body+1","Go for the Eyes","Stack+1","Compile Driver","White Noise+1","Ball Lightning","Cold Snap+1","Machine Learning+1","Force Field+1","Genetic Algorithm+1","Tempest+1","Doom and Gloom","Loop+1","Conserve Battery+1","Glacier+1","Self Repair"],"special_seed":0,"relics":["Cracked Core","Toxic Egg 2","Unceasing Top","Strawberry","Runic Capacitor","Golden Idol","Art of War","Inserter","Whetstone","Tiny Chest"],"potions_floor_usage":[14,18,21,25],"damage_taken":[{"damage":5.0,"enemies":"Cultist","floor":1.0,"turns":4.0},{"damage":1.0,"enemies":"2 Louse","floor":2.0,"turns":2.0},{"damage":0.0,"enemies":"Small Slimes","floor":3.0,"turns":2.0},{"damage":6.0,"enemies":"Looter","floor":4.0,"turns":4.0},{"damage":6.0,"enemies":"Exordium Wildlife","floor":5.0,"turns":5.0},{"damage":17.0,"enemies":"Lagavulin","floor":6.0,"turns":8.0},{"damage":12.0,"enemies":"Gremlin Nob","floor":8.0,"turns":3.0},{"damage":0.0,"enemies":"2 Fungi Beasts","floor":10.0,"turns":2.0},{"damage":0.0,"enemies":"Red Slaver","floor":11.0,"turns":3.0},{"damage":15,"enemies":"Lagavulin","floor":14,"turns":7},{"damage":0,"enemies":"Slime Boss","floor":16,"turns":7},{"damage":5,"enemies":"Spheric Guardian","floor":18,"turns":4},{"damage":16,"enemies":"3 Byrds","floor":20,"turns":4},{"damage":3,"enemies":"Snecko","floor":21,"turns":5},{"damage":0,"enemies":"Centurion and Healer","floor":24,"turns":8},{"damage":16,"enemies":"Book of Stabbing","floor":25,"turns":6},{"damage":46,"enemies":"Slavers","floor":30,"turns":4}],"seed_played":"-5955948953680764446","potions_obtained":[{"floor":1.0,"key":"Dexterity Potion"},{"floor":4.0,"key":"Regen Potion"},{"floor":6.0,"key":"Energy Potion"},{"floor":11.0,"key":"SpeedPotion"},{"floor":16,"key":"Block Potion"},{"floor":25,"key":"SteroidPotion"}],"is_trial":false,"path_per_floor":["M","M","M","M","M","E","R","E","T","M","M","$","?","E","R","B",null,"M","$","M","M","?","R","M","E","T","$","R","?"],"character_chosen":"DEFECT","items_purchased":["Runic Capacitor","Ball Lightning","Dexterity Potion","Genetic Algorithm+1","Weak Potion","Glacier+1","Self Repair","Energy Potion"],"campfire_rested":0,"item_purchase_floors":[12,12,12,19,19,27,27,27],"current_hp_per_floor":[59,58,58,52,60,43,43,31,38,38,38,38,38,30,30,30,62,57,57,41,38,62,62,62,46,46,46,46,46,0],"gold":15,"neow_bonus":"THREE_CARDS","is_prod":false,"is_daily":false,"chose_seed":false,"campfire_upgraded":4,"win_rate":0,"timestamp":1534744073,"path_taken":["M","M","M","?","M","E","R","E","T","?","?","$","?","E","R","BOSS","M","$","M","M","?","R","M","E","T","$","R","?","E"],"build_version":"2018-08-16","purchased_purges":1,"victory":false,"max_hp_per_floor":[71,71,71,71,71,71,71,71,78,78,78,78,72,72,72,72,72,72,72,72,72,72,72,72,72,72,72,72,72,72],"card_choices":[{"not_picked":["Steam","Coolheaded"],"picked":"Compile Driver","floor":0.0},{"not_picked":["Static Discharge","Rebound"],"picked":"Defragment","floor":1.0},{"not_picked":["Sweeping Beam","Doom and Gloom"],"picked":"Sunder","floor":2.0},{"not_picked":["Self Repair","Undo"],"picked":"Genetic Algorithm","floor":3.0},{"not_picked":["Loop","Coolheaded"],"picked":"Reinforced Body","floor":4.0},{"not_picked":["Turbo","Hologram","Coolheaded"],"picked":"SKIP","floor":5.0},{"not_picked":["Streamline","Rebound"],"picked":"Go for the Eyes","floor":6.0},{"not_picked":["Skim+1","Multi-Cast+1"],"picked":"Stack+1","floor":8.0},{"not_picked":["Melter","Leap+1"],"picked":"Compile Driver","floor":10.0},{"not_picked":["Skim+1","Hello World"],"picked":"White Noise+1","floor":11.0},{"not_picked":["Capacitor","Streamline"],"picked":"Cold Snap","floor":14},{"not_picked":["Amplify+1","Reboot+1"],"picked":"Machine Learning","floor":16},{"not_picked":["Beam Cell","Go for the Eyes"],"picked":"Force Field+1","floor":18},{"not_picked":["Rebound","Defragment"],"picked":"Tempest+1","floor":20},{"not_picked":["Ball Lightning","Gash"],"picked":"Doom and Gloom","floor":21},{"not_picked":["Ball Lightning","Sunder"],"picked":"Loop+1","floor":24},{"not_picked":["Hello World+1","Barrage"],"picked":"Conserve Battery+1","floor":25}],"player_experience":534343,"relics_obtained":[{"floor":6.0,"key":"Toxic Egg 2"},{"floor":8.0,"key":"Unceasing Top"},{"floor":9.0,"key":"Strawberry"},{"floor":14,"key":"Art of War"},{"floor":25,"key":"Whetstone"},{"floor":26,"key":"Tiny Chest"}],"event_choices":[{"event_name":"Golden Idol","player_choice":"Lose Max HP","floor":13.0,"damage_taken":0.0},{"event_name":"The Library","player_choice":"Heal","floor":22,"damage_taken":0},{"event_name":"Back to Basics","player_choice":"Simplicity","floor":29,"damage_taken":0}],"is_beta":false,"boss_relics":[{"not_picked":["Lizard Tail","Snecko Eye"],"picked":"Inserter"}],"items_purged_floors":[19],"is_endless":false,"potions_floor_spawned":[1,4,6,11,16,20,25],"killed_by":"Slavers","ascension_level":14}