{"gold_per_floor":[114,114,41,61,236,270,270,289,314,82,82,96,123,133,133,231,231,214,214,224,242,242,242],"floor_reached":23,"playtime":1834,"items_purged":["Strike_G"],"score":261,"play_id":"415cb2c1-2d78-445d-83db-5832dc4561ea","local_time":"20180803134828","is_ascension_mode":true,"campfire_choices":[{"data":"Neutralize","floor":7,"key":"SMITH"},{"data":"Predator","floor":11,"key":"SMITH"},{"data":"PiercingWail","floor":15,"key":"SMITH"}],"neow_cost":"NONE","seed_source_timestamp":956101791958272,"circlet_count":0,"master_deck":["Defend_G","Defend_G+1","Defend_G","Defend_G","Defend_G","Strike_G+1","Survivor","Neutralize+1","Footwork","Noxious Fumes","Predator+1","Doubt","Acrobatics","Underhanded Strike","PiercingWail+1","Adrenaline","Setup+1","PiercingWail+1","Reflex+1","Slice+1","Writhe","Tactician+1","Predator"],"relics":["HoveringKite","Potion Belt","Bag of Preparation","Strawberry","Centennial Puzzle","Astrolabe","Oddly Smooth Stone"],"potions_floor_usage":[6,13],"damage_taken":[{"damage":0,"enemies":"Jaw Worm","floor":1,"turns":5},{"damage":0,"enemies":"2 Louse","floor":4,"turns":3},{"damage":6,"enemies":"3 Sentries","floor":6,"turns":7},{"damage":0,"enemies":"Cultist","floor":8,"turns":2},{"damage":0,"enemies":"Blue Slaver","floor":12,"turns":3},{"damage":6,"enemies":"Gremlin Nob","floor":13,"turns":4},{"damage":0,"enemies":"Large Slime","floor":14,"turns":8},{"damage":27,"enemies":"Slime Boss","floor":16,"turns":12},{"damage":12,"enemies":"2 Thieves","floor":18,"turns":4},{"damage":0,"enemies":"Chosen","floor":20,"turns":6},{"damage":0,"enemies":"Centurion and Healer","floor":21,"turns":7},{"damage":52,"enemies":"Slavers","floor":23,"turns":7}],"seed_played":"-4908585608882764444","potions_obtained":[{"floor":4,"key":"LiquidBronze"},{"floor":6,"key":"SkillPotion"},{"floor":13,"key":"Ancient Potion"},{"floor":20,"key":"Fire Potion"}],"is_trial":false,"path_per_floor":["M","?","$","M","?","E","R","M","T","$","R","M","E","M","R","B",null,"M","?","M","M","?"],"character_chosen":"THE_SILENT","items_purchased":["Noxious Fumes","Strawberry"],"campfire_rested":0,"item_purchase_floors":[3,10],"current_hp_per_floor":[63,49,49,49,49,43,43,43,43,50,50,50,44,44,44,17,62,50,50,50,50,50,0],"gold":242,"neow_bonus":"BOSS_RELIC","is_prod":false,"is_daily":false,"chose_seed":false,"campfire_upgraded":3,"win_rate":0,"timestamp":1533329308,"path_taken":["M","?","?","M","?","E","R","M","T","$","R","?","E","M","R","BOSS","M","?","M","?","?","E"],"build_version":"2018-08-02","purchased_purges":1,"victory":false,"max_hp_per_floor":[70,70,70,70,70,70,70,70,70,77,77,77,77,77,77,77,77,77,77,77,77,77,77],"card_choices":[{"not_picked":["Acrobatics","Backflip"],"picked":"Footwork","floor":1},{"not_picked":["Poisoned Stab","Bane"],"picked":"Predator","floor":4},{"not_picked":["Dagger Throw","Underhanded Strike"],"picked":"Acrobatics","floor":6},{"not_picked":["Deadly Poison","Prepared"],"picked":"Underhanded Strike","floor":8},{"not_picked":["Dagger Spray","Dodge and Roll"],"picked":"PiercingWail","floor":12},{"not_picked":["Masterful Stab","Blade Dance","Setup"],"picked":"SKIP","floor":13},{"not_picked":["Sucker Punch","Backflip"],"picked":"Adrenaline","floor":14},{"not_picked":["Quick Slash","Acrobatics+1"],"picked":"Slice+1","floor":18},{"not_picked":["Endless Agony","Blur"],"picked":"Tactician+1","floor":20},{"not_picked":["Blur","Blade Dance"],"picked":"Predator","floor":21}],"player_experience":269191,"relics_obtained":[{"floor":6,"key":"Potion Belt"},{"floor":9,"key":"Bag of Preparation"},{"floor":13,"key":"Centennial Puzzle"}],"event_choices":[{"event_name":"Shining Light","player_choice":"Entered Light","floor":2,"damage_taken":0},{"event_name":"Liars Game","player_choice":"agreed","floor":5,"damage_taken":0},{"event_name":"The Mausoleum","player_choice":"Yes","floor":19,"damage_taken":0},{"event_name":"Drug Dealer","player_choice":"Ignored","floor":22,"damage_taken":0}],"is_beta":false,"boss_relics":[{"not_picked":["Lizard Tail","Velvet Choker"],"picked":"Astrolabe"}],"items_purged_floors":[10],"is_endless":false,"potions_floor_spawned":[4,6,13,20],"killed_by":"Slavers","ascension_level":6}