{"gold_per_floor":[114,79,79,4,4,34,34,59,59,94,109,126,301,301,301,431,431,452,495,65,78,93,128,128,128,151,174,174,208,4,19,19,150,150,173,192,192,192,265,265,305,305,329,329,601,617,667,688,688,688],"floor_reached":51,"playtime":2497,"items_purged":["Regret"],"score":1076,"play_id":"ab4cfdc8-8176-4ac1-9ba2-662109a18689","local_time":"20181229042941","is_ascension_mode":true,"campfire_choices":[{"data":"Body Slam","floor":7,"key":"SMITH"},{"data":"Bash","floor":15,"key":"SMITH"},{"data":"Evolve","floor":28,"key":"SMITH"},{"data":"Power Through","floor":32,"key":"SMITH"},{"floor":40,"key":"REST"},{"data":"Defend_R","floor":42,"key":"SMITH"},{"data":"Defend_R","floor":44,"key":"SMITH"},{"data":"Mayhem","floor":49,"key":"SMITH"}],"neow_cost":"NONE","seed_source_timestamp":574854495382319,"circlet_count":0,"master_deck":["Strike_R","Strike_R","Strike_R","Strike_R","Strike_R","Defend_R+1","Defend_R+1","Defend_R+1","Defend_R+1","Bash+1","Body Slam+1","Power Through+1","Iron Wave+1","Intimidate+1","Hemokinesis+1","Body Slam+1","Whirlwind+1","Doubt","Immolate+1","Spot Weakness+1","Metamorphosis+1","Evolve+1","Dual Wield+1","Shrug It Off+1","Sever Soul+1","Armaments+1","Writhe","Shame","Shrug It Off+1","Flame Barrier+1","Metamorphosis+1","Burning Pact+1","Fiend Fire+1","Battle Trance+1","Madness+1","Madness+1","Iron Wave+1","Disarm+1","Shame","Sentinel+1","Discovery+1","Mayhem+1","Blind+1","True Grit+1"],"relics":["Burning Blood","NeowsBlessing","Molten Egg 2","Toxic Egg 2","Kunai","Anchor","Incense Burner","Golden Idol","Mark of Pain","Red Mask","Happy Flower","StoneCalendar","Potion Belt","Turnip","Strawberry","Orichalcum","DollysMirror","Cursed Key","SsserpentHead","War Paint","Vajra"],"potions_floor_usage":[10,16,19,22,27,33,33,33,36,39,46,50,50,50],"damage_taken":[{"damage":0,"enemies":"Jaw Worm","floor":1,"turns":1},{"damage":0,"enemies":"Gremlin Nob","floor":6,"turns":1},{"damage":0,"enemies":"Lagavulin","floor":8,"turns":1},{"damage":12,"enemies":"Gremlin Nob","floor":10,"turns":4},{"damage":2,"enemies":"Cultist","floor":11,"turns":3},{"damage":2,"enemies":"2 Louse","floor":12,"turns":2},{"damage":33,"enemies":"Hexaghost","floor":16,"turns":9},{"damage":5,"enemies":"Spheric Guardian","floor":18,"turns":3},{"damage":14,"enemies":"Masked Bandits","floor":19,"turns":4},{"damage":8,"enemies":"2 Thieves","floor":21,"turns":3},{"damage":20,"enemies":"Snake Plant","floor":22,"turns":3},{"damage":0,"enemies":"Gremlin Leader","floor":23,"turns":4},{"damage":7,"enemies":"Shelled Parasite and Fungi","floor":27,"turns":4},{"damage":13,"enemies":"Book of Stabbing","floor":29,"turns":4},{"damage":12,"enemies":"3 Cultists","floor":31,"turns":6},{"damage":47,"enemies":"Collector","floor":33,"turns":8},{"damage":1,"enemies":"3 Darklings","floor":35,"turns":3},{"damage":0,"enemies":"Orb Walker","floor":36,"turns":2},{"damage":15,"enemies":"Writhing Mass","floor":39,"turns":4},{"damage":2,"enemies":"Giant Head","floor":41,"turns":5},{"damage":0,"enemies":"3 Darklings","floor":46,"turns":1},{"damage":18,"enemies":"Sphere and 2 Shapes","floor":48,"turns":4},{"damage":23,"enemies":"Donu and Deca","floor":50,"turns":5}],"seed_played":"7558260719481396950","potions_obtained":[{"floor":5,"key":"SteroidPotion"},{"floor":5,"key":"EntropicBrew"},{"floor":5,"key":"EssenceOfSteel"},{"floor":8,"key":"SneckoOil"},{"floor":11,"key":"Ancient Potion"},{"floor":18,"key":"Fire Potion"},{"floor":21,"key":"FairyPotion"},{"floor":23,"key":"Explosive Potion"},{"floor":27,"key":"EssenceOfSteel"},{"floor":35,"key":"Explosive Potion"},{"floor":46,"key":"Strength Potion"},{"floor":48,"key":"Poison Potion"}],"is_trial":false,"path_per_floor":["M","$","?","$","?","E","R","E","T","E","M","M","?","?","R","B",null,"M","?","$","M","M","E","?","?","T","M","R","E","$","M","R","B",null,"M","M","?","?","M","R","E","R","T","R","?","M","?","M","R","B",null],"character_chosen":"IRONCLAD","items_purchased":["Power Through","Metamorphosis+1","Evolve","Dual Wield+1","Happy Flower","DollysMirror"],"campfire_rested":1,"item_purchase_floors":[2,20,20,20,20,30],"current_hp_per_floor":[80,80,80,80,80,80,80,80,80,74,78,80,80,60,60,33,68,69,61,61,59,45,51,51,51,58,57,57,50,50,44,44,12,68,73,79,68,68,59,85,87,87,87,87,87,87,77,65,65,48],"gold":688,"neow_bonus":"THREE_ENEMY_KILL","is_prod":false,"is_daily":false,"chose_seed":false,"campfire_upgraded":7,"win_rate":0,"timestamp":1546025381,"path_taken":["M","$","?","$","?","E","R","E","T","E","M","?","?","?","R","BOSS","M","?","$","M","M","E","?","?","T","M","R","E","$","M","R","BOSS","M","M","?","?","?","R","E","R","T","R","?","M","?","M","R","BOSS"],"build_version":"2018-12-20","purchased_purges":1,"victory":true,"max_hp_per_floor":[80,80,80,80,80,80,80,80,80,80,80,80,80,80,80,80,80,80,80,80,80,80,80,80,80,87,87,87,87,87,87,87,87,87,87,87,87,87,87,87,87,87,87,87,87,87,87,87,87,87],"card_choices":[{"not_picked":["Clash","Flex"],"picked":"Body Slam","floor":1},{"not_picked":["Flame Barrier","Second Wind"],"picked":"Iron Wave+1","floor":6},{"not_picked":["Metallicize","Rampage+1"],"picked":"Intimidate+1","floor":8},{"not_picked":["Flex+1","Heavy Blade+1"],"picked":"Hemokinesis+1","floor":10},{"not_picked":["Iron Wave+1","Metallicize"],"picked":"Body Slam+1","floor":11},{"not_picked":["Heavy Blade+1","Thunderclap+1"],"picked":"Whirlwind+1","floor":12},{"not_picked":["Bludgeon+1","Dark Embrace"],"picked":"Immolate+1","floor":16},{"not_picked":["Carnage+1","Perfected Strike+1","Uppercut+1"],"picked":"SKIP","floor":18},{"not_picked":["Heavy Blade+1","Anger+1"],"picked":"Spot Weakness+1","floor":19},{"not_picked":["Reckless Charge+1","Cleave+1"],"picked":"Shrug It Off+1","floor":21},{"not_picked":["Power Through+1","Clash+1"],"picked":"Sever Soul+1","floor":22},{"not_picked":["Bloodletting+1","Warcry+1"],"picked":"Armaments+1","floor":23},{"not_picked":["Whirlwind+1","Headbutt+1"],"picked":"Shrug It Off+1","floor":27},{"not_picked":["True Grit+1","Pummel+1"],"picked":"Flame Barrier+1","floor":29},{"not_picked":["Flex+1","Intimidate+1"],"picked":"Burning Pact+1","floor":31},{"not_picked":["Feed+1","Demon Form"],"picked":"Fiend Fire+1","floor":33},{"not_picked":["Armaments+1","Corruption","Heavy Blade+1"],"picked":"SKIP","floor":35},{"not_picked":["Heavy Blade+1","Cleave+1"],"picked":"Battle Trance+1","floor":36},{"not_picked":["Warcry+1","Combust"],"picked":"Iron Wave+1","floor":39},{"not_picked":["Corruption+1","Twin Strike+1"],"picked":"Disarm+1","floor":41},{"not_picked":["Warcry+1","Clash+1"],"picked":"Sentinel+1","floor":46},{"not_picked":["Mayhem","Good Instincts+1"],"picked":"Discovery+1","floor":47},{"not_picked":["Dramatic Entrance+1","Bandage Up+1"],"picked":"Mayhem","floor":47},{"not_picked":["Enlightenment+1","Madness+1"],"picked":"Blind+1","floor":47},{"not_picked":["Armaments+1","Warcry+1"],"picked":"True Grit+1","floor":48}],"player_experience":81495,"relics_obtained":[{"floor":6,"key":"Toxic Egg 2"},{"floor":8,"key":"Kunai"},{"floor":9,"key":"Anchor"},{"floor":10,"key":"Incense Burner"},{"floor":19,"key":"Red Mask"},{"floor":23,"key":"StoneCalendar"},{"floor":26,"key":"Strawberry"},{"floor":29,"key":"Orichalcum"},{"floor":41,"key":"War Paint"},{"floor":43,"key":"Vajra"}],"event_choices":[{"damage_healed":0,"gold_gain":0,"player_choice":"Box","damage_taken":0,"relics_obtained":["Molten Egg 2"],"max_hp_gain":0,"max_hp_loss":0,"event_name":"Big Fish","floor":3,"gold_loss":0,"cards_obtained":["Regret"]},{"damage_healed":0,"gold_gain":0,"player_choice":"Got Potions","damage_taken":0,"max_hp_gain":0,"max_hp_loss":0,"event_name":"Lab","floor":5,"gold_loss":0},{"damage_healed":0,"gold_gain":175,"player_choice":"AGREE","damage_taken":0,"max_hp_gain":0,"max_hp_loss":0,"event_name":"Liars Game","floor":13,"gold_loss":0,"cards_obtained":["Doubt"]},{"damage_healed":0,"gold_gain":0,"player_choice":"Take Damage","damage_taken":20,"relics_obtained":["Golden Idol"],"max_hp_gain":0,"max_hp_loss":0,"event_name":"Golden Idol","floor":14,"gold_loss":0},{"damage_healed":0,"gold_gain":0,"player_choice":"Fought Bandits","damage_taken":0,"max_hp_gain":0,"max_hp_loss":0,"event_name":"Masked Bandits","floor":19,"gold_loss":0},{"damage_healed":0,"gold_gain":0,"player_choice":"Opened","damage_taken":0,"relics_obtained":["Potion Belt"],"max_hp_gain":0,"max_hp_loss":0,"event_name":"The Mausoleum","floor":24,"gold_loss":0,"cards_obtained":["Writhe"]},{"damage_healed":0,"gold_gain":0,"player_choice":"Stole Relic","damage_taken":0,"relics_obtained":["Turnip"],"max_hp_gain":0,"max_hp_loss":0,"event_name":"Addict","floor":25,"gold_loss":0,"cards_obtained":["Shame"]},{"damage_healed":0,"gold_gain":0,"player_choice":"Embrace Madness","damage_taken":11,"max_hp_gain":0,"max_hp_loss":0,"event_name":"Winding Halls","floor":37,"gold_loss":0,"cards_obtained":["Madness","Madness"]},{"damage_healed":0,"gold_gain":0,"player_choice":"Trade","damage_taken":0,"relics_obtained":["SsserpentHead"],"max_hp_gain":0,"max_hp_loss":0,"event_name":"FaceTrader","floor":38,"gold_loss":0},{"damage_healed":0,"gold_gain":222,"player_choice":"Wore Mask","damage_taken":0,"max_hp_gain":0,"max_hp_loss":0,"event_name":"Tomb of Lord Red Mask","floor":45,"gold_loss":0},{"damage_healed":0,"gold_gain":0,"player_choice":"Memory 3","damage_taken":10,"max_hp_gain":0,"max_hp_loss":0,"event_name":"SensoryStone","floor":47,"gold_loss":0}],"is_beta":false,"boss_relics":[{"not_picked":["Astrolabe","Runic Dome"],"picked":"Mark of Pain"},{"not_picked":["Sozu","Tiny House"],"picked":"Cursed Key"}],"items_purged_floors":[4],"is_endless":false,"potions_floor_spawned":[6,8,11,18,21,23,27,35,46,48],"ascension_level":5}