{"gold_per_floor":[15,33,108,16,29,61,133,149,149,149,161,161,86,104,104,203,203,213,31,31],"floor_reached":20,"playtime":1079,"items_purged":["Strike_G","Strike_G"],"score":218,"play_id":"5d57b396-fa2e-456b-9a5d-39ca8011b9ad","local_time":"20190121082929","is_ascension_mode":true,"campfire_choices":[{"floor":10,"key":"REST"},{"data":"Noxious Fumes","floor":12,"key":"SMITH"},{"data":"Footwork","floor":15,"key":"SMITH"}],"neow_cost":"NO_GOLD","seed_source_timestamp":197614337369540,"circlet_count":0,"master_deck":["Defend_G","Defend_G","Defend_G","Defend_G","Strike_G","Survivor","Neutralize","Quick Slash","Deadly Poison","Deadly Poison","Noxious Fumes+1","Bouncing Flask","Footwork+1","Deadly Poison","Crippling Poison","Leg Sweep","Glass Knife","Footwork+1","Noxious Fumes+1","Skewer+1","Footwork","Catalyst"],"relics":["Ring of the Snake","Thread and Needle","Ancient Tea Set","Question Card","Kunai","Astrolabe"],"potions_floor_usage":[6,8,18],"damage_taken":[{"damage":0,"enemies":"Cultist","floor":1,"turns":5},{"damage":0,"enemies":"Jaw Worm","floor":2,"turns":4},{"damage":0,"enemies":"2 Louse","floor":5,"turns":4},{"damage":31,"enemies":"3 Sentries","floor":6,"turns":8},{"damage":1,"enemies":"Gremlin Gang","floor":8,"turns":6},{"damage":0,"enemies":"Red Slaver","floor":11,"turns":3},{"damage":4,"enemies":"Exordium Wildlife","floor":14,"turns":5},{"damage":27,"enemies":"The Guardian","floor":16,"turns":8},{"damage":34,"enemies":"2 Thieves","floor":18,"turns":4},{"damage":26,"enemies":"3 Byrds","floor":20,"turns":4}],"seed_played":"969748410196658815","potions_obtained":[{"floor":2,"key":"PowerPotion"},{"floor":5,"key":"Regen Potion"},{"floor":6,"key":"SkillPotion"},{"floor":14,"key":"Poison Potion"}],"is_trial":false,"path_per_floor":["M","M","?","$","M","E","T","M","T","R","M","R","$","M","R","B",null,"M","$","M"],"character_chosen":"THE_SILENT","items_purchased":["Deadly Poison","Noxious Fumes","Catalyst"],"campfire_rested":1,"item_purchase_floors":[4,4,19],"current_hp_per_floor":[70,70,59,59,59,28,28,27,27,48,48,48,48,44,44,17,57,23,23,0],"gold":31,"neow_bonus":"ONE_RARE_RELIC","is_prod":false,"is_daily":false,"chose_seed":false,"campfire_upgraded":2,"win_rate":0,"timestamp":1548080969,"path_taken":["M","M","?","$","M","E","?","M","T","R","?","R","$","M","R","BOSS","M","$","M"],"build_version":"2019-01-17v2","purchased_purges":2,"victory":false,"max_hp_per_floor":[70,70,70,70,70,70,70,70,70,70,70,70,70,70,70,70,70,70,70,70],"card_choices":[{"not_picked":["Acrobatics","Slice"],"picked":"Quick Slash","floor":1},{"not_picked":["Skewer","Flechettes"],"picked":"Deadly Poison","floor":2},{"not_picked":["Reflex","Backflip"],"picked":"Bouncing Flask","floor":5},{"not_picked":["Setup","Predator"],"picked":"Footwork","floor":6},{"not_picked":["Bane","Quick Slash","Masterful Stab"],"picked":"Deadly Poison","floor":8},{"not_picked":["Outmaneuver","Skewer","PiercingWail"],"picked":"Crippling Poison","floor":11},{"not_picked":["Outmaneuver","Endless Agony","Prepared"],"picked":"Leg Sweep","floor":14},{"not_picked":["Wraith Form v2","Bullet Time","Phantasmal Killer"],"picked":"Glass Knife","floor":16},{"not_picked":["Concentrate","Deflect","Flying Knee"],"picked":"Footwork","floor":18}],"player_experience":715551,"relics_obtained":[{"floor":6,"key":"Ancient Tea Set"},{"floor":7,"key":"Question Card"},{"floor":9,"key":"Kunai"}],"event_choices":[{"damage_healed":0,"gold_gain":75,"player_choice":"Gather Gold","damage_taken":11,"max_hp_gain":0,"max_hp_loss":0,"event_name":"World of Goop","floor":3,"gold_loss":0}],"is_beta":false,"boss_relics":[{"not_picked":["WristBlade","Coffee Dripper"],"picked":"Astrolabe"}],"items_purged_floors":[13,19],"is_endless":false,"potions_floor_spawned":[2,5,6,14],"killed_by":"3 Byrds","ascension_level":5}