{"gold_per_floor":[118,135,27,27,202,202,234,234,234,262,262,289,14,24,24,127,127,140,140,156,45,57,57,392,392,416,416,435,448,448,448,448,550,550,560,20,20,1019,1037,1037,1071,1083,1148,1188,1217,1229,1241],"floor_reached":47,"playtime":3787,"items_purged":["Strike_B","Strike_B"],"score":928,"play_id":"508eb223-7bd6-4999-a883-ba4d1db7689e","local_time":"20180808111918","is_ascension_mode":true,"campfire_choices":[{"data":"Doom and Gloom","floor":6,"key":"SMITH"},{"data":"Machine Learning","floor":8,"key":"SMITH"},{"data":"Loop","floor":11,"key":"SMITH"},{"floor":15,"key":"REST"},{"floor":23,"key":"REST"},{"data":"Seek","floor":25,"key":"SMITH"},{"floor":27,"key":"REST"},{"data":"Storm","floor":32,"key":"SMITH"},{"data":"Defragment","floor":40,"key":"SMITH"},{"floor":42,"key":"REST"}],"neow_cost":"","seed_source_timestamp":1377204639527079,"circlet_count":0,"master_deck":["Strike_B","Strike_B","Defend_B","Defend_B","Defend_B","Defend_B","Zap","Dualcast","Beam Cell","Capacitor","Loop+1","Doom and Gloom+1","Regret","Doubt","Machine Learning+1","Cold Snap","Echo Form","Force Field","Compile Driver","Core Surge","Storm+1","Capacitor+1","Genetic Algorithm","Stack+1","Seek+1","Clumsy","Force Field","Writhe","Biased Cognition","Steam+1","Defragment+1","Apotheosis","Panacea","Finesse","Normality","Normality","Compile Driver","Force Field","Doubt","Core Surge","FTL"],"relics":["FrozenCore","Blue Candle","Boot","Orichalcum","Matryoshka","Dead Branch","Mummified Hand","Cursed Key","Old Coin","Ancient Tea Set","Art of War","Happy Flower","Pear","Bronze Scales","MawBank","Pen Nib","Dream Catcher","Emotion Chip"],"potions_floor_usage":[7,10,24,24,33,46],"damage_taken":[{"damage":1,"enemies":"Cultist","floor":1,"turns":3},{"damage":2,"enemies":"Jaw Worm","floor":2,"turns":3},{"damage":14,"enemies":"3 Sentries","floor":7,"turns":5},{"damage":11,"enemies":"Lagavulin","floor":10,"turns":7},{"damage":19,"enemies":"3 Sentries","floor":12,"turns":6},{"damage":8,"enemies":"2 Louse","floor":14,"turns":2},{"damage":10,"enemies":"The Guardian","floor":16,"turns":9},{"damage":7,"enemies":"Spheric Guardian","floor":18,"turns":4},{"damage":20,"enemies":"3 Byrds","floor":20,"turns":4},{"damage":21,"enemies":"3 Cultists","floor":22,"turns":5},{"damage":11,"enemies":"Gremlin Leader","floor":24,"turns":6},{"damage":5,"enemies":"Snecko","floor":28,"turns":5},{"damage":22,"enemies":"Centurion and Healer","floor":29,"turns":5},{"damage":35,"enemies":"Collector","floor":33,"turns":6},{"damage":9,"enemies":"Orb Walker","floor":35,"turns":4},{"damage":4,"enemies":"3 Shapes","floor":39,"turns":3},{"damage":44,"enemies":"2 Orb Walkers","floor":41,"turns":4},{"damage":28,"enemies":"Nemesis","floor":44,"turns":7},{"damage":2,"enemies":"Spire Growth","floor":45,"turns":4},{"damage":11,"enemies":"Flame Bruiser 2 Orb","floor":46,"turns":2},{"damage":4,"enemies":"2 Orb Walkers","floor":47,"turns":1}],"seed_played":"-2159898881529870352","potions_obtained":[{"floor":2,"key":"Explosive Potion"},{"floor":7,"key":"Weak Potion"},{"floor":14,"key":"GamblersBrew"},{"floor":16,"key":"EssenceOfSteel"},{"floor":18,"key":"PowerPotion"},{"floor":19,"key":"SmokeBomb"},{"floor":24,"key":"LiquidBronze"},{"floor":28,"key":"FairyPotion"},{"floor":35,"key":"Ancient Potion"}],"is_trial":false,"path_per_floor":["M","M","$","?","?","R","E","R","T","E","R","E","$","M","R","B",null,"M","?","M","$","M","R","E","R","T","R","M","M","?","?","R","B",null,"M","$","?","?","M","R","E","R","T","E","M","M"],"character_chosen":"DEFECT","items_purchased":["Loop","Doom and Gloom","Mummified Hand","Force Field","Genetic Algorithm","Defragment","Pear","Bronze Scales"],"campfire_rested":4,"item_purchase_floors":[3,3,13,13,21,36,36,36],"current_hp_per_floor":[67,65,65,65,65,65,51,51,51,40,40,21,21,13,35,25,63,56,56,36,36,15,37,26,26,26,48,43,21,46,46,46,11,59,50,60,50,50,46,46,2,27,27,7,12,1,0],"gold":1241,"neow_bonus":"","is_prod":false,"is_daily":false,"chose_seed":false,"campfire_upgraded":6,"win_rate":0,"timestamp":1533752358,"path_taken":["M","M","$","?","?","R","E","R","T","E","R","E","$","M","R","BOSS","M","?","M","$","M","R","E","R","T","R","M","?","?","?","R","BOSS","M","$","?","?","M","R","E","R","T","E","?","M","E"],"build_version":"2018-08-02","purchased_purges":2,"victory":false,"max_hp_per_floor":[75,75,75,75,75,75,75,75,75,75,75,75,75,75,75,75,75,75,75,75,75,75,75,75,75,75,75,75,75,75,75,75,75,75,75,85,85,85,85,85,85,85,85,85,85,85,85],"card_choices":[{"not_picked":["Rebound","Storm"],"picked":"Beam Cell","floor":1},{"not_picked":["Hologram","Redo"],"picked":"Capacitor","floor":2},{"not_picked":["Capacitor","Redo"],"picked":"Machine Learning","floor":7},{"not_picked":["Sweeping Beam","Recycle"],"picked":"Cold Snap","floor":10},{"not_picked":["FTL","Meteor Strike"],"picked":"Echo Form","floor":12},{"not_picked":["Redo","Cold Snap"],"picked":"Compile Driver","floor":14},{"not_picked":["All For One","Amplify"],"picked":"Core Surge","floor":16},{"not_picked":["Gash+1","Hello World"],"picked":"Storm","floor":18},{"not_picked":["Beam Cell","Barrage"],"picked":"Capacitor+1","floor":20},{"not_picked":["Gash","Hologram"],"picked":"Stack+1","floor":22},{"not_picked":["Compile Driver","Beam Cell"],"picked":"Seek","floor":24},{"not_picked":["Streamline+1","Leap+1"],"picked":"Force Field","floor":28},{"not_picked":["Capacitor+1","Sweeping Beam+1","Darkness+1"],"picked":"SKIP","floor":29},{"not_picked":["Buffer","Echo Form"],"picked":"Biased Cognition","floor":33},{"not_picked":["Barrage","Reprogram"],"picked":"Steam+1","floor":35},{"not_picked":["Trip","Magnetism"],"picked":"Apotheosis","floor":37},{"not_picked":["Mind Blast","Dark Shackles"],"picked":"Panacea","floor":37},{"not_picked":["Swift Strike","Mind Blast"],"picked":"Finesse","floor":37},{"not_picked":["Chaos+1","Aggregate+1"],"picked":"Compile Driver","floor":39},{"not_picked":["Beam Cell","Redo+1"],"picked":"Force Field","floor":41},{"not_picked":["Coolheaded+1","Heatsinks"],"picked":"Core Surge","floor":44},{"not_picked":["Sweeping Beam+1","Steam Power"],"picked":"FTL","floor":45}],"player_experience":359872,"relics_obtained":[{"floor":7,"key":"Boot"},{"floor":9,"key":"Orichalcum"},{"floor":10,"key":"Matryoshka"},{"floor":12,"key":"Dead Branch"},{"floor":24,"key":"Old Coin"},{"floor":26,"key":"Ancient Tea Set"},{"floor":26,"key":"Art of War"},{"floor":41,"key":"MawBank"},{"floor":43,"key":"Pen Nib"},{"floor":43,"key":"Dream Catcher"},{"floor":44,"key":"Emotion Chip"}],"event_choices":[{"event_name":"Big Fish","player_choice":"Box","floor":4,"damage_taken":0},{"event_name":"Liars Game","player_choice":"agreed","floor":5,"damage_taken":0},{"event_name":"The Lab","player_choice":"Got Potions","floor":19,"damage_taken":0},{"event_name":"The Library","player_choice":"Heal","floor":30,"damage_taken":0},{"event_name":"The Mausoleum","player_choice":"Yes","floor":31,"damage_taken":0},{"event_name":"SensoryStone","player_choice":"Memory 3","floor":37,"damage_taken":0},{"event_name":"MindBloom","player_choice":"Gold","floor":38,"damage_taken":0}],"is_beta":false,"boss_relics":[{"not_picked":["Astrolabe","Eternal Feather"],"picked":"Cursed Key"},{"not_picked":["Runic Dome","Sozu"],"picked":"FrozenCore"}],"items_purged_floors":[21,36],"is_endless":false,"potions_floor_spawned":[2,7,14,16,18,20,24,28,35,41,46],"killed_by":"2 Orb Walkers","ascension_level":9}