{"gold_per_floor":[116,116,132,147,117,148,59,94,148,161,161,180,180,194,194,293,293,304,304],"floor_reached":19,"playtime":2857,"items_purged":[],"score":224,"play_id":"2dd62ad5-c7b3-4cad-9f2a-689daacb3c30","local_time":"20190330114210","is_ascension_mode":true,"campfire_choices":[{"floor":11,"key":"REST"},{"floor":13,"key":"REST"},{"data":"Footwork","floor":15,"key":"SMITH"}],"neow_cost":"NONE","seed_source_timestamp":1107242153637317,"circlet_count":0,"master_deck":["Defend_G","Defend_G","Defend_G","Defend_G","Strike_G","Strike_G","Strike_G","Survivor","Neutralize","Poisoned Stab","Eviscerate","Underhanded Strike","Acrobatics","Prepared","Footwork+1","Acrobatics","Prepared","A Thousand Cuts","Escape Plan"],"relics":["Ring of the Snake","NeowsBlessing","Singing Bowl","Omamori","Blood Vial","Empty Cage"],"potions_floor_usage":[6,8,8,16],"damage_taken":[{"damage":0,"enemies":"2 Louse","floor":1,"turns":1},{"damage":0,"enemies":"Cultist","floor":3,"turns":1},{"damage":0,"enemies":"Small Slimes","floor":4,"turns":1},{"damage":24,"enemies":"3 Sentries","floor":6,"turns":14},{"damage":37,"enemies":"Lagavulin","floor":8,"turns":8},{"damage":4,"enemies":"Looter","floor":10,"turns":4},{"damage":16,"enemies":"Exordium Thugs","floor":12,"turns":8},{"damage":1,"enemies":"3 Louse","floor":14,"turns":4},{"damage":45,"enemies":"Hexaghost","floor":16,"turns":16},{"damage":56,"enemies":"3 Byrds","floor":18,"turns":9},{"damage":13,"enemies":"Colosseum Slavers","floor":19,"turns":1}],"seed_played":"-125263570103399403","potions_obtained":[{"floor":3,"key":"Energy Potion"},{"floor":5,"key":"Dexterity Potion"},{"floor":5,"key":"Regen Potion"},{"floor":12,"key":"SteroidPotion"},{"floor":14,"key":"Weak Potion"},{"floor":16,"key":"GamblersBrew"}],"is_trial":false,"path_per_floor":["M","?","M","M","?","E","$","E","T","M","R","M","R","M","R","B",null,"M","?"],"character_chosen":"THE_SILENT","items_purchased":["Prepared","Footwork"],"campfire_rested":2,"item_purchase_floors":[7,7],"current_hp_per_floor":[70,70,70,70,70,46,46,26,26,24,45,31,52,55,55,12,59,5,0],"gold":304,"neow_bonus":"THREE_ENEMY_KILL","is_prod":false,"is_daily":false,"chose_seed":false,"campfire_upgraded":1,"win_rate":0,"timestamp":1553964130,"path_taken":["M","?","M","?","?","E","$","E","T","M","R","M","R","?","R","BOSS","M","?"],"build_version":"2019-01-23","purchased_purges":0,"victory":false,"max_hp_per_floor":[70,70,70,70,70,70,70,72,72,72,72,72,72,74,74,74,74,74,74],"card_choices":[{"not_picked":["Deflect","Backflip"],"picked":"Poisoned Stab","floor":1},{"not_picked":["Backflip","Underhanded Strike"],"picked":"Eviscerate","floor":3},{"not_picked":["Flying Knee","Masterful Stab"],"picked":"Underhanded Strike","floor":4},{"not_picked":["Slice","Deadly Poison"],"picked":"Acrobatics","floor":6},{"not_picked":["Deadly Poison","Bullet Time","Poisoned Stab"],"picked":"Singing Bowl","floor":8},{"not_picked":["Eviscerate","Sucker Punch"],"picked":"Acrobatics","floor":10},{"not_picked":["All Out Attack","Blade Dance"],"picked":"Prepared","floor":12},{"not_picked":["Terror","Setup","Accuracy"],"picked":"Singing Bowl","floor":14},{"not_picked":["Grand Finale","Die Die Die"],"picked":"A Thousand Cuts","floor":16},{"not_picked":["Cloak And Dagger","Catalyst"],"picked":"Escape Plan","floor":18}],"player_experience":771845,"relics_obtained":[{"floor":6,"key":"Singing Bowl"},{"floor":8,"key":"Omamori"},{"floor":9,"key":"Blood Vial"}],"event_choices":[{"cards_removed":["Strike_G"],"damage_healed":0,"gold_gain":0,"player_choice":"Purged","damage_taken":0,"max_hp_gain":0,"max_hp_loss":0,"event_name":"Purifier","floor":2,"gold_loss":0},{"damage_healed":0,"gold_gain":0,"player_choice":"Bought 2 Potions","damage_taken":0,"max_hp_gain":0,"max_hp_loss":0,"event_name":"The Woman in Blue","floor":5,"gold_loss":0},{"damage_healed":0,"gold_gain":0,"player_choice":"Fight","damage_taken":0,"max_hp_gain":0,"max_hp_loss":0,"event_name":"Colosseum","floor":19,"gold_loss":0}],"is_beta":false,"boss_relics":[{"not_picked":["Runic Pyramid","WristBlade"],"picked":"Empty Cage"}],"items_purged_floors":[],"is_endless":false,"potions_floor_spawned":[3,12,14,16],"killed_by":"Colosseum Slavers","ascension_level":5}