{"gold_per_floor":[112,112,131,131,131,166,166,192,192,1,1,13,42,56,56,155,155,172,172,207,227,227,259,274,274,347,58,84,101,2,22,22,123,123,141,111,124,140,151,179,196,215,215,9,9,19,19,29,29,29],"floor_reached":50,"playtime":5044,"items_purged":["Shame","Injury"],"score":1129,"play_id":"463fb30d-d4bb-4762-8c11-e12eade23795","local_time":"20190329211339","is_ascension_mode":true,"campfire_choices":[{"data":"Zap","floor":7,"key":"SMITH"},{"data":"Loop","floor":15,"key":"SMITH"},{"floor":32,"key":"REST"},{"data":"Ghostly","floor":47,"key":"SMITH"},{"floor":49,"key":"RECALL"}],"neow_cost":"NONE","seed_source_timestamp":10008602322372,"circlet_count":0,"master_deck":["AscendersBane","Strike_B","Strike_B","Defend_B","Defend_B","Defend_B","Defend_B","Zap+1","Dualcast","Go for the Eyes","Undo","Ball Lightning","Rebound","Loop+1","Sweeping Beam","Capacitor","Hyperbeam","Ghostly+1","Ghostly+1","Ghostly","Ghostly","Ghostly","Consume","Hologram","Chill","Coolheaded","Defragment+1","Biased Cognition+1","Creative AI+1","Cold Snap","Glacier","Heatsinks+1","Hologram","Darkness","Defragment+1","Coolheaded","Parasite","Loop+1","Compile Driver"],"relics":["Cracked Core","NeowsBlessing","Nunchaku","Oddly Smooth Stone","Bottled Flame","Incense Burner","Bronze Scales","Lantern","Cursed Key","Red Mask","Regal Pillow","The Courier","Mercury Hourglass","Runic Capacitor","Frozen Egg 2","Orrery","Meat on the Bone"],"potions_floor_usage":[13,16,23,40,44,50],"damage_taken":[{"damage":0,"enemies":"2 Louse","floor":1,"turns":1},{"damage":0,"enemies":"Jaw Worm","floor":3,"turns":1},{"damage":0,"enemies":"3 Sentries","floor":6,"turns":1},{"damage":9,"enemies":"Lagavulin","floor":8,"turns":7},{"damage":0,"enemies":"Cultist","floor":12,"turns":2},{"damage":8,"enemies":"3 Sentries","floor":13,"turns":4},{"damage":13,"enemies":"2 Fungi Beasts","floor":14,"turns":2},{"damage":0,"enemies":"Slime Boss","floor":16,"turns":8},{"damage":8,"enemies":"2 Thieves","floor":18,"turns":4},{"damage":0,"enemies":"Masked Bandits","floor":20,"turns":4},{"damage":10,"enemies":"3 Byrds","floor":21,"turns":2},{"damage":7,"enemies":"Slavers","floor":23,"turns":7},{"damage":1,"enemies":"3 Cultists","floor":24,"turns":4},{"damage":2,"enemies":"Gremlin Leader","floor":28,"turns":7},{"damage":2,"enemies":"Centurion and Healer","floor":29,"turns":8},{"damage":2,"enemies":"Shelled Parasite and Fungi","floor":31,"turns":6},{"damage":0,"enemies":"Automaton","floor":33,"turns":11},{"damage":0,"enemies":"3 Darklings","floor":35,"turns":6},{"damage":2,"enemies":"3 Shapes","floor":37,"turns":5},{"damage":0,"enemies":"Writhing Mass","floor":38,"turns":7},{"damage":2,"enemies":"Spire Growth","floor":39,"turns":7},{"damage":1,"enemies":"Nemesis","floor":40,"turns":13},{"damage":0,"enemies":"Transient","floor":41,"turns":5},{"damage":0,"enemies":"Sphere and 2 Shapes","floor":42,"turns":6},{"damage":0,"enemies":"4 Shapes","floor":46,"turns":5},{"damage":0,"enemies":"Jaw Worm Horde","floor":48,"turns":5},{"damage":41,"enemies":"Donu and Deca","floor":50,"turns":3}],"seed_played":"3597793919735838879","potions_obtained":[{"floor":3,"key":"Explosive Potion"},{"floor":14,"key":"PowerPotion"},{"floor":16,"key":"FearPotion"},{"floor":20,"key":"Explosive Potion"},{"floor":24,"key":"FocusPotion"},{"floor":31,"key":"GamblersBrew"},{"floor":36,"key":"Fruit Juice"},{"floor":42,"key":"Energy Potion"}],"is_trial":false,"path_per_floor":["M","?","M","?","?","E","R","E","T","$","?","M","E","M","R","B",null,"M","?","?","M","$","E","M","T","T","$","E","M","$","M","R","B",null,"M","?","M","M","M","E","M","M","T","$","?","M","R","M","R","B"],"character_chosen":"DEFECT","items_purchased":["Bronze Scales","Loop","Runic Capacitor","Chill","Coolheaded","Defragment+1","Loop+1","FocusPotion"],"campfire_rested":1,"item_purchase_floors":[10,10,27,27,30,30,44,44],"current_hp_per_floor":[68,61,61,66,59,59,59,50,50,50,50,50,42,29,29,29,67,59,40,40,30,30,23,22,22,22,22,20,18,18,16,40,40,40,40,40,38,38,36,35,35,35,35,40,40,40,40,40,40,0],"gold":29,"neow_bonus":"THREE_ENEMY_KILL","is_prod":false,"is_daily":false,"chose_seed":false,"campfire_upgraded":3,"win_rate":0,"timestamp":1553908419,"path_taken":["M","?","M","?","?","E","R","E","T","$","?","M","E","?","R","BOSS","M","?","?","M","?","E","?","?","T","?","E","M","$","M","R","BOSS","M","?","M","?","M","E","M","M","T","$","?","M","R","?","R","BOSS"],"build_version":"2019-01-23","purchased_purges":2,"victory":false,"max_hp_per_floor":[75,75,75,80,80,80,80,80,80,80,80,80,80,80,80,80,80,80,40,40,40,40,40,40,40,40,40,40,40,40,40,40,40,40,40,40,40,40,40,40,40,40,40,45,45,45,45,45,45,45],"card_choices":[{"not_picked":["Hologram","Beam Cell"],"picked":"Go for the Eyes","floor":1},{"not_picked":["Redo","Streamline"],"picked":"Undo","floor":3},{"not_picked":["Melter","Stack"],"picked":"Ball Lightning","floor":6},{"not_picked":["Leap","Conserve Battery"],"picked":"Rebound","floor":8},{"not_picked":["Reinforced Body","Stack"],"picked":"Sweeping Beam","floor":12},{"not_picked":["Barrage","Sweeping Beam","Steam"],"picked":"SKIP","floor":13},{"not_picked":["Storm","Streamline"],"picked":"Capacitor","floor":14},{"not_picked":["Amplify","All For One"],"picked":"Hyperbeam","floor":16},{"not_picked":["Stack","Turbo","Redo"],"picked":"SKIP","floor":18},{"not_picked":["Coolheaded+1","Go for the Eyes"],"picked":"Consume","floor":21},{"not_picked":["Ball Lightning","Steam","Sweeping Beam"],"picked":"SKIP","floor":23},{"not_picked":["Genetic Algorithm","Rebound+1"],"picked":"Hologram","floor":24},{"not_picked":["Ball Lightning","Storm","Redo"],"picked":"SKIP","floor":28},{"not_picked":["Force Field","Steam","Rebound"],"picked":"SKIP","floor":29},{"not_picked":["Heatsinks+1","Consume"],"picked":"Biased Cognition+1","floor":31},{"not_picked":["Hyperbeam","Buffer+1"],"picked":"Creative AI+1","floor":33},{"not_picked":["Barrage","Storm+1"],"picked":"Cold Snap","floor":34},{"not_picked":["Ball Lightning","Undo"],"picked":"Glacier","floor":34},{"not_picked":["Recycle","Aggregate"],"picked":"Heatsinks+1","floor":35},{"not_picked":["Barrage+1","Sunder"],"picked":"Hologram","floor":37},{"not_picked":["Leap+1","Rebound"],"picked":"Darkness","floor":38},{"not_picked":["Barrage","Ball Lightning","Stack+1"],"picked":"SKIP","floor":39},{"not_picked":["Meteor Strike","Rebound"],"picked":"Defragment+1","floor":40},{"not_picked":["Beam Cell","Go for the Eyes","Consume"],"picked":"SKIP","floor":41},{"not_picked":["Steam","Sweeping Beam"],"picked":"Coolheaded","floor":42},{"not_picked":["Glacier","Cold Snap+1"],"picked":"Compile Driver","floor":46},{"not_picked":["Barrage+1","Rebound","Cold Snap"],"picked":"SKIP","floor":48}],"player_experience":2034909,"relics_obtained":[{"floor":6,"key":"Oddly Smooth Stone"},{"floor":8,"key":"Bottled Flame"},{"floor":9,"key":"Incense Burner"},{"floor":13,"key":"Lantern"},{"floor":20,"key":"Red Mask"},{"floor":23,"key":"Regal Pillow"},{"floor":25,"key":"The Courier"},{"floor":26,"key":"Mercury Hourglass"},{"floor":28,"key":"Frozen Egg 2"},{"floor":40,"key":"Meat on the Bone"}],"event_choices":[{"damage_healed":0,"gold_gain":0,"player_choice":"Success","damage_taken":7,"relics_obtained":["Nunchaku"],"max_hp_gain":0,"max_hp_loss":0,"event_name":"Scrap Ooze","floor":2,"gold_loss":0},{"damage_healed":0,"gold_gain":0,"player_choice":"Donut","damage_taken":0,"max_hp_gain":5,"max_hp_loss":0,"event_name":"Big Fish","floor":4,"gold_loss":0},{"cards_removed":["Strike_B"],"damage_healed":0,"gold_gain":0,"player_choice":"Card Removal","damage_taken":7,"max_hp_gain":0,"max_hp_loss":0,"event_name":"Golden Wing","floor":5,"gold_loss":0},{"cards_removed":["Strike_B"],"damage_healed":0,"gold_gain":0,"player_choice":"Offered Basic","damage_taken":0,"max_hp_gain":0,"max_hp_loss":0,"event_name":"Bonfire Elementals","floor":11,"gold_loss":0},{"damage_healed":0,"gold_gain":0,"player_choice":"Became a Ghost","damage_taken":0,"max_hp_gain":0,"max_hp_loss":40,"event_name":"Ghosts","floor":19,"gold_loss":0,"cards_obtained":["Ghostly","Ghostly","Ghostly","Ghostly","Ghostly"]},{"damage_healed":0,"gold_gain":0,"player_choice":"Fought Bandits","damage_taken":0,"max_hp_gain":0,"max_hp_loss":0,"event_name":"Masked Bandits","floor":20,"gold_loss":0},{"damage_healed":0,"gold_gain":0,"player_choice":"Bought 2 Potions","damage_taken":0,"max_hp_gain":0,"max_hp_loss":0,"event_name":"The Woman in Blue","floor":36,"gold_loss":0},{"damage_healed":0,"gold_gain":0,"player_choice":"Upgraded","damage_taken":0,"max_hp_gain":0,"max_hp_loss":0,"event_name":"Upgrade Shrine","floor":45,"gold_loss":0,"cards_upgraded":["Ghostly"]}],"is_beta":false,"boss_relics":[{"not_picked":["Tiny House","Black Star"],"picked":"Cursed Key"},{"not_picked":["Fusion Hammer","Nuclear Battery"],"picked":"Orrery"}],"items_purged_floors":[27,44],"is_endless":false,"potions_floor_spawned":[3,14,16,20,24,31,33,37,39,42,48],"killed_by":"Donu and Deca","ascension_level":12}