{"gold_per_floor":[115,125,91,110,110,135,135,165,165,165,184,184,199,209,209,209],"floor_reached":16,"playtime":845,"items_purged":[],"score":129,"play_id":"dd9fffba-ad71-4047-9707-6a855a06718c","local_time":"20180819190727","is_ascension_mode":true,"campfire_choices":[{"floor":7,"key":"REST"},{"floor":10,"key":"REST"},{"floor":15,"key":"REST"}],"neow_cost":"","seed_source_timestamp":670642919923183,"circlet_count":0,"master_deck":["Defend_G","Defend_G","Defend_G","Defend_G","Defend_G","Strike_G","Strike_G","Strike_G","Strike_G","Survivor","Neutralize","Crippling Poison","Infinite Blades","Accuracy","Poisoned Stab","Infinite Blades","Sucker Punch","Blade Dance","Distraction","Cloak And Dagger"],"relics":["Ring of the Snake","Regal Pillow","Frozen Egg 2","Juzu Bracelet","Strawberry"],"potions_floor_usage":[6,6,6,11,13,16],"damage_taken":[{"damage":7,"enemies":"Small Slimes","floor":1,"turns":5},{"damage":6,"enemies":"2 Louse","floor":2,"turns":4},{"damage":0,"enemies":"Cultist","floor":4,"turns":5},{"damage":13,"enemies":"Lagavulin","floor":6,"turns":6},{"damage":43,"enemies":"3 Sentries","floor":8,"turns":8},{"damage":17,"enemies":"2 Fungi Beasts","floor":11,"turns":4},{"damage":28,"enemies":"Gremlin Gang","floor":13,"turns":4},{"damage":10,"enemies":"Large Slime","floor":14,"turns":6},{"damage":47,"enemies":"The Guardian","floor":16,"turns":8}],"seed_played":"-183632229095675843","potions_obtained":[{"floor":4,"key":"EntropicBrew"},{"floor":6,"key":"Ancient Potion"},{"floor":8,"key":"Weak Potion"},{"floor":11,"key":"Weak Potion"},{"floor":13,"key":"Strength Potion"}],"is_trial":false,"path_per_floor":["M","M","$","M","?","E","R","E","T","R","M","?","M","M","R"],"character_chosen":"THE_SILENT","items_purchased":["Accuracy"],"campfire_rested":3,"item_purchase_floors":[3],"current_hp_per_floor":[63,57,57,57,50,37,70,27,27,63,46,46,18,8,46,0],"gold":209,"neow_bonus":"","is_prod":false,"is_daily":false,"chose_seed":false,"campfire_upgraded":0,"win_rate":0,"timestamp":1534723647,"path_taken":["M","M","$","M","?","E","R","E","T","R","M","?","M","M","R","BOSS"],"build_version":"2018-08-16","purchased_purges":0,"victory":false,"max_hp_per_floor":[70,70,70,70,70,70,70,70,70,70,70,77,77,77,77,77],"card_choices":[{"not_picked":["Acrobatics","Riddle With Holes"],"picked":"Crippling Poison","floor":1},{"not_picked":["Choke","Underhanded Strike"],"picked":"Infinite Blades","floor":2},{"not_picked":["Escape Plan","PiercingWail"],"picked":"Poisoned Stab","floor":4},{"not_picked":["Bane","Acrobatics"],"picked":"Infinite Blades","floor":6},{"not_picked":["PiercingWail","Setup"],"picked":"Sucker Punch","floor":8},{"not_picked":["Underhanded Strike","PiercingWail"],"picked":"Blade Dance","floor":11},{"not_picked":["Underhanded Strike","Expertise"],"picked":"Distraction","floor":13},{"not_picked":["Prepared","Deadly Poison"],"picked":"Cloak And Dagger","floor":14}],"player_experience":243710,"relics_obtained":[{"floor":6,"key":"Regal Pillow"},{"floor":8,"key":"Frozen Egg 2"},{"floor":9,"key":"Juzu Bracelet"}],"event_choices":[{"event_name":"Golden Wing","player_choice":"Card Removal","floor":5,"damage_taken":0},{"event_name":"Scrap Ooze","player_choice":"success","floor":12,"damage_taken":7}],"is_beta":false,"boss_relics":[],"items_purged_floors":[],"is_endless":false,"potions_floor_spawned":[4,6,8,11,13],"killed_by":"The Guardian","ascension_level":3}