{"gold_per_floor":[111,111,123,93,107,132,132,150,150,150,180,130,130,141,141,243,243,259,20,20,20,35,35,46,46,46,46],"floor_reached":27,"playtime":4451,"items_purged":[],"score":276,"play_id":"1e2d3414-ad5a-4c44-b5d6-fca341a64fc7","local_time":"20190127111855","is_ascension_mode":true,"campfire_choices":[{"floor":7,"key":"REST"},{"floor":10,"key":"REST"},{"data":"Accuracy","floor":13,"key":"SMITH"},{"data":"Cloak And Dagger","floor":15,"key":"SMITH"},{"data":"After Image","floor":23,"key":"SMITH"},{"floor":25,"key":"REST"}],"neow_cost":"NONE","seed_source_timestamp":383738652183730,"circlet_count":0,"master_deck":["Defend_G","Defend_G","Defend_G","Defend_G","Strike_G","Strike_G","Survivor","Neutralize","Cloak And Dagger+1","Escape Plan","Deflect","Accuracy+1","After Image+1","Flying Knee+1","Dodge and Roll","Accuracy","Adrenaline","Dodge and Roll+1","Die Die Die+1","Finisher+1","Blur","Cloak And Dagger","Prepared+1","Deflect+1","Acrobatics"],"relics":["Ring of the Snake","Regal Pillow","Molten Egg 2","Dream Catcher","Omamori","Astrolabe","Shuriken","Meat on the Bone"],"potions_floor_usage":[6,6,11,27],"damage_taken":[{"damage":0,"enemies":"Jaw Worm","floor":1,"turns":5},{"damage":0,"enemies":"Small Slimes","floor":3,"turns":5},{"damage":2,"enemies":"Cultist","floor":5,"turns":5},{"damage":34,"enemies":"3 Sentries","floor":6,"turns":15},{"damage":4,"enemies":"2 Fungi Beasts","floor":8,"turns":5},{"damage":18,"enemies":"Lagavulin","floor":11,"turns":12},{"damage":0,"enemies":"Exordium Wildlife","floor":14,"turns":7},{"damage":41,"enemies":"Slime Boss","floor":16,"turns":20},{"damage":0,"enemies":"Shell Parasite","floor":18,"turns":7},{"damage":15,"enemies":"Chosen","floor":22,"turns":5},{"damage":13,"enemies":"Snake Plant","floor":24,"turns":7},{"damage":87,"enemies":"Gremlin Leader","floor":27,"turns":8}],"seed_played":"-2619904432035825241","potions_obtained":[{"floor":1,"key":"PowerPotion"},{"floor":4,"key":"GhostInAJar"},{"floor":4,"key":"Energy Potion"},{"floor":6,"key":"SteroidPotion"},{"floor":16,"key":"Regen Potion"},{"floor":24,"key":"Ancient Potion"}],"is_trial":false,"path_per_floor":["M","?","M","?","M","E","R","M","T","R","E","?","R","M","R","B",null,"M","$","?","?","M","R","M","R","T","E"],"character_chosen":"THE_SILENT","items_purchased":["Shuriken"],"campfire_rested":3,"item_purchase_floors":[19],"current_hp_per_floor":[70,52,52,52,50,16,52,48,48,70,52,52,52,52,52,11,55,55,55,55,55,40,40,27,63,63,0],"gold":46,"neow_bonus":"THREE_CARDS","is_prod":false,"is_daily":false,"chose_seed":false,"campfire_upgraded":3,"win_rate":0,"timestamp":1548609535,"path_taken":["M","?","M","?","?","E","R","M","T","R","E","?","R","M","R","BOSS","M","$","?","?","?","R","M","R","T","E"],"build_version":"2019-01-23","purchased_purges":0,"victory":false,"max_hp_per_floor":[70,70,70,70,70,70,70,70,70,70,70,70,70,70,70,70,70,70,70,70,70,70,70,70,70,70,70],"card_choices":[{"not_picked":["Deflect","Choke"],"picked":"Cloak And Dagger","floor":0},{"not_picked":["Slice","Poisoned Stab"],"picked":"Escape Plan","floor":1},{"not_picked":["Choke","Deadly Poison"],"picked":"Deflect","floor":3},{"not_picked":["Slice","Noxious Fumes"],"picked":"Accuracy","floor":5},{"not_picked":["Deflect","Dash"],"picked":"After Image","floor":6},{"not_picked":["Outmaneuver","Crippling Poison"],"picked":"Flying Knee+1","floor":8},{"not_picked":["Night Terror","Sucker Punch+1"],"picked":"Dodge and Roll","floor":11},{"not_picked":["Deflect","Dagger Throw+1"],"picked":"Accuracy","floor":14},{"not_picked":["Malaise","Wraith Form v2"],"picked":"Adrenaline","floor":16},{"not_picked":["Escape Plan+1","Bouncing Flask"],"picked":"Blur","floor":18},{"not_picked":["Deflect+1","Acrobatics"],"picked":"Prepared+1","floor":22},{"not_picked":["Noxious Fumes+1","Quick Slash+1"],"picked":"Deflect+1","floor":24},{"not_picked":["Tactician","Poisoned Stab+1"],"picked":"Acrobatics","floor":25}],"player_experience":723487,"relics_obtained":[{"floor":6,"key":"Molten Egg 2"},{"floor":9,"key":"Dream Catcher"},{"floor":11,"key":"Omamori"},{"floor":26,"key":"Meat on the Bone"}],"event_choices":[{"damage_healed":0,"gold_gain":0,"player_choice":"Success","damage_taken":18,"relics_obtained":["Regal Pillow"],"max_hp_gain":0,"max_hp_loss":0,"event_name":"Scrap Ooze","floor":2,"gold_loss":0},{"damage_healed":0,"gold_gain":0,"player_choice":"Bought 2 Potions","damage_taken":0,"max_hp_gain":0,"max_hp_loss":0,"event_name":"The Woman in Blue","floor":4,"gold_loss":0},{"cards_removed":["Strike_G"],"damage_healed":0,"gold_gain":0,"player_choice":"Card Removal","damage_taken":0,"max_hp_gain":0,"max_hp_loss":0,"event_name":"The Cleric","floor":12,"gold_loss":50},{"damage_healed":0,"gold_gain":0,"player_choice":"Ignored","damage_taken":0,"max_hp_gain":0,"max_hp_loss":0,"event_name":"Beggar","floor":20,"gold_loss":0},{"damage_healed":0,"gold_gain":0,"player_choice":"1 cards matched","damage_taken":0,"max_hp_gain":0,"max_hp_loss":0,"event_name":"Match and Keep!","floor":21,"gold_loss":0,"cards_obtained":["Cloak And Dagger"]}],"is_beta":false,"boss_relics":[{"not_picked":["Empty Cage","Pandora\u0027s Box"],"picked":"Astrolabe"}],"items_purged_floors":[],"is_endless":false,"potions_floor_spawned":[1,6,16,24],"killed_by":"Gremlin Leader","ascension_level":5}