{"gold_per_floor":[359,359,379,27,43,73,86,112,112,187,215,226,226,243,243,243],"floor_reached":16,"playtime":1911,"items_purged":[],"score":177,"play_id":"6e921bde-04e7-49ce-ad17-222dbc7e7087","local_time":"20180807151433","is_ascension_mode":true,"campfire_choices":[{"data":"Neutralize","floor":13,"key":"SMITH"},{"data":"Riddle With Holes","floor":15,"key":"SMITH"}],"neow_cost":"FIFTY_PERCENT_DAMAGE","seed_source_timestamp":1306800645699135,"circlet_count":0,"master_deck":["Defend_G","Defend_G","Defend_G","Defend_G","Defend_G","Strike_G","Strike_G","Strike_G","Strike_G","Strike_G","Survivor","Neutralize+1","PiercingWail","Blade Dance","Leg Sweep","Footwork","Well Laid Plans","Escape Plan","Dash","Deflect","Dodge and Roll","Riddle With Holes+1"],"relics":["Ring of the Snake","ClockworkSouvenir","Blood Vial","Frozen Egg 2","Bottled Flame","Strawberry"],"potions_floor_usage":[6,7,16,16],"damage_taken":[{"damage":1,"enemies":"2 Louse","floor":1,"turns":3},{"damage":0,"enemies":"Small Slimes","floor":3,"turns":3},{"damage":0,"enemies":"Cultist","floor":5,"turns":4},{"damage":25,"enemies":"Lagavulin","floor":6,"turns":19},{"damage":8,"enemies":"Lots of Slimes","floor":7,"turns":7},{"damage":10,"enemies":"3 Sentries","floor":8,"turns":16},{"damage":2,"enemies":"Lagavulin","floor":11,"turns":16},{"damage":0,"enemies":"Red Slaver","floor":12,"turns":5},{"damage":0,"enemies":"Large Slime","floor":14,"turns":11},{"damage":20,"enemies":"The Guardian","floor":16,"turns":13}],"seed_played":"6681935970379314114","potions_obtained":[{"floor":3,"key":"LiquidBronze"},{"floor":6,"key":"EssenceOfSteel"},{"floor":11,"key":"Fire Potion"},{"floor":12,"key":"Strength Potion"},{"floor":14,"key":"AttackPotion"}],"is_trial":false,"path_per_floor":["M","?","M","$","M","E","M","E","T","?","E","M","R","M","R"],"character_chosen":"THE_SILENT","items_purchased":["Leg Sweep","ClockworkSouvenir","Footwork"],"campfire_rested":0,"item_purchase_floors":[4,4,4],"current_hp_per_floor":[31,54,54,54,54,29,23,15,15,4,11,13,13,15,15,0],"gold":243,"neow_bonus":"TWO_FIFTY_GOLD","is_prod":false,"is_daily":false,"chose_seed":false,"campfire_upgraded":2,"win_rate":0,"timestamp":1533680073,"path_taken":["M","?","M","$","M","E","M","E","T","?","E","M","R","M","R","BOSS"],"build_version":"2018-08-02","purchased_purges":0,"victory":false,"max_hp_per_floor":[70,70,70,70,70,70,70,70,70,70,77,77,77,77,77,77],"card_choices":[{"not_picked":["Acrobatics","Calculated Gamble"],"picked":"PiercingWail","floor":1},{"not_picked":["Outmaneuver","Distraction"],"picked":"Blade Dance","floor":3},{"not_picked":["Flying Knee","Deadly Poison"],"picked":"Well Laid Plans","floor":5},{"not_picked":["Doppelganger","Deadly Poison"],"picked":"Escape Plan","floor":6},{"not_picked":["Reflex","Underhanded Strike"],"picked":"Dash","floor":7},{"not_picked":["Night Terror","Underhanded Strike","Poisoned Stab"],"picked":"SKIP","floor":8},{"not_picked":["Deadly Poison","Blade Dance"],"picked":"Deflect","floor":11},{"not_picked":["Deflect","Underhanded Strike"],"picked":"Dodge and Roll","floor":12},{"not_picked":["Heel Hook","Concentrate"],"picked":"Riddle With Holes","floor":14}],"player_experience":343051,"relics_obtained":[{"floor":6,"key":"Blood Vial"},{"floor":8,"key":"Frozen Egg 2"},{"floor":9,"key":"Bottled Flame"},{"floor":11,"key":"Strawberry"}],"event_choices":[{"event_name":"Big Fish","player_choice":"Banana","floor":2,"damage_taken":0},{"event_name":"World of Goop","player_choice":"Gather Gold","floor":10,"damage_taken":0}],"is_beta":false,"boss_relics":[],"items_purged_floors":[],"is_endless":false,"potions_floor_spawned":[3,6,11,12,14],"killed_by":"The Guardian","ascension_level":9}