{"gold_per_floor":[116,34,34,49,49,83,99,99,99,180,180,198,221,33,33,176,176,214,259,36,70,90,90,90,90,137,196,232,271,271,329,329,460,460,483,583,230,0,25,59,59,59,59,37,37,55,55,69,69,69],"floor_reached":50,"playtime":3272,"items_purged":["Strike_R","HandOfGreed"],"score":747,"play_id":"d6741dfb-6270-483e-803a-3a3fc6f28243","local_time":"20190106053843","is_ascension_mode":true,"campfire_choices":[{"floor":11,"key":"DIG"},{"floor":15,"key":"DIG"},{"floor":23,"key":"DIG"},{"floor":25,"key":"DIG"},{"floor":30,"key":"DIG"},{"floor":32,"key":"DIG"},{"data":"Armaments","floor":42,"key":"SMITH"},{"data":"Armaments","floor":45,"key":"SMITH"},{"floor":49,"key":"RECALL"}],"neow_cost":"NONE","seed_source_timestamp":1269430460578552,"circlet_count":0,"master_deck":["Strike_R+1","Strike_R+1","Strike_R+1","Strike_R+1","Defend_R+1","Defend_R+1","Defend_R+1","Defend_R+1","Bash","Cleave","Bandage Up","Impervious","Disarm","Seeing Red","Havoc","Offering","Double Tap","Armaments+1","Rampage","True Grit","Havoc","Double Tap","Carnage+1","Warcry","Offering","Bloodletting","Magnetism","Shockwave+1","Armaments+1","Evolve"],"relics":["Burning Blood","NeowsBlessing","Golden Idol","Shovel","Ice Cream","Incense Burner","Potion Belt","Torii","Coffee Dripper","Happy Flower","Boot","Blood Vial","Dream Catcher","Question Card","Darkstone Periapt","Juzu Bracelet","Pantograph","Philosopher\u0027s Stone","Red Mask","Pear","Turnip"],"potions_floor_usage":[21,27,27,33,33,40,40,40,50,50],"damage_taken":[{"damage":0,"enemies":"Jaw Worm","floor":1,"turns":1},{"damage":0,"enemies":"Small Slimes","floor":4,"turns":1},{"damage":0,"enemies":"Gremlin Nob","floor":6,"turns":1},{"damage":7,"enemies":"Cultist","floor":7,"turns":4},{"damage":18,"enemies":"Gremlin Gang","floor":12,"turns":7},{"damage":18,"enemies":"Lots of Slimes","floor":13,"turns":4},{"damage":40,"enemies":"Hexaghost","floor":16,"turns":12},{"damage":10,"enemies":"Shell Parasite","floor":18,"turns":5},{"damage":5,"enemies":"Chosen","floor":19,"turns":5},{"damage":19,"enemies":"Snecko","floor":21,"turns":5},{"damage":13,"enemies":"Cultist and Chosen","floor":22,"turns":7},{"damage":2,"enemies":"Slavers","floor":27,"turns":5},{"damage":6,"enemies":"Snake Plant","floor":28,"turns":3},{"damage":28,"enemies":"Book of Stabbing","floor":29,"turns":5},{"damage":16,"enemies":"3 Cultists","floor":31,"turns":5},{"damage":72,"enemies":"Automaton","floor":33,"turns":10},{"damage":48,"enemies":"3 Darklings","floor":35,"turns":7},{"damage":19,"enemies":"Orb Walker","floor":39,"turns":4},{"damage":47,"enemies":"Reptomancer","floor":40,"turns":9},{"damage":14,"enemies":"3 Darklings","floor":46,"turns":4},{"damage":29,"enemies":"Transient","floor":48,"turns":5},{"damage":121,"enemies":"Time Eater","floor":50,"turns":9}],"seed_played":"-6030189334161103960","potions_obtained":[{"floor":4,"key":"SkillPotion"},{"floor":7,"key":"Dexterity Potion"},{"floor":13,"key":"Ancient Potion"},{"floor":18,"key":"Weak Potion"},{"floor":22,"key":"LiquidBronze"},{"floor":28,"key":"EssenceOfSteel"},{"floor":29,"key":"Ancient Potion"},{"floor":35,"key":"BloodPotion"},{"floor":39,"key":"Regen Potion"},{"floor":48,"key":"LiquidBronze"}],"is_trial":false,"path_per_floor":["M","$","?","M","?","E","M","?","T","T","R","M","M","$","R","B",null,"M","M","$","M","M","R","?","R","T","E","M","E","R","M","R","B",null,"M","?","$","?","M","E","?","R","T","$","R","M","?","M","R","B"],"character_chosen":"IRONCLAD","items_purchased":["Bandage Up","HandOfGreed","Happy Flower","BloodPotion","Magnetism","Armaments"],"campfire_rested":0,"item_purchase_floors":[2,14,20,37,37,44],"current_hp_per_floor":[78,78,83,85,64,70,73,61,61,61,61,53,45,45,45,15,68,68,73,73,64,61,61,61,61,61,73,81,63,63,59,59,23,70,34,34,34,34,29,27,27,27,27,27,27,27,83,60,60,0],"gold":69,"neow_bonus":"THREE_ENEMY_KILL","is_prod":false,"is_daily":false,"chose_seed":false,"campfire_upgraded":2,"win_rate":0,"timestamp":1546720723,"path_taken":["M","$","?","M","?","E","?","?","T","?","R","M","?","$","R","BOSS","M","?","?","M","M","R","?","R","T","E","M","E","R","M","R","BOSS","M","?","?","?","M","E","?","R","T","$","R","M","?","M","R","BOSS"],"build_version":"2019-01-03v4","purchased_purges":2,"victory":false,"max_hp_per_floor":[80,80,85,85,85,85,85,85,85,85,85,85,85,85,85,85,85,85,85,85,85,85,85,85,85,85,85,85,85,85,85,85,85,85,85,85,85,85,85,95,95,95,95,95,95,95,83,83,83,83],"card_choices":[{"not_picked":["Anger","Shrug It Off"],"picked":"Cleave","floor":1},{"not_picked":["Battle Trance","True Grit"],"picked":"Impervious","floor":4},{"not_picked":["Anger","Dropkick"],"picked":"Disarm","floor":6},{"not_picked":["Dropkick","Clothesline"],"picked":"Seeing Red","floor":7},{"not_picked":["Iron Wave","Wild Strike"],"picked":"Havoc","floor":12},{"not_picked":["Clothesline","Havoc"],"picked":"Offering","floor":13},{"not_picked":["Berserk","Offering"],"picked":"Double Tap","floor":16},{"not_picked":["Clash","Iron Wave","Body Slam"],"picked":"SKIP","floor":18},{"not_picked":["Shrug It Off","Sever Soul"],"picked":"Armaments","floor":19},{"not_picked":["Heavy Blade","Clothesline"],"picked":"Rampage","floor":21},{"not_picked":["Rage","Heavy Blade+1"],"picked":"True Grit","floor":22},{"not_picked":["Iron Wave","Perfected Strike"],"picked":"Havoc","floor":27},{"not_picked":["Body Slam+1","Burning Pact","Headbutt"],"picked":"Double Tap","floor":28},{"not_picked":["Pommel Strike+1","Combust","Thunderclap"],"picked":"Carnage+1","floor":29},{"not_picked":["Pommel Strike","Flex+1","Fire Breathing"],"picked":"Warcry","floor":31},{"not_picked":["Limit Break","Feed","Juggernaut"],"picked":"Offering","floor":33},{"not_picked":["Shrug It Off","Perfected Strike","Reckless Charge+1"],"picked":"Bloodletting","floor":35},{"not_picked":["Corruption+1","Havoc","Intimidate","Wild Strike+1"],"picked":"SKIP","floor":39},{"not_picked":["Warcry","Feed","Body Slam+1"],"picked":"Shockwave+1","floor":40},{"not_picked":["Entrench","Pommel Strike","Flex","Armaments"],"picked":"SKIP","floor":46},{"not_picked":["Shrug It Off","Blood for Blood","Fire Breathing+1"],"picked":"Evolve","floor":48}],"player_experience":109424,"relics_obtained":[{"floor":6,"key":"Shovel"},{"floor":9,"key":"Incense Burner"},{"floor":11,"key":"Potion Belt"},{"floor":15,"key":"Torii"},{"floor":23,"key":"Boot"},{"floor":25,"key":"Blood Vial"},{"floor":26,"key":"Dream Catcher"},{"floor":27,"key":"Question Card"},{"floor":29,"key":"Darkstone Periapt"},{"floor":30,"key":"Juzu Bracelet"},{"floor":32,"key":"Pantograph"},{"floor":40,"key":"Pear"},{"floor":43,"key":"Turnip"}],"event_choices":[{"damage_healed":0,"gold_gain":0,"player_choice":"Donut","damage_taken":0,"max_hp_gain":5,"max_hp_loss":0,"event_name":"Big Fish","floor":3,"gold_loss":0},{"damage_healed":0,"gold_gain":0,"player_choice":"Take Damage","damage_taken":21,"relics_obtained":["Golden Idol"],"max_hp_gain":0,"max_hp_loss":0,"event_name":"Golden Idol","floor":5,"gold_loss":0},{"damage_healed":0,"gold_gain":0,"player_choice":"Success","damage_taken":12,"relics_obtained":["Ice Cream"],"max_hp_gain":0,"max_hp_loss":0,"event_name":"Scrap Ooze","floor":8,"gold_loss":0},{"damage_healed":0,"gold_gain":0,"player_choice":"Simplicity","damage_taken":0,"max_hp_gain":0,"max_hp_loss":0,"event_name":"Back to Basics","floor":24,"gold_loss":0,"cards_upgraded":["Strike_R","Strike_R","Strike_R","Strike_R","Defend_R","Defend_R","Defend_R","Defend_R"]},{"damage_healed":0,"gold_gain":100,"player_choice":"Pray","damage_taken":0,"max_hp_gain":0,"max_hp_loss":0,"event_name":"Golden Shrine","floor":36,"gold_loss":0},{"damage_healed":0,"gold_gain":0,"player_choice":"Paid","damage_taken":0,"relics_obtained":["Red Mask"],"max_hp_gain":0,"max_hp_loss":0,"event_name":"Tomb of Lord Red Mask","floor":38,"gold_loss":230},{"damage_healed":0,"gold_gain":0,"player_choice":"Ignored","damage_taken":0,"max_hp_gain":0,"max_hp_loss":0,"event_name":"Mysterious Sphere","floor":41,"gold_loss":0},{"damage_healed":83,"gold_gain":0,"player_choice":"Heal","damage_taken":0,"max_hp_gain":0,"max_hp_loss":12,"event_name":"The Moai Head","floor":47,"gold_loss":0}],"is_beta":false,"boss_relics":[{"not_picked":["Astrolabe","Mark of Pain"],"picked":"Coffee Dripper"},{"not_picked":["Tiny House","Black Star"],"picked":"Philosopher\u0027s Stone"}],"items_purged_floors":[20,37],"is_endless":false,"potions_floor_spawned":[4,7,13,18,22,28,29,35,39,48],"killed_by":"Time Eater","ascension_level":7}