{"gold_per_floor":[113,126,126,136,101,128,128,153,153,153,164,33,33,49,49,49],"floor_reached":16,"playtime":735,"items_purged":[],"score":220,"play_id":"ae9ef538-e1b9-4626-b926-f97dafc43945","local_time":"20190413142132","is_ascension_mode":true,"campfire_choices":[{"data":"Zap","floor":10,"key":"SMITH"},{"data":"Capacitor","floor":13,"key":"SMITH"},{"floor":15,"key":"REST"}],"neow_cost":"NONE","seed_source_timestamp":290008453117900,"circlet_count":0,"master_deck":["AscendersBane","Strike_B","Strike_B","Strike_B","Strike_B","Defend_B","Defend_B","Defend_B","Defend_B","Zap+1","Dualcast","Lockon","Cold Snap","Compile Driver","Static Discharge+1","Hologram","Gash","Genetic Algorithm","Capacitor+1","Ball Lightning"],"relics":["Cracked Core","Juzu Bracelet","Ornamental Fan","Unceasing Top","Ginger"],"potions_floor_usage":[6,16],"damage_taken":[{"damage":1,"enemies":"Cultist","floor":1,"turns":4},{"damage":6,"enemies":"Small Slimes","floor":2,"turns":3},{"damage":0,"enemies":"2 Louse","floor":4,"turns":3},{"damage":23,"enemies":"Gremlin Nob","floor":6,"turns":4},{"damage":23,"enemies":"3 Sentries","floor":8,"turns":5},{"damage":5,"enemies":"2 Fungi Beasts","floor":11,"turns":2},{"damage":7,"enemies":"Exordium Thugs","floor":14,"turns":4},{"damage":51,"enemies":"Slime Boss","floor":16,"turns":6}],"seed_played":"-395672903349425990","potions_obtained":[{"floor":4,"key":"Weak Potion"},{"floor":11,"key":"FearPotion"},{"floor":14,"key":"SkillPotion"}],"is_trial":false,"path_per_floor":["M","M","?","M","?","E","?","E","T","R","M","$","R","M","R","B"],"character_chosen":"DEFECT","items_purchased":["Genetic Algorithm","Capacitor"],"campfire_rested":1,"item_purchase_floors":[12,12],"current_hp_per_floor":[63,57,62,62,76,53,53,30,30,30,25,25,25,18,40,0],"gold":49,"neow_bonus":"RANDOM_COMMON_RELIC","is_prod":false,"is_daily":false,"chose_seed":false,"campfire_upgraded":2,"win_rate":0,"timestamp":1555179692,"path_taken":["M","M","?","M","?","E","?","E","T","R","M","$","R","M","R","BOSS"],"build_version":"2019-01-23","purchased_purges":0,"victory":false,"max_hp_per_floor":[71,71,76,76,76,76,76,76,76,76,76,76,76,76,76,76],"card_choices":[{"not_picked":["Stack","Double Energy"],"picked":"Lockon","floor":1},{"not_picked":["Redo","Darkness"],"picked":"Cold Snap","floor":2},{"not_picked":["Streamline","Scrape"],"picked":"Compile Driver","floor":4},{"not_picked":["Blizzard","Heatsinks"],"picked":"Static Discharge","floor":6},{"not_picked":["Reboot","Redo"],"picked":"Hologram","floor":8},{"not_picked":["Beam Cell","Rebound"],"picked":"Gash","floor":11},{"not_picked":["Rebound","Redo"],"picked":"Ball Lightning","floor":14}],"player_experience":849311,"relics_obtained":[{"floor":6,"key":"Ornamental Fan"},{"floor":8,"key":"Unceasing Top"},{"floor":9,"key":"Ginger"}],"event_choices":[{"damage_healed":0,"gold_gain":0,"player_choice":"Donut","damage_taken":0,"max_hp_gain":5,"max_hp_loss":0,"event_name":"Big Fish","floor":3,"gold_loss":0},{"damage_healed":19,"gold_gain":0,"player_choice":"Healed","damage_taken":0,"max_hp_gain":0,"max_hp_loss":0,"event_name":"The Cleric","floor":5,"gold_loss":35},{"damage_healed":0,"gold_gain":0,"player_choice":"Grow","damage_taken":0,"max_hp_gain":0,"max_hp_loss":0,"event_name":"Living Wall","floor":7,"gold_loss":0,"cards_upgraded":["Static Discharge"]}],"is_beta":false,"boss_relics":[],"items_purged_floors":[],"is_endless":false,"potions_floor_spawned":[4,11,14],"killed_by":"Slime Boss","ascension_level":20}