{"gold_per_floor":[118,118,118,19,44,44,219,219,301,337,9,34,73,73,73,73],"floor_reached":16,"playtime":709,"items_purged":["Injury"],"score":133,"play_id":"2ba22cf6-121c-4b42-bb4f-bcd17decaa9c","local_time":"20190210190117","is_ascension_mode":true,"campfire_choices":[{"data":"Riddle With Holes","floor":6,"key":"SMITH"},{"data":"Flying Knee","floor":8,"key":"SMITH"},{"floor":15,"key":"REST"}],"neow_cost":"NONE","seed_source_timestamp":802254004073009,"circlet_count":0,"master_deck":["Defend_G","Defend_G","Defend_G","Defend_G","Defend_G","Strike_G","Strike_G","Strike_G","Strike_G","Strike_G","Survivor","Neutralize","Riddle With Holes+1","Flying Knee+1","Slice","Quick Slash","Doubt","Prepared","Quick Slash","Deflect","Blade Dance"],"relics":["Ring of the Snake","Golden Idol","Gremlin Horn","Meat on the Bone","Du-Vu Doll","Blue Candle","The Courier","SsserpentHead"],"potions_floor_usage":[12,16],"damage_taken":[{"damage":0,"enemies":"Jaw Worm","floor":1,"turns":6},{"damage":0,"enemies":"2 Louse","floor":5,"turns":3},{"damage":25,"enemies":"Gremlin Nob","floor":10,"turns":4},{"damage":1,"enemies":"Small Slimes","floor":12,"turns":2},{"damage":25,"enemies":"3 Sentries","floor":13,"turns":8},{"damage":55,"enemies":"The Guardian","floor":16,"turns":12}],"seed_played":"-721826942198133406","potions_obtained":[{"floor":10,"key":"Ancient Potion"},{"floor":12,"key":"Fruit Juice"},{"floor":13,"key":"Weak Potion"}],"is_trial":false,"path_per_floor":["M","?","?","$","M","R","?","R","T","E","$","M","E","?","R","B"],"character_chosen":"THE_SILENT","items_purchased":["Slice","Blue Candle","Quick Slash","Deflect"],"campfire_rested":1,"item_purchase_floors":[4,11,11,11],"current_hp_per_floor":[70,70,63,63,63,63,63,63,63,38,38,42,29,29,51,0],"gold":73,"neow_bonus":"THREE_CARDS","is_prod":false,"is_daily":false,"chose_seed":false,"campfire_upgraded":2,"win_rate":0,"timestamp":1549846877,"path_taken":["M","?","?","?","M","R","?","R","T","E","$","M","E","?","R","BOSS"],"build_version":"2019-01-23","purchased_purges":1,"victory":false,"max_hp_per_floor":[70,70,70,70,70,70,70,70,70,70,70,75,75,75,75,75],"card_choices":[{"not_picked":["Acrobatics","Underhanded Strike"],"picked":"Riddle With Holes","floor":0},{"not_picked":["Outmaneuver","Flechettes"],"picked":"Flying Knee","floor":1},{"not_picked":["Choke","Well Laid Plans"],"picked":"Quick Slash","floor":5},{"not_picked":["Sucker Punch","Setup"],"picked":"Prepared","floor":10},{"not_picked":["Finisher","Acrobatics","Calculated Gamble"],"picked":"SKIP","floor":12},{"not_picked":["Outmaneuver","Prepared"],"picked":"Blade Dance","floor":13}],"player_experience":758406,"relics_obtained":[{"floor":9,"key":"Meat on the Bone"},{"floor":10,"key":"Du-Vu Doll"},{"floor":13,"key":"The Courier"}],"event_choices":[{"damage_healed":0,"gold_gain":0,"player_choice":"Take Wound","damage_taken":0,"relics_obtained":["Golden Idol"],"max_hp_gain":0,"max_hp_loss":0,"event_name":"Golden Idol","floor":2,"gold_loss":0,"cards_obtained":["Injury"]},{"damage_healed":0,"gold_gain":0,"player_choice":"Success","damage_taken":7,"relics_obtained":["Gremlin Horn"],"max_hp_gain":0,"max_hp_loss":0,"event_name":"Scrap Ooze","floor":3,"gold_loss":0},{"damage_healed":0,"gold_gain":175,"player_choice":"AGREE","damage_taken":0,"max_hp_gain":0,"max_hp_loss":0,"event_name":"Liars Game","floor":7,"gold_loss":0,"cards_obtained":["Doubt"]},{"damage_healed":0,"gold_gain":0,"player_choice":"Trade","damage_taken":0,"relics_obtained":["SsserpentHead"],"max_hp_gain":0,"max_hp_loss":0,"event_name":"FaceTrader","floor":14,"gold_loss":0}],"is_beta":false,"boss_relics":[],"items_purged_floors":[4],"is_endless":false,"potions_floor_spawned":[10,12,13],"killed_by":"The Guardian","ascension_level":5}