{"gold_per_floor":[115,132,132,132,51,86,86,112,112,112,122,140,12,31,31,127,127,143,143,154,171,171,171,190,190],"floor_reached":25,"playtime":2057,"items_purged":["Strike_B"],"score":366,"play_id":"1b13ba21-8c39-4841-a6c9-1a784d0dd132","local_time":"20190324192534","is_ascension_mode":true,"campfire_choices":[{"data":"Darkness","floor":7.0,"key":"SMITH"},{"floor":10.0,"key":"REST"},{"floor":15.0,"key":"REST"},{"floor":23,"key":"REST"}],"neow_cost":"NONE","seed_source_timestamp":0,"circlet_count":0,"master_deck":["AscendersBane","Strike_B+1","Strike_B","Defend_B","Defend_B+1","Defend_B","Defend_B","Zap+1","Dualcast","Consume","Compile Driver","Darkness+1","Auto Shields","Conserve Battery","Hologram","Capacitor","Go for the Eyes","White Noise","Electrodynamics","Ball Lightning","Genetic Algorithm","Loop","Skim"],"special_seed":0,"relics":["Cracked Core","Pear","Bird Faced Urn","Strawberry","Cursed Key","Nilry\u0027s Codex"],"potions_floor_usage":[16],"damage_taken":[{"damage":6.0,"enemies":"2 Louse","floor":1.0,"turns":2.0},{"damage":4.0,"enemies":"Small Slimes","floor":2.0,"turns":4.0},{"damage":10.0,"enemies":"Lagavulin","floor":6.0,"turns":5.0},{"damage":42.0,"enemies":"3 Sentries","floor":8.0,"turns":8.0},{"damage":5.0,"enemies":"Jaw Worm","floor":11.0,"turns":4.0},{"damage":1.0,"enemies":"2 Fungi Beasts","floor":12.0,"turns":3.0},{"damage":5.0,"enemies":"Red Slaver","floor":14.0,"turns":4.0},{"damage":8,"enemies":"The Guardian","floor":16,"turns":8},{"damage":17,"enemies":"3 Byrds","floor":18,"turns":3},{"damage":21,"enemies":"2 Thieves","floor":20,"turns":3},{"damage":37,"enemies":"Snake Plant","floor":21,"turns":5},{"damage":7,"enemies":"Centurion and Healer","floor":24,"turns":5},{"damage":37,"enemies":"Slavers","floor":25,"turns":2}],"seed_played":"7063247127103464213","potions_obtained":[{"floor":6.0,"key":"GamblersBrew"},{"floor":8.0,"key":"FocusPotion"},{"floor":12.0,"key":"Dexterity Potion"},{"floor":24,"key":"Weak Potion"}],"is_trial":false,"path_per_floor":["M","M","?","?","$","E","R","E","T","R","M","M","$","M","R","B",null,"M","?","M","M","?","R","M","E"],"character_chosen":"DEFECT","items_purchased":["Darkness","Go for the Eyes"],"campfire_rested":3,"item_purchase_floors":[5,13],"current_hp_per_floor":[62,58,43,43,43,43,43,1,8,35,30,29,29,24,51,47,81,68,68,49,18,2,29,30,0],"gold":190,"neow_bonus":"UPGRADE_CARD","is_prod":false,"is_daily":false,"chose_seed":false,"campfire_upgraded":1,"win_rate":0,"timestamp":1553469934,"path_taken":["M","M","?","?","?","E","R","E","T","R","M","M","$","M","R","BOSS","M","?","M","?","?","R","M","E"],"build_version":"2019-01-23","purchased_purges":1,"victory":false,"max_hp_per_floor":[75,75,75,75,75,85,85,85,92,92,92,92,92,92,92,92,92,92,92,92,92,92,92,92,92],"card_choices":[{"not_picked":["Leap","Sweeping Beam"],"picked":"Consume","floor":1.0},{"not_picked":["Streamline","Sunder"],"picked":"Compile Driver","floor":2.0},{"not_picked":["Ball Lightning","Stack"],"picked":"Auto Shields","floor":6.0},{"not_picked":["Barrage","Coolheaded"],"picked":"Conserve Battery","floor":8.0},{"not_picked":["Gash","Turbo"],"picked":"Hologram","floor":11.0},{"not_picked":["Leap","Ball Lightning"],"picked":"Capacitor","floor":12.0},{"not_picked":["Beam Cell","Darkness"],"picked":"White Noise","floor":14.0},{"not_picked":["Creative AI","Fission"],"picked":"Electrodynamics","floor":16},{"not_picked":["Streamline","Sweeping Beam"],"picked":"Ball Lightning","floor":18},{"not_picked":["Melter","Heatsinks"],"picked":"Loop","floor":20},{"not_picked":["Go for the Eyes","Beam Cell","Gash"],"picked":"SKIP","floor":21},{"not_picked":["Sweeping Beam","Gash"],"picked":"Skim","floor":24}],"player_experience":2000730,"relics_obtained":[{"floor":6.0,"key":"Pear"},{"floor":8.0,"key":"Bird Faced Urn"},{"floor":9.0,"key":"Strawberry"},{"floor":22,"key":"Nilry\u0027s Codex"}],"event_choices":[{"damage_healed":0.0,"max_hp_gain":0.0,"max_hp_loss":0.0,"gold_gain":0.0,"event_name":"Shining Light","player_choice":"Entered Light","floor":3.0,"gold_loss":0.0,"damage_taken":15.0,"cards_upgraded":["Strike_B","Defend_B"]},{"damage_healed":0.0,"max_hp_gain":0.0,"max_hp_loss":0.0,"gold_gain":0.0,"event_name":"Liars Game","player_choice":"Ignored","floor":4.0,"gold_loss":0.0,"damage_taken":0.0},{"damage_healed":0,"gold_gain":0,"cards_transformed":["Strike_B"],"player_choice":"Transformed","damage_taken":0,"max_hp_gain":0,"max_hp_loss":0,"event_name":"Transmorgrifier","floor":19,"gold_loss":0,"cards_obtained":["Genetic Algorithm"]},{"damage_healed":0,"gold_gain":0,"player_choice":"Obtained Book","damage_taken":16,"max_hp_gain":0,"max_hp_loss":0,"event_name":"Cursed Tome","floor":22,"gold_loss":0}],"is_beta":false,"boss_relics":[{"not_picked":["Empty Cage","White Beast Statue"],"picked":"Cursed Key"}],"items_purged_floors":[13],"is_endless":false,"potions_floor_spawned":[6,8,12,24],"killed_by":"Slavers","ascension_level":12}