{"gold_per_floor":[18,32,32,48,48,77,77,102,102,118,118,143,143,155,155,258,258,273,49,49,60,72,107,107,141,141,141,158,174,174],"floor_reached":30,"playtime":1717,"items_purged":[],"score":498,"play_id":"82f4f380-5753-4c1d-bcbf-e47b79a8732f","local_time":"20180810175807","is_ascension_mode":true,"campfire_choices":[{"data":"Sunder","floor":7,"key":"SMITH"},{"floor":11,"key":"REST"},{"data":"Go for the Eyes","floor":15,"key":"SMITH"},{"data":"Capacitor","floor":24,"key":"SMITH"},{"data":"Reinforced Body","floor":27,"key":"SMITH"}],"neow_cost":"NO_GOLD","seed_source_timestamp":1576008896718890,"circlet_count":0,"master_deck":["Strike_B","Strike_B","Strike_B","Strike_B","Defend_B","Defend_B","Defend_B","Zap+1","Dualcast","AscendersBane","Conserve Battery","Conserve Battery","Sunder+1","Streamline","Ball Lightning","Compile Driver","Ball Lightning","Reinforced Body+1","Go for the Eyes+1","Machine Learning","Conserve Battery+1","Echo Form","Cold Snap","Cold Snap+1","Capacitor+1","Sweeping Beam","Tempest"],"relics":["Cracked Core","Du-Vu Doll","Pear","Mango","Odd Mushroom","Nuclear Battery","Orichalcum","Dead Branch","Strawberry","Gremlin Horn"],"potions_floor_usage":[16,21,23,25,28],"damage_taken":[{"damage":10,"enemies":"Small Slimes","floor":1,"turns":3},{"damage":0,"enemies":"Cultist","floor":2,"turns":4},{"damage":0,"enemies":"2 Louse","floor":4,"turns":2},{"damage":11,"enemies":"3 Sentries","floor":6,"turns":7},{"damage":28,"enemies":"Lagavulin","floor":8,"turns":6},{"damage":0,"enemies":"Large Slime","floor":10,"turns":3},{"damage":0,"floor":12,"turns":2},{"damage":21,"enemies":"3 Louse","floor":14,"turns":3},{"damage":45,"enemies":"The Guardian","floor":16,"turns":8},{"damage":15,"enemies":"3 Byrds","floor":18,"turns":5},{"damage":5,"enemies":"Spheric Guardian","floor":21,"turns":3},{"damage":14,"enemies":"Centurion and Healer","floor":22,"turns":5},{"damage":1,"enemies":"Slavers","floor":23,"turns":5},{"damage":16,"enemies":"Gremlin Leader","floor":25,"turns":6},{"damage":1,"enemies":"Chosen and Byrds","floor":28,"turns":4},{"damage":22,"enemies":"Sentry and Sphere","floor":29,"turns":4},{"damage":29,"enemies":"Snake Plant","floor":30,"turns":2}],"seed_played":"-558830610443448423","potions_obtained":[{"floor":4,"key":"EssenceOfSteel"},{"floor":8,"key":"AttackPotion"},{"floor":10,"key":"PowerPotion"},{"floor":20,"key":"Fruit Juice"},{"floor":20,"key":"FocusPotion"},{"floor":22,"key":"AttackPotion"},{"floor":23,"key":"Energy Potion"},{"floor":25,"key":"AttackPotion"}],"is_trial":false,"path_per_floor":["M","M","?","M","?","E","R","E","T","M","R","?","?","M","R","B",null,"M","$","?","M","M","E","R","E","T","R","M","M"],"character_chosen":"DEFECT","items_purchased":["Orichalcum","Echo Form"],"campfire_rested":1,"item_purchase_floors":[19,19],"current_hp_per_floor":[72,72,72,72,72,61,61,43,57,57,90,90,90,69,69,24,91,76,76,76,76,62,61,61,52,52,52,51,29,0],"gold":174,"neow_bonus":"TWENTY_PERCENT_HP_BONUS","is_prod":false,"is_daily":false,"chose_seed":false,"campfire_upgraded":4,"win_rate":0,"timestamp":1533949087,"path_taken":["M","M","?","M","?","E","R","E","T","M","R","?","?","M","R","BOSS","M","$","?","?","M","E","R","E","T","R","M","M","M"],"build_version":"2018-08-09","purchased_purges":0,"victory":false,"max_hp_per_floor":[89,89,89,89,89,89,89,99,113,113,113,113,113,113,113,113,113,113,113,113,118,118,118,118,125,125,125,125,125,125],"card_choices":[{"not_picked":["Gash","Beam Cell"],"picked":"Conserve Battery","floor":1},{"not_picked":["Recycle","Barrage"],"picked":"Conserve Battery","floor":2},{"not_picked":["Stack","Recycle"],"picked":"Sunder","floor":4},{"not_picked":["Redo","Leap"],"picked":"Ball Lightning","floor":6},{"not_picked":["Aggregate","Reprogram"],"picked":"Compile Driver","floor":8},{"not_picked":["Hyperbeam","Sunder"],"picked":"Ball Lightning","floor":10},{"not_picked":["Leap","Skim"],"picked":"Reinforced Body","floor":12},{"not_picked":["Scrape","Rebound"],"picked":"Go for the Eyes","floor":14},{"not_picked":["All For One","Seek"],"picked":"Machine Learning","floor":16},{"not_picked":["Barrage+1","Coolheaded"],"picked":"Conserve Battery+1","floor":18},{"not_picked":["Scrape","Rebound"],"picked":"Cold Snap","floor":21},{"not_picked":["Redo","Go for the Eyes"],"picked":"Cold Snap+1","floor":22},{"not_picked":["Rebound","Hologram"],"picked":"Capacitor","floor":23},{"not_picked":["Sweeping Beam","Fusion","Rebound"],"picked":"SKIP","floor":25},{"not_picked":["Hello World","Heatsinks+1"],"picked":"Sweeping Beam","floor":28},{"not_picked":["Gash","Recycle"],"picked":"Tempest","floor":29}],"player_experience":424494,"relics_obtained":[{"floor":6,"key":"Du-Vu Doll"},{"floor":8,"key":"Pear"},{"floor":9,"key":"Mango"},{"floor":12,"key":"Odd Mushroom"},{"floor":23,"key":"Dead Branch"},{"floor":25,"key":"Strawberry"},{"floor":26,"key":"Gremlin Horn"}],"event_choices":[{"event_name":"Living Wall","player_choice":"Grow","floor":3,"damage_taken":0},{"event_name":"Transmorgrifier","player_choice":"Transform","floor":5,"damage_taken":0},{"event_name":"Mushrooms","player_choice":"Fought Mushrooms","floor":12,"damage_taken":0},{"event_name":"The Woman in Blue","player_choice":"Bought 0 Potions","floor":13,"damage_taken":0},{"event_name":"The Lab","player_choice":"Got Potions","floor":20,"damage_taken":0}],"is_beta":false,"boss_relics":[{"not_picked":["Busted Crown","Orrery"],"picked":"Nuclear Battery"}],"items_purged_floors":[],"is_endless":false,"potions_floor_spawned":[4,8,10,12,22,23,25],"killed_by":"Snake Plant","ascension_level":12}