{"gold_per_floor":[114,126,126,126,126,126,140,163,186,198,233,286,312,667,679,691],"floor_reached":16,"playtime":1029,"items_purged":[],"score":187,"play_id":"8be70f92-95ab-40b2-bd73-a514139c5c30","local_time":"20180817174545","is_ascension_mode":true,"campfire_choices":[{"data":"Feed","floor":6.0,"key":"SMITH"},{"data":"Clothesline","floor":10,"key":"SMITH"},{"floor":15,"key":"REST"}],"neow_cost":"PERCENT_DAMAGE","seed_source_timestamp":42496729296304,"circlet_count":0,"master_deck":["Strike_R+1","Strike_R","Strike_R","Strike_R","Strike_R","Defend_R","Defend_R","Defend_R","Defend_R","Bash","AscendersBane","Feed+1","Shockwave","Whirlwind","Clothesline+1","Pommel Strike+1","Clothesline","Iron Wave"],"special_seed":0,"relics":["Burning Blood","Golden Idol","MawBank","Art of War","Whetstone","Old Coin"],"potions_floor_usage":[16,16],"damage_taken":[{"damage":17.0,"enemies":"Cultist","floor":1.0,"turns":6.0},{"damage":3.0,"enemies":"2 Louse","floor":2.0,"turns":7.0},{"damage":11.0,"enemies":"Jaw Worm","floor":7.0,"turns":7.0},{"damage":11,"enemies":"Exordium Wildlife","floor":8,"turns":5},{"damage":29,"enemies":"Gremlin Nob","floor":12,"turns":5},{"damage":12,"enemies":"3 Louse","floor":13,"turns":5},{"damage":32,"enemies":"3 Sentries","floor":14,"turns":9},{"damage":46,"enemies":"Slime Boss","floor":16,"turns":13}],"seed_played":"-3714190255324438415","potions_obtained":[{"floor":2.0,"key":"Poison Potion"},{"floor":8,"key":"Poison Potion"}],"is_trial":false,"path_per_floor":["M","M","?","?","?","R","M","M","T","R","T","E","M","E","R"],"character_chosen":"IRONCLAD","items_purchased":[],"campfire_rested":1,"item_purchase_floors":[],"current_hp_per_floor":[39,45,45,45,69,69,68,67,67,67,67,44,42,20,46,0],"gold":691,"neow_bonus":"THREE_RARE_CARDS","is_prod":false,"is_daily":false,"chose_seed":false,"campfire_upgraded":2,"win_rate":0,"timestamp":1534553145,"path_taken":["M","?","?","?","?","R","M","M","T","R","?","E","?","E","R","BOSS"],"build_version":"2018-08-16","purchased_purges":0,"victory":false,"max_hp_per_floor":[75,78,72,72,72,72,76,80,80,80,80,80,84,88,88,88],"card_choices":[{"not_picked":["Offering","Fiend Fire"],"picked":"Feed","floor":0.0},{"not_picked":["Thunderclap","Anger"],"picked":"Shockwave","floor":1.0},{"not_picked":["Armaments","Combust"],"picked":"Whirlwind","floor":2.0},{"not_picked":["Searing Blow","Power Through"],"picked":"Clothesline","floor":7.0},{"not_picked":["Intimidate","Warcry"],"picked":"Pommel Strike","floor":8},{"not_picked":["Flex","Wild Strike"],"picked":"Clothesline","floor":12},{"not_picked":["Corruption","Evolve"],"picked":"Iron Wave","floor":13},{"not_picked":["Brutality","Dropkick","Flex"],"picked":"SKIP","floor":14}],"player_experience":490758,"relics_obtained":[{"floor":9,"key":"MawBank"},{"floor":11,"key":"Art of War"},{"floor":12,"key":"Whetstone"},{"floor":14,"key":"Old Coin"}],"event_choices":[{"event_name":"Golden Idol","player_choice":"Lose Max HP","floor":3.0,"damage_taken":0.0},{"event_name":"Liars Game","player_choice":"disagreed","floor":4.0,"damage_taken":0.0},{"event_name":"Big Fish","player_choice":"Banana","floor":5.0,"damage_taken":0.0}],"is_beta":false,"boss_relics":[],"items_purged_floors":[],"is_endless":false,"potions_floor_spawned":[2,8,12,13,14],"killed_by":"Slime Boss","ascension_level":14}