{"gold_per_floor":[363,363,363,35,51,92,92,126,152,175,214,214,214,235,235,328,328,352,396,446,464,464,464,497,497,497,497,497],"floor_reached":28,"playtime":2251,"items_purged":["Regret"],"score":540,"play_id":"9aee36ce-e072-4a2b-9adb-06e61bde06a9","local_time":"20190322200531","is_ascension_mode":true,"campfire_choices":[{"data":"Neutralize","floor":7.0,"key":"SMITH"},{"floor":13.0,"key":"REST"},{"data":"Cloak And Dagger","floor":15.0,"key":"SMITH"},{"floor":23,"key":"REST"},{"floor":25,"key":"REST"},{"data":"After Image","floor":27,"key":"SMITH"}],"neow_cost":"TEN_PERCENT_HP_LOSS","seed_source_timestamp":0,"circlet_count":0,"master_deck":["AscendersBane","Defend_G","Defend_G","Defend_G","Defend_G","Defend_G","Strike_G","Strike_G","Strike_G","Strike_G","Strike_G","Survivor","Neutralize+1","Skewer","Injury","Cloak And Dagger+1","Endless Agony","Predator","Deflect","Cloak And Dagger","After Image+1","Flying Knee","Tools of the Trade","Masterful Stab","Deflect+1","Calculated Gamble","Wraith Form v2"],"special_seed":0,"relics":["Ring of the Serpent","Bloody Idol","Orichalcum","Membership Card","FossilizedHelix","Letter Opener","Pen Nib","Matryoshka","Oddly Smooth Stone","Red Mask","Shuriken","Juzu Bracelet","Paper Crane"],"potions_floor_usage":[19,19,24],"damage_taken":[{"damage":1.0,"enemies":"Small Slimes","floor":1.0,"turns":4.0},{"damage":0.0,"enemies":"Jaw Worm","floor":5.0,"turns":2.0},{"damage":28.0,"enemies":"3 Sentries","floor":6.0,"turns":13.0},{"damage":0.0,"enemies":"Gremlin Nob","floor":8.0,"turns":3.0},{"damage":0.0,"enemies":"2 Louse","floor":10.0,"turns":3.0},{"damage":8.0,"enemies":"3 Sentries","floor":11.0,"turns":9.0},{"damage":0.0,"enemies":"Large Slime","floor":14.0,"turns":5.0},{"damage":28.0,"enemies":"The Guardian","floor":16.0,"turns":17.0},{"damage":9.0,"enemies":"Spheric Guardian","floor":18.0,"turns":8.0},{"damage":35,"enemies":"Masked Bandits","floor":19,"turns":6},{"damage":0,"enemies":"Chosen","floor":21,"turns":5},{"damage":18,"enemies":"Book of Stabbing","floor":24,"turns":8},{"damage":28,"enemies":"Slavers","floor":28,"turns":3}],"seed_played":"-1672542189090293428","potions_obtained":[{"floor":5.0,"key":"GamblersBrew"},{"floor":6.0,"key":"FearPotion"},{"floor":10.0,"key":"Swift Potion"},{"floor":16.0,"key":"Swift Potion"},{"floor":21,"key":"Poison Potion"}],"is_trial":false,"path_per_floor":["M","?","?","$","M","E","R","E","T","M","E","?","R","M","R","B",null,"M","?","?","M","?","R","E","R","T","R","E"],"character_chosen":"THE_SILENT","items_purchased":["Membership Card","Cloak And Dagger","Endless Agony"],"campfire_rested":3,"item_purchase_floors":[4,4,4],"current_hp_per_floor":[58,58,58,58,58,30,30,30,30,30,22,17,35,35,35,7,47,38,3,3,3,3,21,8,26,26,26,0],"gold":497,"neow_bonus":"TWO_FIFTY_GOLD","is_prod":false,"is_daily":false,"chose_seed":false,"campfire_upgraded":3,"win_rate":0,"timestamp":1553299531,"path_taken":["M","?","?","$","M","E","R","E","T","M","E","?","R","M","R","BOSS","M","?","?","?","?","R","E","R","T","R","E"],"build_version":"2019-01-23","purchased_purges":1,"victory":false,"max_hp_per_floor":[60,60,60,60,60,60,60,60,60,60,60,60,60,60,60,60,60,60,60,60,60,60,60,60,60,60,60,60],"card_choices":[{"not_picked":["Backflip","Escape Plan"],"picked":"Skewer","floor":1.0},{"not_picked":["Expertise","Deadly Poison","Outmaneuver"],"picked":"SKIP","floor":5.0},{"not_picked":["PiercingWail","Deflect"],"picked":"Predator","floor":6.0},{"not_picked":["Backflip","Acrobatics"],"picked":"Deflect","floor":8.0},{"not_picked":["Underhanded Strike","Acrobatics"],"picked":"Cloak And Dagger","floor":10.0},{"not_picked":["Outmaneuver","Prepared"],"picked":"After Image","floor":11.0},{"not_picked":["Deadly Poison","Outmaneuver"],"picked":"Flying Knee","floor":14.0},{"not_picked":["Phantasmal Killer","Night Terror"],"picked":"Tools of the Trade","floor":16.0},{"not_picked":["Flying Knee","PiercingWail"],"picked":"Masterful Stab","floor":18.0},{"not_picked":["Infinite Blades+1","Tactician"],"picked":"Deflect+1","floor":19},{"not_picked":["Poisoned Stab","Outmaneuver"],"picked":"Calculated Gamble","floor":21},{"not_picked":["Prepared","Acrobatics"],"picked":"Wraith Form v2","floor":24}],"player_experience":755552,"relics_obtained":[{"floor":6.0,"key":"FossilizedHelix"},{"floor":8.0,"key":"Letter Opener"},{"floor":9.0,"key":"Pen Nib"},{"floor":11.0,"key":"Matryoshka"},{"floor":19,"key":"Red Mask"},{"floor":24,"key":"Shuriken"},{"floor":26,"key":"Juzu Bracelet"},{"floor":26,"key":"Paper Crane"}],"event_choices":[{"damage_healed":0.0,"max_hp_gain":0.0,"max_hp_loss":0.0,"gold_gain":0.0,"event_name":"Golden Idol","player_choice":"Take Wound","floor":2.0,"gold_loss":0.0,"damage_taken":0.0,"relics_obtained":["Golden Idol"],"cards_obtained":["Injury"]},{"damage_healed":0.0,"max_hp_gain":0.0,"max_hp_loss":0.0,"gold_gain":0.0,"event_name":"Big Fish","player_choice":"Box","floor":3.0,"gold_loss":0.0,"damage_taken":0.0,"relics_obtained":["Orichalcum"],"cards_obtained":["Regret"]},{"damage_healed":0.0,"max_hp_gain":0.0,"max_hp_loss":0.0,"gold_gain":0.0,"event_name":"Scrap Ooze","player_choice":"Success","floor":12.0,"gold_loss":0.0,"damage_taken":5.0,"relics_obtained":["Oddly Smooth Stone"]},{"damage_healed":0,"gold_gain":0,"player_choice":"Fought Bandits","damage_taken":0,"max_hp_gain":0,"max_hp_loss":0,"event_name":"Masked Bandits","floor":19,"gold_loss":0},{"damage_healed":0,"gold_gain":50,"player_choice":"Stole From Cult","damage_taken":0,"max_hp_gain":0,"max_hp_loss":0,"event_name":"Nest","floor":20,"gold_loss":0},{"damage_healed":0,"gold_gain":0,"player_choice":"Gave Idol","damage_taken":0,"relics_obtained":["Bloody Idol"],"max_hp_gain":0,"max_hp_loss":0,"event_name":"Forgotten Altar","floor":22,"relics_lost":["Golden Idol"],"gold_loss":0}],"is_beta":false,"boss_relics":[{"not_picked":["Velvet Choker","Orrery"],"picked":"Ring of the Serpent"}],"items_purged_floors":[4],"is_endless":false,"potions_floor_spawned":[5,6,10,16,21],"killed_by":"Slavers","ascension_level":19}