{"gold_per_floor":[110,129,159,159,11,11,24,59,82,94,121,133,162,206,218,230],"floor_reached":16,"playtime":1061,"items_purged":["Regret"],"score":138,"play_id":"3538776f-b6d8-4dde-85f2-701e6fbed900","local_time":"20190108211632","is_ascension_mode":true,"campfire_choices":[{"data":"Noxious Fumes","floor":6,"key":"SMITH"},{"floor":10,"key":"REST"},{"data":"Caltrops","floor":15,"key":"SMITH"}],"neow_cost":"NONE","seed_source_timestamp":306491135871039,"circlet_count":0,"master_deck":["Defend_G","Defend_G","Defend_G+1","Defend_G","Defend_G","Strike_G","Strike_G+1","Strike_G","Strike_G","Survivor","Neutralize","Panacea","Tactician","Sucker Punch","Noxious Fumes+1","Cloak And Dagger","Cloak And Dagger","Acrobatics","Burst","Dodge and Roll","Caltrops+1"],"relics":["Ring of the Snake","Tiny Chest","Smiling Mask","MawBank","Blood Vial"],"potions_floor_usage":[16],"damage_taken":[{"damage":0,"enemies":"Cultist","floor":1,"turns":5},{"damage":11,"enemies":"Small Slimes","floor":2,"turns":6},{"damage":5,"enemies":"Jaw Worm","floor":7,"turns":5},{"damage":14,"enemies":"Gremlin Nob","floor":8,"turns":4},{"damage":0,"enemies":"Blue Slaver","floor":11,"turns":4},{"damage":10,"enemies":"Lots of Slimes","floor":13,"turns":4},{"damage":9,"enemies":"Lagavulin","floor":14,"turns":8},{"damage":45,"enemies":"Slime Boss","floor":16,"turns":8}],"seed_played":"-118710309365561027","potions_obtained":[{"floor":2,"key":"Energy Potion"},{"floor":7,"key":"AttackPotion"},{"floor":11,"key":"FearPotion"}],"is_trial":false,"path_per_floor":["M","M","?","?","$","R","M","E","T","R","M","?","M","E","R","B"],"character_chosen":"THE_SILENT","items_purchased":["Noxious Fumes"],"campfire_rested":1,"item_purchase_floors":[5],"current_hp_per_floor":[70,59,59,45,45,45,40,26,26,47,47,47,37,28,28,0],"gold":230,"neow_bonus":"RANDOM_COLORLESS","is_prod":false,"is_daily":false,"chose_seed":false,"campfire_upgraded":2,"win_rate":0,"timestamp":1547003792,"path_taken":["M","M","?","?","$","R","M","E","T","R","M","?","M","E","R","BOSS"],"build_version":"2019-01-03v4","purchased_purges":1,"victory":false,"max_hp_per_floor":[70,70,70,70,70,70,70,70,70,70,70,70,70,70,70,70],"card_choices":[{"not_picked":["Eviscerate","Terror"],"picked":"Tactician","floor":1},{"not_picked":["Flechettes","Masterful Stab"],"picked":"Sucker Punch","floor":2},{"not_picked":["Acrobatics","Blade Dance"],"picked":"Cloak And Dagger","floor":7},{"not_picked":["Prepared","Endless Agony"],"picked":"Cloak And Dagger","floor":8},{"not_picked":["Flechettes","Skewer"],"picked":"Acrobatics","floor":11},{"not_picked":["Masterful Stab","Storm of Steel"],"picked":"Dodge and Roll","floor":13},{"not_picked":["Dodge and Roll","Dagger Throw"],"picked":"Caltrops","floor":14}],"player_experience":682605,"relics_obtained":[{"floor":8,"key":"Smiling Mask"},{"floor":9,"key":"MawBank"},{"floor":14,"key":"Blood Vial"}],"event_choices":[{"damage_healed":0,"gold_gain":0,"player_choice":"Box","damage_taken":0,"relics_obtained":["Tiny Chest"],"max_hp_gain":0,"max_hp_loss":0,"event_name":"Big Fish","floor":3,"gold_loss":0,"cards_obtained":["Regret"]},{"damage_healed":0,"gold_gain":0,"player_choice":"Entered Light","damage_taken":14,"max_hp_gain":0,"max_hp_loss":0,"event_name":"Shining Light","floor":4,"gold_loss":0,"cards_upgraded":["Defend_G","Strike_G"]},{"damage_healed":0,"gold_gain":0,"cards_transformed":["Strike_G"],"player_choice":"Change","damage_taken":0,"max_hp_gain":0,"max_hp_loss":0,"event_name":"Living Wall","floor":12,"gold_loss":0,"cards_obtained":["Burst"]}],"is_beta":false,"boss_relics":[],"items_purged_floors":[5],"is_endless":false,"potions_floor_spawned":[2,7,11],"killed_by":"Slime Boss","ascension_level":5}