{"gold_per_floor":[210,49,49,64,75,103,158,186,186,216,231,231,252,265,265,395,395,416,441,441,460,383,410,410,438,438,94,106,133,147,160,160,257,257,275,292,292,96,0,0,30,43,43,43,61,61,61,78,78,78],"floor_reached":51,"playtime":3020,"items_purged":["Strike_R","Injury","Strike_R"],"score":936,"play_id":"9c224a0e-12df-4707-968e-136b2b075109","local_time":"20180727043942","is_ascension_mode":true,"campfire_choices":[{"data":"Uppercut","floor":15,"key":"SMITH"},{"data":"Inflame","floor":24,"key":"SMITH"},{"floor":32,"key":"REST"},{"data":"Limit Break","floor":40,"key":"SMITH"},{"data":"Limit Break","floor":46,"key":"SMITH"},{"data":"Spot Weakness","floor":49,"key":"SMITH"}],"neow_cost":"NONE","seed_source_timestamp":317166253307559,"circlet_count":0,"master_deck":["Strike_R","Strike_R","Strike_R","Defend_R","Defend_R","Defend_R","Defend_R","Bash","Uppercut+1","Shrug It Off","Anger","Flame Barrier","Inflame+1","Pummel","Disarm","Whirlwind","Battle Trance","Immolate","Battle Trance","J.A.X.","True Grit","Shrug It Off","Limit Break+1","Deep Breath","Shrug It Off","Bludgeon","Limit Break+1","Spot Weakness+1","Madness","Madness","Inflame","Anger+1","Decay","Cleave+1","Disarm"],"relics":["Burning Blood","Ancient Tea Set","Sundial","Art of War","Mummified Hand","Bird Faced Urn","Bloody Idol","Cursed Key","Boot","Potion Belt","Self Forming Clay","Anchor","Velvet Choker","Red Mask","Red Skull","Bottled Tornado"],"potions_floor_usage":[6,10,10,16,23,23,33,41,50,50],"damage_taken":[{"damage":1,"enemies":"Cultist","floor":1,"turns":3},{"damage":8,"enemies":"Jaw Worm","floor":4,"turns":5},{"damage":0,"enemies":"2 Louse","floor":5,"turns":4},{"damage":10,"enemies":"3 Sentries","floor":6,"turns":8},{"damage":14,"enemies":"3 Sentries","floor":7,"turns":7},{"damage":10,"enemies":"Lagavulin","floor":8,"turns":7},{"damage":6,"enemies":"Gremlin Nob","floor":10,"turns":3},{"damage":0,"enemies":"Large Slime","floor":11,"turns":4},{"damage":1,"enemies":"Looter","floor":13,"turns":4},{"damage":6,"enemies":"3 Louse","floor":14,"turns":2},{"damage":6,"enemies":"The Guardian","floor":16,"turns":11},{"damage":5,"enemies":"Shell Parasite","floor":18,"turns":4},{"damage":6,"enemies":"Chosen","floor":19,"turns":4},{"damage":1,"enemies":"Snake Plant","floor":21,"turns":3},{"damage":22,"enemies":"Gremlin Leader","floor":23,"turns":4},{"damage":27,"enemies":"Slavers","floor":25,"turns":2},{"damage":6,"enemies":"Snecko","floor":28,"turns":4},{"damage":57,"enemies":"Gremlin Leader","floor":29,"turns":7},{"damage":18,"enemies":"Centurion and Healer","floor":30,"turns":5},{"damage":0,"enemies":"Chosen and Byrds","floor":31,"turns":3},{"damage":18,"enemies":"Collector","floor":33,"turns":5},{"damage":3,"enemies":"3 Shapes","floor":35,"turns":3},{"damage":18,"enemies":"3 Darklings","floor":36,"turns":3},{"damage":16,"enemies":"2 Orb Walkers","floor":41,"turns":4},{"damage":32,"enemies":"Transient","floor":42,"turns":5},{"damage":4,"enemies":"Sphere and 2 Shapes","floor":45,"turns":3},{"damage":3,"enemies":"Flame Bruiser 2 Orb","floor":48,"turns":3},{"damage":68,"enemies":"Donu and Deca","floor":50,"turns":6}],"seed_played":"6905321952730476897","potions_obtained":[{"floor":4,"key":"Fire Potion"},{"floor":6,"key":"Swift Potion"},{"floor":7,"key":"Fire Potion"},{"floor":11,"key":"Poison Potion"},{"floor":19,"key":"Regen Potion"},{"floor":21,"key":"SteroidPotion"},{"floor":29,"key":"Strength Potion"},{"floor":31,"key":"Fire Potion"},{"floor":41,"key":"FearPotion"},{"floor":45,"key":"FearPotion"}],"is_trial":false,"path_per_floor":["M","$","?","M","M","E","?","E","T","E","M","?","M","M","R","B",null,"M","M","?","M","?","E","R","E","T","$","M","E","M","M","R","B",null,"M","M","?","$","?","R","E","M","T","$","M","R","$","M","R","B"],"character_chosen":"IRONCLAD","items_purchased":["Uppercut","Shrug It Off","Limit Break","Deep Breath","Inflame"],"campfire_rested":1,"item_purchase_floors":[2,2,27,27,38],"current_hp_per_floor":[80,80,80,78,80,76,68,64,64,64,72,52,59,59,59,61,75,78,80,80,80,80,74,74,60,60,60,67,23,18,31,55,50,73,80,75,65,65,65,65,64,47,47,47,58,58,58,70,70,12],"gold":78,"neow_bonus":"HUNDRED_GOLD","is_prod":false,"is_daily":false,"chose_seed":false,"campfire_upgraded":5,"win_rate":0,"timestamp":1532691582,"path_taken":["M","$","?","M","M","E","?","E","T","E","M","?","?","M","R","BOSS","M","M","?","M","?","E","R","E","T","$","M","E","?","M","R","BOSS","M","M","?","$","?","R","E","M","T","?","M","R","$","M","R","BOSS"],"build_version":"2018-07-26","purchased_purges":3,"victory":true,"max_hp_per_floor":[80,80,80,80,80,80,80,80,80,80,80,80,80,80,80,80,80,80,80,80,80,80,80,80,80,80,80,80,80,80,80,80,80,80,80,80,80,80,80,80,80,80,80,80,80,80,80,80,80,80],"card_choices":[{"not_picked":["Havoc","Body Slam","Sever Soul"],"picked":"SKIP","floor":1},{"not_picked":["Uppercut","Sword Boomerang"],"picked":"Anger","floor":4},{"not_picked":["Perfected Strike","Ghostly Armor"],"picked":"Flame Barrier","floor":5},{"not_picked":["Pommel Strike","Dual Wield"],"picked":"Inflame","floor":6},{"not_picked":["Pommel Strike","Headbutt"],"picked":"Pummel","floor":7},{"not_picked":["Burning Pact","Feel No Pain"],"picked":"Disarm","floor":8},{"not_picked":["Fire Breathing","Iron Wave"],"picked":"Whirlwind","floor":10},{"not_picked":["Body Slam","Twin Strike","Sentinel"],"picked":"SKIP","floor":11},{"not_picked":["Pommel Strike","Evolve"],"picked":"Battle Trance","floor":13},{"not_picked":["Sword Boomerang","Perfected Strike","Exhume"],"picked":"SKIP","floor":14},{"not_picked":["Brutality","Dark Embrace"],"picked":"Immolate","floor":16},{"not_picked":["Body Slam","Flex","Headbutt"],"picked":"SKIP","floor":18},{"not_picked":["Cleave","Havoc","Body Slam+1"],"picked":"SKIP","floor":19},{"not_picked":["Brutality","Clothesline"],"picked":"Battle Trance","floor":21},{"not_picked":["Anger","Sword Boomerang"],"picked":"True Grit","floor":23},{"not_picked":["Reckless Charge","Thunderclap"],"picked":"Shrug It Off","floor":25},{"not_picked":["Havoc+1","Perfected Strike","Heavy Blade"],"picked":"SKIP","floor":28},{"not_picked":["Armaments","Hemokinesis"],"picked":"Shrug It Off","floor":29},{"not_picked":["Headbutt","Twin Strike"],"picked":"Bludgeon","floor":30},{"not_picked":["Armaments+1","Body Slam","Havoc+1"],"picked":"SKIP","floor":31},{"not_picked":["Fiend Fire","Dark Embrace"],"picked":"Limit Break","floor":33},{"not_picked":["Havoc+1","Heavy Blade"],"picked":"Spot Weakness","floor":35},{"not_picked":["Iron Wave","Warcry+1","Clash"],"picked":"SKIP","floor":36},{"not_picked":["Carnage","Blood for Blood","Thunderclap+1"],"picked":"SKIP","floor":41},{"not_picked":["Perfected Strike","Pommel Strike"],"picked":"Anger+1","floor":42},{"not_picked":["Armaments+1","Iron Wave"],"picked":"Cleave+1","floor":45},{"not_picked":["Wild Strike+1","Cleave"],"picked":"Disarm","floor":48}],"player_experience":214335,"relics_obtained":[{"floor":6,"key":"Ancient Tea Set"},{"floor":8,"key":"Art of War"},{"floor":9,"key":"Mummified Hand"},{"floor":10,"key":"Bird Faced Urn"},{"floor":23,"key":"Boot"},{"floor":25,"key":"Potion Belt"},{"floor":26,"key":"Self Forming Clay"},{"floor":29,"key":"Anchor"},{"floor":41,"key":"Red Skull"},{"floor":43,"key":"Bottled Tornado"}],"event_choices":[{"event_name":"Liars Game","player_choice":"disagreed","floor":3,"damage_taken":0},{"event_name":"Dead Adventurer","player_choice":"Searched \u00273\u0027 times","floor":7,"damage_taken":0},{"event_name":"Golden Idol","player_choice":"Take Damage","floor":12,"damage_taken":0},{"event_name":"Forgotten Altar","player_choice":"Gave Idol","floor":20,"damage_taken":0},{"event_name":"Drug Dealer","player_choice":"Got JAXXED","floor":22,"damage_taken":0},{"event_name":"Winding Halls","player_choice":"Embrace Madness","floor":37,"damage_taken":0},{"event_name":"Tomb of Lord Red Mask","player_choice":"Paid","floor":39,"damage_taken":0}],"is_beta":false,"boss_relics":[{"not_picked":["Calling Bell","Tiny House"],"picked":"Cursed Key"},{"not_picked":["Sozu","Mark of Pain"],"picked":"Velvet Choker"}],"items_purged_floors":[2,27,38],"is_endless":false,"potions_floor_spawned":[4,6,7,11,19,21,29,31,41,45],"ascension_level":5}