{"gold_per_floor":[116,66,66,77,89,89,122,134,186,186,251,271,52,63,63,158,158,169,69,609,624,640,640],"floor_reached":23,"playtime":1508,"items_purged":["Defend_R","Strike_R"],"score":193,"play_id":"91598133-9494-49f6-a9db-219dfddc0d14","local_time":"20180720175505","is_ascension_mode":false,"campfire_choices":[{"data":"Rampage","floor":6,"key":"SMITH"},{"data":"True Grit","floor":15,"key":"SMITH"}],"neow_cost":"","seed_source_timestamp":407973381795742,"circlet_count":0,"master_deck":["Strike_R","Defend_R+1","Defend_R+1","Bash","Inflame","Rampage+1","True Grit+1","Barricade","Feed","Body Slam","Dark Embrace"],"relics":["Burning Blood","Bottled Tornado","War Paint","Orichalcum","Lantern","Happy Flower","Empty Cage"],"potions_floor_usage":[22,22,23],"damage_taken":[{"damage":0,"enemies":"2 Louse","floor":1,"turns":3},{"damage":1,"enemies":"Jaw Worm","floor":4,"turns":3},{"damage":1,"enemies":"Cultist","floor":5,"turns":3},{"damage":20,"enemies":"Gremlin Nob","floor":7,"turns":4},{"damage":0,"enemies":"Large Slime","floor":8,"turns":5},{"damage":14,"enemies":"3 Sentries","floor":11,"turns":7},{"damage":1,"enemies":"Blue Slaver","floor":12,"turns":3},{"damage":4,"enemies":"Looter","floor":14,"turns":2},{"damage":9,"enemies":"The Guardian","floor":16,"turns":10},{"damage":12,"enemies":"Shell Parasite","floor":18,"turns":8},{"damage":0,"enemies":"Chosen","floor":21,"turns":5},{"damage":25,"enemies":"Snake Plant","floor":22,"turns":5},{"damage":10,"enemies":"Gremlin Leader","floor":23,"turns":1}],"seed_played":"-1566253274196896040","potions_obtained":[{"floor":4,"key":"Weak Potion"},{"floor":8,"key":"SkillPotion"},{"floor":11,"key":"Strength Potion"},{"floor":16,"key":"AttackPotion"},{"floor":22,"key":"Poison Potion"}],"is_trial":false,"path_per_floor":["M","?","?","M","M","R","E","M","T","?","?","M","$","M","R","B",null,"M","$","?","M","M"],"character_chosen":"IRONCLAD","items_purchased":["Happy Flower"],"campfire_rested":0,"item_purchase_floors":[13],"current_hp_per_floor":[80,80,80,80,80,80,66,72,72,69,61,66,66,68,68,65,80,74,74,18,27,8,0],"gold":640,"neow_bonus":"","is_prod":false,"is_daily":false,"chose_seed":false,"campfire_upgraded":2,"win_rate":0,"timestamp":1532134505,"path_taken":["M","?","?","M","?","R","E","M","T","?","?","?","$","M","R","BOSS","M","$","?","M","M","E"],"build_version":"2018-07-19v2","purchased_purges":2,"victory":false,"max_hp_per_floor":[80,80,80,80,80,80,80,80,80,80,80,80,80,80,80,80,80,80,80,80,83,83,83],"card_choices":[{"not_picked":["Wild Strike","Cleave","Flex"],"picked":"SKIP","floor":1},{"not_picked":["Armaments","Shrug It Off"],"picked":"Rampage","floor":4},{"not_picked":["Feel No Pain","Armaments"],"picked":"True Grit","floor":5},{"not_picked":["Disarm","Flame Barrier","Metallicize"],"picked":"SKIP","floor":7},{"not_picked":["Impervious","Flex","Cleave"],"picked":"SKIP","floor":8},{"not_picked":["Clothesline","Perfected Strike","Corruption"],"picked":"SKIP","floor":12},{"not_picked":["Clothesline","Thunderclap"],"picked":"Barricade","floor":14},{"not_picked":["Juggernaut","Impervious"],"picked":"Feed","floor":16},{"not_picked":["Thunderclap","Heavy Blade+1","Headbutt"],"picked":"SKIP","floor":18},{"not_picked":["Flame Barrier+1","Heavy Blade"],"picked":"Body Slam","floor":21},{"not_picked":["Pommel Strike","Warcry"],"picked":"Dark Embrace","floor":22}],"player_experience":42490,"relics_obtained":[{"floor":7,"key":"Bottled Tornado"},{"floor":9,"key":"War Paint"}],"event_choices":[{"event_name":"The Cleric","player_choice":"Card Removal","floor":2,"damage_taken":0},{"event_name":"Living Wall","player_choice":"Change","floor":3,"damage_taken":0},{"event_name":"Scrap Ooze","player_choice":"success","floor":10,"damage_taken":3},{"event_name":"Dead Adventurer","player_choice":"Searched \u00272\u0027 times","floor":11,"damage_taken":0},{"event_name":"Knowing Skull","player_choice":"GOLD GOLD GOLD GOLD GOLD GOLD ","floor":20,"damage_taken":0}],"is_beta":false,"boss_relics":[{"not_picked":["Runic Pyramid","Busted Crown"],"picked":"Empty Cage"}],"items_purged_floors":[13,19],"is_endless":false,"potions_floor_spawned":[4,8,11,16,22],"killed_by":"Gremlin Leader","ascension_level":0}