{"gold_per_floor":[112,287,303,59,59,59,87,104,104,122,150,150,179,179,179,281,281,299,289,19,30,30,30,57,57],"floor_reached":25,"playtime":1224,"items_purged":[],"score":298,"play_id":"ac291460-3e55-463b-a97a-4317a9d915b7","local_time":"20190129230504","is_ascension_mode":true,"campfire_choices":[{"data":"Footwork","floor":6,"key":"SMITH"},{"floor":12,"key":"REST"},{"floor":15,"key":"REST"},{"floor":23,"key":"REST"}],"neow_cost":"TEN_PERCENT_HP_LOSS","seed_source_timestamp":486329356296705,"circlet_count":0,"master_deck":["Defend_G","Defend_G","Defend_G","Defend_G","Defend_G","Strike_G","Strike_G","Strike_G","Strike_G","Strike_G","Survivor","Neutralize","Glass Knife+1","Footwork+1","Riddle With Holes","Backflip","Anger","Body Slam","Conserve Battery","Panache+1","Genetic Algorithm","Thunderclap","Blade Dance","Trip","Shrug It Off+1"],"relics":["Ring of the Snake","PrismaticShard","Ninja Scroll","Happy Flower","The Courier","Frozen Egg 2","Spirit Poop","Cursed Key","Torii","Juzu Bracelet","Snake Skull"],"potions_floor_usage":[7,11,16,24,24],"damage_taken":[{"damage":0,"enemies":"2 Louse","floor":1,"turns":3},{"damage":0,"enemies":"Jaw Worm","floor":3,"turns":5},{"damage":18,"enemies":"3 Sentries","floor":7,"turns":7},{"damage":0,"enemies":"Cultist","floor":8,"turns":2},{"damage":4,"enemies":"Large Slime","floor":10,"turns":6},{"damage":20,"enemies":"Lagavulin","floor":11,"turns":5},{"damage":20,"enemies":"Gremlin Nob","floor":13,"turns":4},{"damage":32,"enemies":"The Guardian","floor":16,"turns":15},{"damage":0,"enemies":"Spheric Guardian","floor":18,"turns":2},{"damage":0,"enemies":"2 Thieves","floor":19,"turns":4},{"damage":29,"enemies":"Snecko","floor":21,"turns":7},{"damage":13,"enemies":"Book of Stabbing","floor":24,"turns":4},{"damage":30,"enemies":"Cultist and Chosen","floor":25,"turns":8}],"seed_played":"7825566258456933588","potions_obtained":[{"floor":1,"key":"Explosive Potion"},{"floor":3,"key":"Ancient Potion"},{"floor":8,"key":"SneckoOil"},{"floor":10,"key":"Fire Potion"},{"floor":19,"key":"Swift Potion"},{"floor":21,"key":"Poison Potion"}],"is_trial":false,"path_per_floor":["M","?","M","$","?","R","E","M","T","M","E","R","E","?","R","B",null,"M","M","$","M","?","R","E","M"],"character_chosen":"THE_SILENT","items_purchased":["PrismaticShard","Backflip","Torii","Blade Dance"],"campfire_rested":3,"item_purchase_floors":[4,4,20,20],"current_hp_per_floor":[63,63,63,63,63,63,45,45,45,41,21,39,19,19,37,5,49,49,49,49,20,20,38,25,0],"gold":57,"neow_bonus":"THREE_RARE_CARDS","is_prod":false,"is_daily":false,"chose_seed":false,"campfire_upgraded":1,"win_rate":0,"timestamp":1548824704,"path_taken":["M","?","M","$","?","R","E","M","T","?","E","R","E","?","R","BOSS","M","?","$","M","?","R","E","M"],"build_version":"2019-01-23","purchased_purges":0,"victory":false,"max_hp_per_floor":[63,63,63,63,63,63,63,63,63,63,63,63,63,63,63,63,63,63,63,63,63,63,63,63,63],"card_choices":[{"not_picked":["Burst","Grand Finale"],"picked":"Glass Knife","floor":0},{"not_picked":["Heel Hook","Caltrops"],"picked":"Footwork","floor":1},{"not_picked":["Outmaneuver","PiercingWail"],"picked":"Riddle With Holes","floor":3},{"not_picked":["Headbutt","Barrage"],"picked":"Anger","floor":7},{"not_picked":["Sweeping Beam","Second Wind"],"picked":"Body Slam","floor":8},{"not_picked":["Corruption","Havoc","Calculated Gamble"],"picked":"SKIP","floor":10},{"not_picked":["Compile Driver","Reckless Charge","Combust"],"picked":"SKIP","floor":11},{"not_picked":["Flex","Uppercut"],"picked":"Conserve Battery","floor":13},{"not_picked":["Exhume","Secret Weapon"],"picked":"Panache+1","floor":16},{"not_picked":["Corruption+1","Intimidate"],"picked":"Genetic Algorithm","floor":18},{"not_picked":["Jack Of All Trades","Steam"],"picked":"Thunderclap","floor":19},{"not_picked":["Sucker Punch","Loop+1"],"picked":"Trip","floor":21},{"not_picked":["Disarm","Bullet Time"],"picked":"Shrug It Off+1","floor":24}],"player_experience":745289,"relics_obtained":[{"floor":7,"key":"Ninja Scroll"},{"floor":9,"key":"Happy Flower"},{"floor":11,"key":"The Courier"},{"floor":13,"key":"Frozen Egg 2"},{"floor":24,"key":"Snake Skull"}],"event_choices":[{"damage_healed":0,"gold_gain":175,"player_choice":"AGREE","damage_taken":0,"max_hp_gain":0,"max_hp_loss":0,"event_name":"Liars Game","floor":2,"gold_loss":0,"cards_obtained":["Doubt"]},{"damage_healed":0,"gold_gain":0,"player_choice":"Upgraded","damage_taken":0,"max_hp_gain":0,"max_hp_loss":0,"event_name":"Upgrade Shrine","floor":5,"gold_loss":0,"cards_upgraded":["Glass Knife"]},{"cards_removed":["Doubt"],"damage_healed":0,"gold_gain":0,"player_choice":"Offered Curse","damage_taken":0,"relics_obtained":["Spirit Poop"],"max_hp_gain":0,"max_hp_loss":0,"event_name":"Bonfire Elementals","floor":14,"gold_loss":0},{"damage_healed":0,"gold_gain":0,"player_choice":"Opened","damage_taken":0,"relics_obtained":["Juzu Bracelet"],"max_hp_gain":0,"max_hp_loss":0,"event_name":"The Mausoleum","floor":22,"gold_loss":0}],"is_beta":false,"boss_relics":[{"not_picked":["Snecko Eye","Ectoplasm"],"picked":"Cursed Key"}],"items_purged_floors":[],"is_endless":false,"potions_floor_spawned":[1,3,8,10,19,21],"killed_by":"Cultist and Chosen","ascension_level":5}