{"gold_per_floor":[119,2,14,14,14,14,32,71,71,71,109,122,163,163],"floor_reached":14,"playtime":435,"items_purged":[],"score":189,"play_id":"307a0681-636b-4c78-b95b-b8f67aeebe83","local_time":"20190329233402","is_ascension_mode":true,"campfire_choices":[{"floor":10.0,"key":"REST"}],"neow_cost":"NONE","seed_source_timestamp":1387110659204100,"circlet_count":0,"master_deck":["AscendersBane","Strike_R","Strike_R","Strike_R","Strike_R","Strike_R","Defend_R","Defend_R","Defend_R","Defend_R","Bash","Evolve","Flame Barrier","Cleave","Impervious","Pommel Strike","Shockwave","Shrug It Off","Power Through"],"special_seed":0,"relics":["Burning Blood","Regal Pillow","Golden Idol","StoneCalendar","Magic Flower","Ginger","Prayer Wheel"],"potions_floor_usage":[],"damage_taken":[{"damage":2.0,"enemies":"2 Louse","floor":1.0,"turns":2.0},{"damage":11.0,"enemies":"Small Slimes","floor":3.0,"turns":5.0},{"damage":9.0,"enemies":"Jaw Worm","floor":7.0,"turns":4.0},{"damage":40.0,"enemies":"Lagavulin","floor":8.0,"turns":10.0},{"damage":23.0,"enemies":"3 Sentries","floor":11.0,"turns":7.0},{"damage":10.0,"enemies":"2 Fungi Beasts","floor":12.0,"turns":4.0},{"damage":25.0,"enemies":"Lagavulin","floor":13.0,"turns":7.0},{"damage":18,"enemies":"Large Slime","floor":14,"turns":1}],"seed_played":"5665282565332965135","potions_obtained":[{"floor":7.0,"key":"Block Potion"},{"floor":12.0,"key":"SpeedPotion"}],"is_trial":false,"path_per_floor":["M","$","M","?","?","?","M","E","T","R","E","M","E","M"],"character_chosen":"IRONCLAD","items_purchased":["Evolve","Flame Barrier"],"campfire_rested":1,"item_purchase_floors":[2,2],"current_hp_per_floor":[72,72,67,72,44,44,41,7,7,46,32,31,15,0],"gold":163,"neow_bonus":"RANDOM_COMMON_RELIC","is_prod":false,"is_daily":false,"chose_seed":false,"campfire_upgraded":0,"win_rate":0,"timestamp":1553927642,"path_taken":["M","$","M","?","?","?","M","E","T","R","E","M","E","M"],"build_version":"2019-01-23","purchased_purges":0,"victory":false,"max_hp_per_floor":[75,75,75,80,80,80,80,80,80,80,80,80,80,80],"card_choices":[{"not_picked":["Twin Strike","Corruption","Thunderclap"],"picked":"SKIP","floor":1.0},{"not_picked":["Flex","Fire Breathing"],"picked":"Cleave","floor":3.0},{"not_picked":["Sword Boomerang","True Grit"],"picked":"Impervious","floor":7.0},{"not_picked":["Clash","Sentinel"],"picked":"Pommel Strike","floor":8.0},{"not_picked":["Dropkick","Hemokinesis"],"picked":"Shockwave","floor":11.0},{"not_picked":["True Grit","Iron Wave"],"picked":"Shrug It Off","floor":12.0},{"not_picked":["Corruption","Headbutt"],"picked":"Power Through","floor":13.0}],"player_experience":441711,"relics_obtained":[{"floor":8.0,"key":"StoneCalendar"},{"floor":9.0,"key":"Magic Flower"},{"floor":11.0,"key":"Ginger"},{"floor":13.0,"key":"Prayer Wheel"}],"event_choices":[{"damage_healed":0.0,"max_hp_gain":5.0,"max_hp_loss":0.0,"gold_gain":0.0,"event_name":"Big Fish","player_choice":"Donut","floor":4.0,"gold_loss":0.0,"damage_taken":0.0},{"damage_healed":0.0,"max_hp_gain":0.0,"max_hp_loss":0.0,"gold_gain":0.0,"event_name":"Golden Idol","player_choice":"Take Damage","floor":5.0,"gold_loss":0.0,"damage_taken":28.0,"relics_obtained":["Golden Idol"]},{"damage_healed":0.0,"max_hp_gain":0.0,"max_hp_loss":0.0,"gold_gain":0.0,"event_name":"The Cleric","player_choice":"Leave","floor":6.0,"gold_loss":0.0,"damage_taken":0.0}],"is_beta":false,"boss_relics":[],"items_purged_floors":[],"is_endless":false,"potions_floor_spawned":[7,12],"killed_by":"Large Slime","ascension_level":15}