{"gold_per_floor":[114,126,126,1,1,35,53,53,53,73,73,24,41,75,75,148,148,159,159,74,60,60],"floor_reached":22,"playtime":4270,"items_purged":[],"score":355,"play_id":"fead9d7f-6bcc-4cc4-ad02-5e8b8003a470","local_time":"20180819191233","is_ascension_mode":true,"campfire_choices":[{"data":"Neutralize","floor":8,"key":"SMITH"},{"floor":11,"key":"REST"},{"floor":15,"key":"REST"}],"neow_cost":"","seed_source_timestamp":217324166531884,"circlet_count":0,"master_deck":["Defend_G","Defend_G","Defend_G","Defend_G","Defend_G","Survivor","Neutralize+1","AscendersBane","Infinite Blades","Regret","Noxious Fumes","Leg Sweep","Sucker Punch","Dagger Spray","Backflip","Well Laid Plans","Corpse Explosion","Backflip","Bite","Bite","Bite","Bite","Bite"],"relics":["Ring of the Snake","The Specimen","Pen Nib","Tingsha","Blue Candle","Black Star","Lantern"],"potions_floor_usage":[6,14,16,16,18],"damage_taken":[{"damage":1,"enemies":"Cultist","floor":1,"turns":5},{"damage":5,"enemies":"2 Louse","floor":2,"turns":3},{"damage":24,"enemies":"Lagavulin","floor":6,"turns":8},{"damage":7,"enemies":"Small Slimes","floor":7,"turns":6},{"damage":5,"enemies":"Blue Slaver","floor":10,"turns":5},{"damage":4,"enemies":"2 Fungi Beasts","floor":13,"turns":5},{"damage":17,"enemies":"Gremlin Nob","floor":14,"turns":5},{"damage":7,"enemies":"The Guardian","floor":16,"turns":14},{"damage":16,"enemies":"Shell Parasite","floor":18,"turns":8},{"damage":10,"enemies":"2 Thieves","floor":21,"turns":5},{"damage":41,"enemies":"Cultist and Chosen","floor":22,"turns":6}],"seed_played":"4614022511520774447","potions_obtained":[{"floor":7,"key":"SkillPotion"},{"floor":14,"key":"GamblersBrew"},{"floor":16,"key":"SkillPotion"}],"is_trial":false,"path_per_floor":["M","M","?","$","?","E","M","R","T","M","R","$","M","E","R","B",null,"M","?","?","M"],"character_chosen":"THE_SILENT","items_purchased":["Noxious Fumes","Block Potion","Block Potion"],"campfire_rested":2,"item_purchase_floors":[4,4,12],"current_hp_per_floor":[58,53,53,53,53,29,22,22,22,17,36,36,32,15,34,27,56,40,40,40,34,0],"gold":60,"neow_bonus":"","is_prod":false,"is_daily":false,"chose_seed":false,"campfire_upgraded":1,"win_rate":0,"timestamp":1534731153,"path_taken":["M","M","?","$","?","E","M","R","T","M","R","$","M","E","R","BOSS","M","?","?","M","?"],"build_version":"2018-08-16","purchased_purges":0,"victory":false,"max_hp_per_floor":[66,66,66,66,66,66,66,66,66,66,66,66,66,66,66,66,66,66,46,46,46,46],"card_choices":[{"not_picked":["Bane","Setup","Poisoned Stab"],"picked":"SKIP","floor":1},{"not_picked":["Accuracy","Prepared"],"picked":"Infinite Blades","floor":2},{"not_picked":["Night Terror","Dagger Spray"],"picked":"Leg Sweep","floor":6},{"not_picked":["Quick Slash","Outmaneuver"],"picked":"Sucker Punch","floor":7},{"not_picked":["Deadly Poison","Dodge and Roll"],"picked":"Dagger Spray","floor":10},{"not_picked":["Underhanded Strike","Riddle With Holes"],"picked":"Backflip","floor":13},{"not_picked":["Unload","Distraction"],"picked":"Well Laid Plans","floor":14},{"not_picked":["Night Terror","Doppelganger"],"picked":"Corpse Explosion","floor":16},{"not_picked":["Infinite Blades","Finisher"],"picked":"Backflip","floor":18},{"not_picked":["Well Laid Plans","Flechettes","Outmaneuver"],"picked":"SKIP","floor":21},{"not_picked":["Well Laid Plans","Flechettes","Outmaneuver"],"picked":"SKIP","floor":21}],"player_experience":521463,"relics_obtained":[{"floor":6,"key":"Pen Nib"},{"floor":9,"key":"Tingsha"},{"floor":14,"key":"Blue Candle"}],"event_choices":[{"event_name":"Big Fish","player_choice":"Box","floor":3,"damage_taken":0},{"event_name":"Liars Game","player_choice":"disagreed","floor":5,"damage_taken":0},{"event_name":"Vampires","player_choice":"Became a vampire","floor":19,"damage_taken":0},{"event_name":"Addict","player_choice":"Obtained Relic","floor":20,"damage_taken":0}],"is_beta":false,"boss_relics":[{"not_picked":["Orrery","Calling Bell"],"picked":"Black Star"}],"items_purged_floors":[],"is_endless":false,"potions_floor_spawned":[7,14,16],"killed_by":"Cultist and Chosen","ascension_level":14}