{"gold_per_floor":[113,132,132,147,322,322,385,385,385,385,410,410,464,480,480,581,581,601,62,47,47,47],"floor_reached":22,"playtime":994,"items_purged":["Pain"],"score":218,"play_id":"3f5df9e8-d758-4b06-a840-dc493ffd39fa","local_time":"20180930171456","is_ascension_mode":true,"campfire_choices":[{"data":"Infinite Blades","floor":6,"key":"SMITH"},{"floor":8,"key":"REST"},{"floor":12,"key":"REST"},{"data":"Accuracy","floor":15,"key":"SMITH"}],"neow_cost":"","seed_source_timestamp":361419489055557,"circlet_count":0,"master_deck":["Defend_G+1","Defend_G","Defend_G","Defend_G","Defend_G","Strike_G+1","Strike_G","Strike_G","Strike_G","Strike_G","Survivor","Neutralize","Cloak And Dagger","Infinite Blades+1","Accuracy+1","Doubt","Flying Knee","Backstab","Expertise","Venomology","Regret","Doubt","Noxious Fumes","Deadly Poison","Footwork","Well Laid Plans"],"relics":["Ring of the Snake","Orichalcum","Boot","Juzu Bracelet","Anchor","Tiny Chest","Calling Bell","Art of War","Paper Crane","Ginger","Snake Skull","Medical Kit","StoneCalendar"],"potions_floor_usage":[11,16,18,20],"damage_taken":[{"damage":3,"enemies":"Small Slimes","floor":1,"turns":5},{"damage":0,"enemies":"Jaw Worm","floor":2,"turns":4},{"damage":3,"enemies":"2 Louse","floor":4,"turns":4},{"damage":32,"enemies":"3 Sentries","floor":7,"turns":10},{"damage":15,"enemies":"Lagavulin","floor":11,"turns":6},{"damage":1,"enemies":"Exordium Thugs","floor":14,"turns":4},{"damage":30,"enemies":"The Guardian","floor":16,"turns":9},{"damage":46,"enemies":"Shell Parasite","floor":18,"turns":8},{"damage":14,"enemies":"2 Thieves","floor":20,"turns":5},{"damage":11,"enemies":"Snecko","floor":22,"turns":3}],"seed_played":"2924352157410060283","potions_obtained":[{"floor":2,"key":"FearPotion"},{"floor":7,"key":"AttackPotion"},{"floor":11,"key":"Explosive Potion"},{"floor":14,"key":"PowerPotion"},{"floor":18,"key":"GhostInAJar"},{"floor":20,"key":"Strength Potion"}],"is_trial":false,"path_per_floor":["M","M","?","M","?","R","?","R","T","?","E","R","T","M","R","B",null,"M","$","M","T"],"character_chosen":"THE_SILENT","items_purchased":["Snake Skull","Deadly Poison","Footwork","Medical Kit"],"campfire_rested":2,"item_purchase_floors":[19,19,19,19],"current_hp_per_floor":[67,67,60,57,57,57,25,46,46,32,17,38,38,37,37,7,70,24,24,10,10,0],"gold":47,"neow_bonus":"","is_prod":false,"is_daily":false,"chose_seed":false,"campfire_upgraded":2,"win_rate":0,"timestamp":1538345696,"path_taken":["M","M","?","M","?","R","?","R","T","?","E","R","?","M","R","BOSS","M","$","M","?","M"],"build_version":"2018-09-27","purchased_purges":1,"victory":false,"max_hp_per_floor":[70,70,70,70,70,70,70,70,70,70,70,70,70,70,70,70,70,70,70,70,70,70],"card_choices":[{"not_picked":["Prepared","Deadly Poison"],"picked":"Cloak And Dagger","floor":1},{"not_picked":["Poisoned Stab","Underhanded Strike"],"picked":"Infinite Blades","floor":2},{"not_picked":["Quick Slash","Underhanded Strike"],"picked":"Accuracy","floor":4},{"not_picked":["Masterful Stab","Outmaneuver"],"picked":"Flying Knee","floor":7},{"not_picked":["Masterful Stab","Prepared"],"picked":"Backstab","floor":11},{"not_picked":["Underhanded Strike","Eviscerate"],"picked":"Expertise","floor":14},{"not_picked":["Tools of the Trade","Phantasmal Killer"],"picked":"Venomology","floor":16},{"not_picked":["Underhanded Strike+1","Sucker Punch"],"picked":"Noxious Fumes","floor":18},{"not_picked":["Dash+1","Eviscerate"],"picked":"Well Laid Plans","floor":20}],"player_experience":401652,"relics_obtained":[{"floor":7,"key":"Boot"},{"floor":9,"key":"Juzu Bracelet"},{"floor":11,"key":"Anchor"},{"floor":13,"key":"Tiny Chest"},{"floor":17,"key":"Art of War"},{"floor":17,"key":"Paper Crane"},{"floor":17,"key":"Ginger"},{"floor":21,"key":"StoneCalendar"}],"event_choices":[{"event_name":"Scrap Ooze","player_choice":"success","floor":3,"damage_taken":7},{"event_name":"Liars Game","player_choice":"agreed","floor":5,"damage_taken":0},{"event_name":"Dead Adventurer","player_choice":"Searched \u00272\u0027 times","floor":7,"damage_taken":0},{"event_name":"Shining Light","player_choice":"Entered Light","floor":10,"damage_taken":0}],"is_beta":false,"boss_relics":[{"not_picked":["Runic Dome","Tiny House"],"picked":"Calling Bell"}],"items_purged_floors":[19],"is_endless":false,"potions_floor_spawned":[2,7,11,14,18,20],"killed_by":"Snecko","ascension_level":4}