{"gold_per_floor":[113,113,38,58,58,58,83,83,83,99,110,121,148,148,148,224,224,243,293,71,88,88,88,0,0],"floor_reached":25,"playtime":688,"items_purged":[],"score":445,"play_id":"4aa161d3-04bb-455a-9789-4601f002b199","local_time":"20190412105816","is_ascension_mode":true,"campfire_choices":[{"data":"Zap","floor":6,"key":"SMITH"},{"data":"Coolheaded","floor":8,"key":"SMITH"},{"data":"Hyperbeam","floor":15,"key":"SMITH"},{"floor":23,"key":"REST"}],"neow_cost":"NONE","seed_source_timestamp":225734264603200,"circlet_count":0,"master_deck":["AscendersBane","Strike_B","Strike_B","Defend_B","Defend_B","Defend_B","Defend_B","Zap+1","Dualcast","Coolheaded+1","Hyperbeam+1","FTL","Compile Driver+1","Leap+1","Seek","Genetic Algorithm","Well Laid Plans","Barrage"],"relics":["Cracked Core","NeowsBlessing","Pocketwatch","Juzu Bracelet","Inserter","PrismaticShard"],"potions_floor_usage":[13,13],"damage_taken":[{"damage":0,"enemies":"Jaw Worm","floor":1,"turns":1},{"damage":0,"enemies":"Small Slimes","floor":4,"turns":1},{"damage":0,"enemies":"Gremlin Nob","floor":7,"turns":1},{"damage":0,"enemies":"Cultist","floor":10,"turns":4},{"damage":5,"enemies":"3 Louse","floor":11,"turns":2},{"damage":0,"enemies":"2 Fungi Beasts","floor":12,"turns":1},{"damage":6,"enemies":"Lagavulin","floor":13,"turns":5},{"damage":31,"enemies":"Hexaghost","floor":16,"turns":11},{"damage":17,"enemies":"2 Thieves","floor":18,"turns":4},{"damage":40,"enemies":"3 Byrds","floor":21,"turns":5},{"damage":25,"enemies":"Book of Stabbing","floor":25,"turns":2}],"seed_played":"6772927108751816194","potions_obtained":[{"floor":7,"key":"SkillPotion"},{"floor":10,"key":"Block Potion"},{"floor":11,"key":"PowerPotion"},{"floor":18,"key":"SteroidPotion"}],"is_trial":false,"path_per_floor":["M","?","?","M","$","R","E","R","T","M","M","M","E","?","R","B",null,"M","?","$","M","?","R","?","E"],"character_chosen":"DEFECT","items_purchased":["PrismaticShard"],"campfire_rested":1,"item_purchase_floors":[20],"current_hp_per_floor":[64,69,69,69,69,69,69,69,69,69,64,64,58,35,35,4,58,41,41,41,1,1,23,23,0],"gold":0,"neow_bonus":"THREE_ENEMY_KILL","is_prod":false,"is_daily":false,"chose_seed":false,"campfire_upgraded":3,"win_rate":0,"timestamp":1555091896,"path_taken":["M","?","?","M","?","R","E","R","T","M","M","M","E","?","R","BOSS","M","?","$","M","?","R","?","E"],"build_version":"2019-01-23","purchased_purges":0,"victory":false,"max_hp_per_floor":[71,76,76,76,76,76,76,76,76,76,76,76,76,76,76,76,76,76,76,76,76,76,76,76,76],"card_choices":[{"not_picked":["Redo","Go for the Eyes","Gash"],"picked":"SKIP","floor":1},{"not_picked":["Redo","Force Field","Skim"],"picked":"SKIP","floor":4},{"not_picked":["Consume","Steam Power"],"picked":"Coolheaded","floor":7},{"not_picked":["Tempest","Beam Cell"],"picked":"Hyperbeam","floor":10},{"not_picked":["Scrape","Steam"],"picked":"FTL","floor":11},{"not_picked":["BootSequence","Force Field"],"picked":"Compile Driver","floor":12},{"not_picked":["Melter","Fission"],"picked":"Leap","floor":13},{"not_picked":["Rainbow","Amplify"],"picked":"Seek","floor":16},{"not_picked":["Ball Lightning","Melter"],"picked":"Genetic Algorithm","floor":18},{"not_picked":["Finesse","Clash"],"picked":"Well Laid Plans","floor":21}],"player_experience":534985,"relics_obtained":[{"floor":7,"key":"Pocketwatch"},{"floor":13,"key":"Juzu Bracelet"}],"event_choices":[{"damage_healed":0,"gold_gain":0,"player_choice":"Donut","damage_taken":0,"max_hp_gain":5,"max_hp_loss":0,"event_name":"Big Fish","floor":2,"gold_loss":0},{"cards_removed":["Strike_B"],"damage_healed":0,"gold_gain":0,"player_choice":"Card Removal","damage_taken":0,"max_hp_gain":0,"max_hp_loss":0,"event_name":"The Cleric","floor":3,"gold_loss":75},{"damage_healed":0,"gold_gain":0,"player_choice":"Entered Light","damage_taken":23,"max_hp_gain":0,"max_hp_loss":0,"event_name":"Shining Light","floor":14,"gold_loss":0,"cards_upgraded":["Leap","Compile Driver"]},{"damage_healed":0,"gold_gain":50,"player_choice":"Stole From Cult","damage_taken":0,"max_hp_gain":0,"max_hp_loss":0,"event_name":"Nest","floor":19,"gold_loss":0},{"damage_healed":0,"gold_gain":0,"cards_transformed":["Strike_B"],"player_choice":"Transformed","damage_taken":0,"max_hp_gain":0,"max_hp_loss":0,"event_name":"Transmorgrifier","floor":22,"gold_loss":0,"cards_obtained":["Barrage"]},{"damage_healed":0,"gold_gain":0,"player_choice":"Paid Fearfully","damage_taken":0,"max_hp_gain":0,"max_hp_loss":0,"event_name":"Masked Bandits","floor":24,"gold_loss":88}],"is_beta":false,"boss_relics":[{"not_picked":["Black Star","Tiny House"],"picked":"Inserter"}],"items_purged_floors":[],"is_endless":false,"potions_floor_spawned":[7,10,11,18],"killed_by":"Book of Stabbing","ascension_level":18}