{"gold_per_floor":[112,112,112,112,112,112,142,142,142,21,37,100,132,152,152,255,255,275,291,323,323,13,13,44,44,99,130,130],"floor_reached":28,"playtime":1681,"items_purged":["Strike_B","Strike_B"],"score":299,"play_id":"05d006f5-56dd-4b3e-ae6d-1c866987adbe","local_time":"20180724155844","is_ascension_mode":true,"campfire_choices":[{"floor":6,"key":"REST"},{"data":"Coolheaded","floor":8,"key":"SMITH"},{"floor":15,"key":"REST"},{"data":"Defragment","floor":23,"key":"SMITH"},{"floor":25,"key":"REST"}],"neow_cost":"TEN_PERCENT_HP_LOSS","seed_source_timestamp":100061233340325,"circlet_count":0,"master_deck":["Strike_B+1","Defend_B","Defend_B","Defend_B","Zap+1","Dualcast","Sweeping Beam+1","Coolheaded+1","Streamline","Consume","Steam","Conserve Battery","Cold Snap","Core Surge","Doom and Gloom","Ball Lightning","Rip and Tear","Defragment+1","Blizzard","Creative AI"],"relics":["Cracked Core","FaceOfCleric","Pen Nib","Lantern","Boot","Ornamental Fan","Velvet Choker","Red Mask","The Courier","ClockworkSouvenir","Calipers","Regal Pillow","Mummified Hand"],"potions_floor_usage":[12,16,16,24,27],"damage_taken":[{"damage":4,"enemies":"2 Louse","floor":1,"turns":3},{"damage":20,"enemies":"Gremlin Nob","floor":7,"turns":3},{"damage":0,"enemies":"Cultist","floor":11,"turns":2},{"damage":7,"enemies":"Lagavulin Event","floor":12,"turns":5},{"damage":10,"enemies":"3 Sentries","floor":13,"turns":4},{"damage":0,"enemies":"Jaw Worm","floor":14,"turns":3},{"damage":21,"enemies":"Hexaghost","floor":16,"turns":10},{"damage":0,"enemies":"Chosen","floor":18,"turns":4},{"damage":7,"enemies":"3 Byrds","floor":19,"turns":4},{"damage":16,"floor":20,"turns":4},{"damage":42,"enemies":"Slavers","floor":24,"turns":5},{"damage":6,"enemies":"Book of Stabbing","floor":27,"turns":4},{"damage":31,"enemies":"Snake Plant","floor":28,"turns":2}],"seed_played":"-4456059448882278173","potions_obtained":[{"floor":7,"key":"Weak Potion"},{"floor":12,"key":"EssenceOfSteel"},{"floor":13,"key":"Dexterity Potion"},{"floor":16,"key":"Weak Potion"},{"floor":18,"key":"SkillPotion"},{"floor":24,"key":"Explosive Potion"}],"is_trial":false,"path_per_floor":["M","?","?","?","?","R","E","R","T","$","M","?","E","M","R","B",null,"M","M","?","T","$","R","E","R","T","E"],"character_chosen":"DEFECT","items_purchased":["Streamline","Defragment","ClockworkSouvenir"],"campfire_rested":3,"item_purchase_floors":[10,22,22],"current_hp_per_floor":[64,64,50,44,44,64,45,45,45,45,46,40,31,32,53,33,74,75,69,54,54,54,54,13,36,36,31,0],"gold":130,"neow_bonus":"REMOVE_TWO","is_prod":false,"is_daily":false,"chose_seed":false,"campfire_upgraded":2,"win_rate":0,"timestamp":1532473124,"path_taken":["M","?","?","?","?","R","E","R","T","?","?","?","E","M","R","BOSS","M","M","?","?","$","R","E","R","T","E","M"],"build_version":"2018-07-19v2","purchased_purges":2,"victory":false,"max_hp_per_floor":[68,68,68,68,68,68,69,69,69,69,70,71,72,73,73,74,74,75,76,77,77,77,77,78,78,78,79,79],"card_choices":[{"not_picked":["Capacitor","Doom and Gloom"],"picked":"Sweeping Beam","floor":1},{"not_picked":["Redo","Chaos"],"picked":"Coolheaded","floor":7},{"not_picked":["Barrage","Reinforced Body"],"picked":"Consume","floor":11},{"not_picked":["Lockon","Sweeping Beam"],"picked":"Steam","floor":12},{"not_picked":["Steam Power","Stack"],"picked":"Conserve Battery","floor":13},{"not_picked":["Steam Power","Undo"],"picked":"Cold Snap","floor":14},{"not_picked":["Thunder Strike","Biased Cognition"],"picked":"Core Surge","floor":16},{"not_picked":["Rebound","Sweeping Beam"],"picked":"Doom and Gloom","floor":18},{"not_picked":["Coolheaded","Leap"],"picked":"Ball Lightning","floor":19},{"not_picked":["Compile Driver","Genetic Algorithm"],"picked":"Rip and Tear","floor":20},{"not_picked":["Aggregate+1","White Noise+1"],"picked":"Blizzard","floor":24},{"not_picked":["Steam","Compile Driver+1"],"picked":"Creative AI","floor":27}],"player_experience":168679,"relics_obtained":[{"floor":7,"key":"Pen Nib"},{"floor":9,"key":"Lantern"},{"floor":13,"key":"Ornamental Fan"},{"floor":20,"key":"Red Mask"},{"floor":21,"key":"The Courier"},{"floor":24,"key":"Calipers"},{"floor":26,"key":"Regal Pillow"},{"floor":27,"key":"Mummified Hand"}],"event_choices":[{"event_name":"FaceTrader","player_choice":"Trade","floor":2,"damage_taken":0},{"event_name":"Shining Light","player_choice":"Entered Light","floor":3,"damage_taken":0},{"event_name":"Wheel of Change","player_choice":"Damage","floor":4,"damage_taken":0},{"event_name":"Upgrade Shrine","player_choice":"Upgraded","floor":5,"damage_taken":0},{"event_name":"Dead Adventurer","player_choice":"Searched \u00272\u0027 times","floor":12,"damage_taken":0}],"is_beta":false,"boss_relics":[{"not_picked":["Tiny House","White Beast Statue"],"picked":"Velvet Choker"}],"items_purged_floors":[10,22],"is_endless":false,"potions_floor_spawned":[7,12,13,16,18,24],"killed_by":"Snake Plant","ascension_level":3}