{"gold_per_floor":[109,109,124,138,138,138,159,199,199,126,167,49,82,102,102,198,198,216,65,85,110,110,110,110],"floor_reached":24,"playtime":1382,"items_purged":[],"score":367,"play_id":"d052fdb7-c5dd-4a3a-afb1-9313f80cf266","local_time":"20180816220529","is_ascension_mode":true,"campfire_choices":[{"data":"Clothesline","floor":6,"key":"SMITH"},{"data":"Inflame","floor":15,"key":"SMITH"},{"data":"Limit Break","floor":23,"key":"SMITH"}],"neow_cost":"","seed_source_timestamp":2109602318186253,"circlet_count":0,"master_deck":["Strike_R","Strike_R","Strike_R","Strike_R","Defend_R","Defend_R+1","Defend_R+1","Defend_R","Bash","AscendersBane","Pommel Strike","Clothesline+1","Whirlwind","Impervious","Anger","Feel No Pain","Inflame+1","Shrug It Off","True Grit","Limit Break+1","Anger","Feed","Pummel"],"relics":["Burning Blood","Golden Idol","War Paint","Strawberry","Shuriken","Mercury Hourglass","Cursed Key"],"potions_floor_usage":[13,16,21,21],"damage_taken":[{"damage":2,"enemies":"2 Louse","floor":1,"turns":4},{"damage":0,"enemies":"Small Slimes","floor":3,"turns":4},{"damage":0,"enemies":"Cultist","floor":4,"turns":3},{"damage":11,"enemies":"Looter","floor":7,"turns":4},{"damage":25,"enemies":"3 Sentries","floor":8,"turns":9},{"damage":24,"enemies":"Gremlin Nob","floor":11,"turns":4},{"damage":3,"enemies":"Lagavulin","floor":13,"turns":8},{"damage":5,"enemies":"Blue Slaver","floor":14,"turns":4},{"damage":9,"enemies":"Hexaghost","floor":16,"turns":8},{"damage":22,"enemies":"Spheric Guardian","floor":18,"turns":4},{"damage":16,"enemies":"Shell Parasite","floor":20,"turns":5},{"damage":19,"enemies":"Chosen and Byrds","floor":21,"turns":6},{"damage":65,"enemies":"Gremlin Leader","floor":24,"turns":5}],"seed_played":"-1971017204792158210","potions_obtained":[{"floor":7,"key":"EssenceOfSteel"},{"floor":11,"key":"SteroidPotion"},{"floor":14,"key":"Energy Potion"},{"floor":16,"key":"Weak Potion"},{"floor":20,"key":"AttackPotion"}],"is_trial":false,"path_per_floor":["M","?","M","M","?","R","M","E","T","$","E","$","E","M","R","B",null,"M","$","M","M","?","R"],"character_chosen":"IRONCLAD","items_purchased":["Feel No Pain","Inflame","Shrug It Off","Feed"],"campfire_rested":0,"item_purchase_floors":[10,12,12,19],"current_hp_per_floor":[72,65,71,75,57,57,52,33,40,40,22,22,25,26,26,23,67,51,51,41,28,55,55,0],"gold":110,"neow_bonus":"","is_prod":false,"is_daily":false,"chose_seed":false,"campfire_upgraded":3,"win_rate":0,"timestamp":1534482329,"path_taken":["M","?","M","M","?","R","?","E","T","?","E","$","E","M","R","BOSS","M","?","?","M","?","R","E"],"build_version":"2018-08-16","purchased_purges":0,"victory":false,"max_hp_per_floor":[75,75,75,75,75,75,75,75,82,82,82,82,82,82,82,82,82,82,82,82,82,82,82,82],"card_choices":[{"not_picked":["Sword Boomerang","True Grit"],"picked":"Pommel Strike","floor":1},{"not_picked":["Ghostly Armor","Pommel Strike"],"picked":"Clothesline","floor":3},{"not_picked":["Flex","Wild Strike"],"picked":"Whirlwind","floor":4},{"not_picked":["Body Slam","True Grit"],"picked":"Impervious","floor":7},{"not_picked":["Second Wind","Rage"],"picked":"Anger","floor":8},{"not_picked":["Cleave","Flex","Warcry"],"picked":"SKIP","floor":11},{"not_picked":["Infernal Blade","Brutality"],"picked":"True Grit","floor":13},{"not_picked":["Warcry","Sword Boomerang","Power Through"],"picked":"SKIP","floor":14},{"not_picked":["Dark Embrace","Impervious"],"picked":"Limit Break","floor":16},{"not_picked":["Heavy Blade","Rampage"],"picked":"Anger","floor":18},{"not_picked":["Warcry","Cleave"],"picked":"Pummel","floor":20},{"not_picked":["Reckless Charge","Clothesline","Flex+1"],"picked":"SKIP","floor":21}],"player_experience":478767,"relics_obtained":[{"floor":8,"key":"War Paint"},{"floor":9,"key":"Strawberry"},{"floor":11,"key":"Shuriken"},{"floor":13,"key":"Mercury Hourglass"}],"event_choices":[{"event_name":"Golden Wing","player_choice":"Card Removal","floor":2,"damage_taken":0},{"event_name":"Golden Idol","player_choice":"Take Damage","floor":5,"damage_taken":0},{"event_name":"The Library","player_choice":"Heal","floor":22,"damage_taken":0}],"is_beta":false,"boss_relics":[{"not_picked":["Tiny House","Busted Crown"],"picked":"Cursed Key"}],"items_purged_floors":[],"is_endless":false,"potions_floor_spawned":[7,11,14,16,20],"killed_by":"Gremlin Leader","ascension_level":14}