{"gold_per_floor":[115,115,115,135,148,148,173,190,190,200,226,226,226,240,240,345,345,359,25,25,25,45,45],"floor_reached":23,"playtime":1789,"items_purged":["Strike_R"],"score":286,"play_id":"f09b871e-ebed-4220-8b58-cfbeb885eb5a","local_time":"20180728234905","is_ascension_mode":true,"campfire_choices":[{"data":"Clothesline","floor":6.0,"key":"SMITH"},{"data":"Bash","floor":13,"key":"SMITH"},{"data":"Disarm","floor":15,"key":"SMITH"}],"neow_cost":"","seed_source_timestamp":473759931931573,"circlet_count":0,"master_deck":["Defend_R","Defend_R","Defend_R","Defend_R","Bash+1","Flame Barrier","Shrug It Off","Clothesline+1","Disarm+1","Limit Break","Armaments+1","Shrug It Off","Reaper","Bite","Bite","Bite","Bite","Bite","Shrug It Off"],"special_seed":0,"relics":["Burning Blood","Pantograph","Du-Vu Doll","Mango","Turnip","Snecko Eye","Singing Bowl","Enchiridion"],"potions_floor_usage":[16,16,16,23],"damage_taken":[{"damage":0.0,"enemies":"Small Slimes","floor":1.0,"turns":4.0},{"damage":0.0,"enemies":"2 Louse","floor":4.0,"turns":3.0},{"damage":0.0,"enemies":"Jaw Worm","floor":5.0,"turns":5.0},{"damage":15.0,"enemies":"Lagavulin","floor":7.0,"turns":9.0},{"damage":15.0,"enemies":"3 Louse","floor":8.0,"turns":6.0},{"damage":24.0,"enemies":"Exordium Thugs","floor":10.0,"turns":9.0},{"damage":22,"enemies":"3 Sentries","floor":11,"turns":12},{"damage":4,"enemies":"Blue Slaver","floor":14,"turns":4},{"damage":24,"enemies":"The Guardian","floor":16,"turns":15},{"damage":8,"enemies":"Chosen","floor":18,"turns":8},{"damage":10,"enemies":"3 Byrds","floor":22,"turns":6},{"damage":96,"enemies":"Gremlin Leader","floor":23,"turns":9}],"seed_played":"-162380864489651697","potions_obtained":[{"floor":1.0,"key":"FairyPotion"},{"floor":3.0,"key":"PowerPotion"},{"floor":3.0,"key":"Regen Potion"},{"floor":3.0,"key":"SneckoOil"},{"floor":11,"key":"Energy Potion"},{"floor":14,"key":"Dexterity Potion"},{"floor":22,"key":"SteroidPotion"}],"is_trial":false,"path_per_floor":["M","?","?","M","M","R","E","M","T","M","E","?","R","M","R","B",null,"M","$","?","?","M"],"character_chosen":"IRONCLAD","items_purchased":["Singing Bowl"],"campfire_rested":0,"item_purchase_floors":[19],"current_hp_per_floor":[78,75,75,80,80,80,71,62,76,73,57,38,38,40,40,47,82,85,85,69,65,65,0],"gold":45,"neow_bonus":"","is_prod":false,"is_daily":false,"chose_seed":false,"campfire_upgraded":3,"win_rate":0,"timestamp":1532846945,"path_taken":["M","?","?","M","?","R","E","M","T","?","E","?","R","M","R","BOSS","M","$","?","?","?","E"],"build_version":"2018-07-26","purchased_purges":1,"victory":false,"max_hp_per_floor":[80,80,80,80,80,80,80,80,94,94,94,94,94,94,94,94,94,94,94,94,65,65,65],"card_choices":[{"not_picked":["Dropkick","Rupture"],"picked":"Flame Barrier","floor":1.0},{"not_picked":["Headbutt","Disarm"],"picked":"Shrug It Off","floor":4.0},{"not_picked":["Clash","Havoc"],"picked":"Clothesline","floor":5.0},{"not_picked":["Twin Strike","Shrug It Off"],"picked":"Disarm","floor":7.0},{"not_picked":["Perfected Strike","Heavy Blade"],"picked":"Limit Break","floor":8.0},{"not_picked":["Twin Strike","Iron Wave"],"picked":"Armaments","floor":10.0},{"not_picked":["Evolve","Clash","Twin Strike"],"picked":"SKIP","floor":11},{"not_picked":["Thunderclap","Flex"],"picked":"Shrug It Off","floor":14},{"not_picked":["Impervious","Dark Embrace"],"picked":"Reaper","floor":16},{"not_picked":["Thunderclap","Infernal Blade","Clash"],"picked":"SKIP","floor":18},{"not_picked":["Iron Wave+1","Thunderclap"],"picked":"Shrug It Off","floor":22}],"player_experience":239642,"relics_obtained":[{"floor":7.0,"key":"Du-Vu Doll"},{"floor":9.0,"key":"Mango"},{"floor":11,"key":"Turnip"},{"floor":20,"key":"Enchiridion"}],"event_choices":[{"event_name":"Scrap Ooze","player_choice":"success","floor":2.0,"damage_taken":3.0},{"event_name":"The Lab","player_choice":"Got Potions","floor":3.0,"damage_taken":0.0},{"event_name":"Shining Light","player_choice":"Entered Light","floor":12,"damage_taken":0},{"event_name":"Cursed Tome","player_choice":"Obtained Book","floor":20,"damage_taken":0},{"event_name":"Vampires","player_choice":"Became a vampire","floor":21,"damage_taken":0}],"is_beta":false,"boss_relics":[{"not_picked":["Black Star","Cursed Key"],"picked":"Snecko Eye"}],"items_purged_floors":[19],"is_endless":false,"potions_floor_spawned":[1,4,5,11,14,22],"killed_by":"Gremlin Leader","ascension_level":6}