{"gold_per_floor":[210,18,35,51,64,96,68,79,103,130,305,316,316,327,327,423,453,463,481,497,516,33,33],"floor_reached":23,"playtime":1776,"items_purged":["Doubt"],"score":219,"play_id":"a0e0dca2-484d-4b93-8021-06531907159b","local_time":"20180711214042","is_ascension_mode":true,"campfire_choices":[{"floor":13,"key":"REST"},{"floor":15,"key":"REST"}],"neow_cost":"NONE","seed_source_timestamp":206914941410575,"circlet_count":0,"master_deck":["Defend_G","Defend_G","Defend_G","Defend_G","Defend_G","Strike_G","Strike_G","Strike_G","Strike_G","Strike_G","Survivor","Neutralize","Bouncing Flask+1","Outmaneuver","Accuracy","Crippling Poison","Flechettes","Night Terror","Sucker Punch","Footwork","Malaise","Bouncing Flask","Deadly Poison","Venomology","Catalyst","Concentrate","Choke","Cloak And Dagger+1","Cloak And Dagger","Panache"],"relics":["Ring of the Snake","Orichalcum","Ornamental Fan","Lantern","Anchor","Tiny House","MealTicket"],"potions_floor_usage":[16,18,19,20],"damage_taken":[{"damage":0,"enemies":"Small Slimes","floor":1,"turns":4},{"damage":1,"enemies":"Cultist","floor":3,"turns":3},{"damage":5,"enemies":"Jaw Worm","floor":4,"turns":4},{"damage":4,"enemies":"Large Slime","floor":5,"turns":8},{"damage":21,"enemies":"3 Sentries","floor":6,"turns":10},{"damage":8,"enemies":"Exordium Thugs","floor":7,"turns":6},{"damage":1,"enemies":"2 Fungi Beasts","floor":8,"turns":4},{"damage":15,"enemies":"Lagavulin","floor":10,"turns":8},{"damage":0,"enemies":"Lots of Slimes","floor":12,"turns":4},{"damage":8,"enemies":"Large Slime","floor":14,"turns":11},{"damage":8,"enemies":"The Guardian","floor":16,"turns":9},{"damage":12,"enemies":"3 Byrds","floor":18,"turns":5},{"damage":0,"enemies":"Shell Parasite","floor":19,"turns":6},{"damage":0,"enemies":"Snake Plant","floor":20,"turns":2},{"damage":6,"enemies":"Snecko","floor":21,"turns":4},{"damage":59,"enemies":"Gremlin Leader","floor":23,"turns":4}],"seed_played":"-7593538285364552774","potions_obtained":[{"floor":3,"key":"LiquidBronze"},{"floor":4,"key":"Energy Potion"},{"floor":7,"key":"Dexterity Potion"},{"floor":14,"key":"GhostInAJar"},{"floor":17,"key":"Explosive Potion"},{"floor":21,"key":"SpeedPotion"}],"is_trial":false,"path_per_floor":["M","$","M","M","M","E","M","M","T","E","?","M","R","M","R","B",null,"M","M","M","M","$"],"character_chosen":"THE_SILENT","items_purchased":["Orichalcum","Outmaneuver","MealTicket","Panache"],"campfire_rested":2,"item_purchase_floors":[2,2,22,22],"current_hp_per_floor":[70,70,69,64,60,39,31,30,30,15,15,15,36,28,49,41,75,63,63,63,57,57,0],"gold":33,"neow_bonus":"HUNDRED_GOLD","is_prod":false,"is_daily":false,"chose_seed":false,"campfire_upgraded":0,"win_rate":0,"timestamp":1531363242,"path_taken":["M","$","M","M","M","E","M","M","T","E","?","?","R","M","R","BOSS","M","M","M","M","$","E"],"build_version":"2018-07-05","purchased_purges":1,"victory":false,"max_hp_per_floor":[70,70,70,70,70,70,70,70,70,70,70,70,70,70,70,70,75,75,75,75,75,75,75],"card_choices":[{"not_picked":["Slice","Heel Hook"],"picked":"Bouncing Flask","floor":1},{"not_picked":["Masterful Stab","Sucker Punch"],"picked":"Accuracy","floor":3},{"not_picked":["Reflex","Finisher"],"picked":"Crippling Poison","floor":4},{"not_picked":["PiercingWail","Underhanded Strike"],"picked":"Flechettes","floor":5},{"not_picked":["Quick Slash","Expertise"],"picked":"Night Terror","floor":6},{"not_picked":["Dodge and Roll","Flying Knee"],"picked":"Sucker Punch","floor":7},{"not_picked":["Bane","Blur"],"picked":"Footwork","floor":8},{"not_picked":["PiercingWail","Reflex"],"picked":"Malaise","floor":10},{"not_picked":["Predator","Deflect"],"picked":"Bouncing Flask","floor":12},{"not_picked":["Slice","Quick Slash"],"picked":"Deadly Poison","floor":14},{"not_picked":["Tools of the Trade","Unload"],"picked":"Venomology","floor":16},{"not_picked":["Blade Dance","Acrobatics"],"picked":"Catalyst","floor":17},{"not_picked":["Dagger Throw","PiercingWail+1"],"picked":"Concentrate","floor":18},{"not_picked":["Eviscerate+1","Backflip"],"picked":"Choke","floor":19},{"not_picked":["Outmaneuver","Slice"],"picked":"Cloak And Dagger+1","floor":20},{"not_picked":["Deflect+1","Eviscerate"],"picked":"Cloak And Dagger","floor":21}],"player_experience":149516,"relics_obtained":[{"floor":6,"key":"Ornamental Fan"},{"floor":9,"key":"Lantern"},{"floor":10,"key":"Anchor"}],"event_choices":[{"event_name":"Liars Game","player_choice":"agreed","floor":11,"damage_taken":0}],"boss_relics":[{"not_picked":["Pandora\u0027s Box","Busted Crown"],"picked":"Tiny House"}],"items_purged_floors":[22],"is_endless":false,"potions_floor_spawned":[3,4,7,10,14,19,21],"killed_by":"Gremlin Leader","ascension_level":1}