{"gold_per_floor":[19,38,4,21,99,99,126,139,139,174,174,6,20,20,20,124,124,142,57,57,0,0,0,13,13,13,0],"floor_reached":27,"playtime":1221,"items_purged":["Strike_B"],"score":265,"play_id":"5ba0b234-a284-4db7-9d9c-c5251f701d2f","local_time":"20180725221701","is_ascension_mode":true,"campfire_choices":[{"data":"Zap","floor":6.0,"key":"SMITH"},{"floor":11.0,"key":"REST"},{"floor":15.0,"key":"REST"},{"floor":23,"key":"REST"},{"floor":25,"key":"REST"}],"neow_cost":"NO_GOLD","seed_source_timestamp":0,"circlet_count":0,"master_deck":["Defend_B","Defend_B","Defend_B","Defend_B","Zap+1","Dualcast","Echo Form","Ball Lightning","Cold Snap","Rip and Tear","FTL","Undo","Go for the Eyes","Compile Driver","Coolheaded","Capacitor","Conserve Battery","Compile Driver","Echo Form","Amplify","Beam Cell+1","Reinforced Body+1","Coolheaded+1","Consume","RitualDagger+1","Stack","Skim+1","Compile Driver+1"],"special_seed":0,"relics":["Cracked Core","Tiny Chest","Emotion Chip","Mummified Hand","Dream Catcher","NlothsMask","Astrolabe","Molten Egg 2"],"potions_floor_usage":[],"damage_taken":[{"damage":1.0,"enemies":"Cultist","floor":1.0,"turns":3.0},{"damage":7.0,"enemies":"Jaw Worm","floor":2.0,"turns":2.0},{"damage":6.0,"enemies":"2 Louse","floor":4.0,"turns":2.0},{"damage":21.0,"enemies":"Lagavulin","floor":7.0,"turns":5.0},{"damage":0.0,"enemies":"Looter","floor":8.0,"turns":3.0},{"damage":12.0,"enemies":"3 Sentries","floor":10.0,"turns":5.0},{"damage":0.0,"enemies":"Large Slime","floor":13.0,"turns":3.0},{"damage":42.0,"enemies":"Hexaghost","floor":16.0,"turns":6.0},{"damage":27.0,"enemies":"3 Byrds","floor":18.0,"turns":5.0},{"damage":24.0,"enemies":"2 Thieves","floor":21.0,"turns":4.0},{"damage":28,"enemies":"Book of Stabbing","floor":24,"turns":5},{"damage":34,"enemies":"2 Thieves","floor":27,"turns":2}],"seed_played":"6267624889812455017","potions_obtained":[{"floor":4.0,"key":"LiquidBronze"},{"floor":7.0,"key":"Explosive Potion"},{"floor":16.0,"key":"AttackPotion"}],"is_trial":false,"path_per_floor":["M","M","$","M","T","R","E","M","T","E","R","$","M","?","R","B",null,"M","?","?","?","?","R","E","R","T"],"character_chosen":"DEFECT","items_purchased":["Rip and Tear","Capacitor","Conserve Battery"],"campfire_rested":4,"item_purchase_floors":[3,12,12],"current_hp_per_floor":[74,67,67,61,61,61,40,40,40,28,50,50,50,50,72,30,75,48,48,48,18,18,40,12,34,34,0],"gold":0,"neow_bonus":"THREE_RARE_CARDS","is_prod":false,"is_daily":false,"chose_seed":false,"campfire_upgraded":1,"win_rate":0,"timestamp":1532582221,"path_taken":["M","M","?","?","?","R","E","?","T","E","R","?","?","?","R","BOSS","M","?","?","?","?","R","E","R","T","M"],"build_version":"2018-07-19v2","purchased_purges":1,"victory":false,"max_hp_per_floor":[75,75,75,75,75,75,75,75,75,75,75,75,75,75,75,75,75,75,75,75,75,75,75,75,75,75,75],"card_choices":[{"not_picked":["Reboot","Amplify"],"picked":"Echo Form","floor":0.0},{"not_picked":["Rebound","Hello World"],"picked":"Ball Lightning","floor":1.0},{"not_picked":["Stack","FTL"],"picked":"Cold Snap","floor":2.0},{"not_picked":["Stack","Aggregate"],"picked":"FTL","floor":4.0},{"not_picked":["Turbo","White Noise"],"picked":"Undo","floor":7.0},{"not_picked":["Ball Lightning","Reprogram"],"picked":"Go for the Eyes","floor":8.0},{"not_picked":["Hyperbeam","Stack"],"picked":"Compile Driver","floor":10.0},{"not_picked":["Redo","Hologram"],"picked":"Coolheaded","floor":11.0},{"not_picked":["Rebound","Stack"],"picked":"Compile Driver","floor":13.0},{"not_picked":["Redo","Rip and Tear"],"picked":"Echo Form","floor":15.0},{"not_picked":["Fission","Biased Cognition"],"picked":"Amplify","floor":16.0},{"not_picked":["Stack","Coolheaded+1"],"picked":"Consume","floor":18.0},{"not_picked":["Aggregate+1","Scrape+1"],"picked":"Stack","floor":23},{"not_picked":["Thunder Strike+1","Go for the Eyes+1"],"picked":"Skim+1","floor":24},{"not_picked":["Turbo","Rebound+1"],"picked":"Compile Driver+1","floor":25}],"player_experience":195263,"relics_obtained":[{"floor":5.0,"key":"Tiny Chest"},{"floor":7.0,"key":"Emotion Chip"},{"floor":9.0,"key":"Mummified Hand"},{"floor":10.0,"key":"Dream Catcher"}],"event_choices":[{"event_name":"FaceTrader","player_choice":"Trade","floor":14.0,"damage_taken":0.0},{"event_name":"Addict","player_choice":"Obtained Relic","floor":19.0,"damage_taken":0.0},{"event_name":"The Woman in Blue","player_choice":"Bought 0 Potions","floor":20.0,"damage_taken":0.0},{"event_name":"Nest","player_choice":"Joined the Cult","floor":21,"damage_taken":0},{"event_name":"Drug Dealer","player_choice":"Ignored","floor":22,"damage_taken":0}],"is_beta":false,"boss_relics":[{"not_picked":["Snecko Eye","Tiny House"],"picked":"Astrolabe"}],"items_purged_floors":[12],"is_endless":false,"potions_floor_spawned":[4,7,16,21],"killed_by":"2 Thieves","ascension_level":4}