{"gold_per_floor":[115,115,133,143,156,190,190,215,252,284,296,319,331,358,370,485,497,528,223,238,26,26,26,26,41,41,41,74,93,93,107,107,210,210,229,27,27,41,51,51,64,98,98,118,132,132,148,148],"floor_reached":48,"playtime":4752,"items_purged":["Normality","Strike_B","Writhe"],"score":623,"play_id":"22950ce1-5baa-486c-955f-07d90424a134","local_time":"20180820002911","is_ascension_mode":false,"campfire_choices":[{"data":"Go for the Eyes","floor":7.0,"key":"SMITH"},{"data":"Reinforced Body","floor":11.0,"key":"SMITH"},{"data":"Rip and Tear","floor":13.0,"key":"SMITH"},{"data":"Zap","floor":15.0,"key":"SMITH"},{"data":"Capacitor","floor":23,"key":"SMITH"},{"floor":30,"key":"REST"},{"floor":32,"key":"DIG"},{"floor":40,"key":"DIG"},{"floor":46,"key":"DIG"}],"neow_cost":"","seed_source_timestamp":235797564277110,"circlet_count":0,"master_deck":["Defend_B","Defend_B","Defend_B","Defend_B","Zap+1","Dualcast","Go for the Eyes+1","Conserve Battery","Cold Snap","Reinforced Body+1","Rip and Tear+1","Self Repair","Undo","Tempest","Reboot","Auto Shields","Capacitor+1","Darkness","Electrodynamics","Recycle","BootSequence+1","Cold Snap","Steam+1","Echo Form","Cold Snap+1","Loop","Madness","Madness","Go for the Eyes+1","Self Repair","Hologram+1","Cold Snap","Undo+1"],"special_seed":0,"relics":["Cracked Core","DataDisk","Bag of Marbles","MawBank","Boot","Runic Dome","Pear","StoneCalendar","Bag of Preparation","Shovel","Vajra","Empty Cage","Girya","Calipers","The Courier","Regal Pillow"],"potions_floor_usage":[16,16,16,28,42,42],"damage_taken":[{"damage":0.0,"enemies":"2 Louse","floor":1.0,"turns":3.0},{"damage":0.0,"enemies":"Cultist","floor":3.0,"turns":3.0},{"damage":0.0,"enemies":"Small Slimes","floor":4.0,"turns":3.0},{"damage":24.0,"enemies":"Gremlin Gang","floor":5.0,"turns":5.0},{"damage":0.0,"enemies":"Lagavulin","floor":6.0,"turns":8.0},{"damage":16.0,"enemies":"3 Sentries","floor":8.0,"turns":8.0},{"damage":11.0,"enemies":"Exordium Wildlife","floor":10.0,"turns":4.0},{"damage":1.0,"enemies":"Red Slaver","floor":12.0,"turns":4.0},{"damage":0.0,"enemies":"2 Fungi Beasts","floor":14.0,"turns":4.0},{"damage":0,"enemies":"The Guardian","floor":16,"turns":10},{"damage":12,"enemies":"2 Thieves","floor":18,"turns":3},{"damage":0,"enemies":"3 Byrds","floor":20,"turns":4},{"damage":26,"enemies":"Snake Plant","floor":25,"turns":4},{"damage":44,"enemies":"Slavers","floor":28,"turns":5},{"damage":22,"enemies":"3 Cultists","floor":29,"turns":5},{"damage":0,"enemies":"Shelled Parasite and Fungi","floor":31,"turns":7},{"damage":9,"enemies":"Champ","floor":33,"turns":20},{"damage":0,"enemies":"3 Shapes","floor":35,"turns":3},{"damage":0,"enemies":"Flame Bruiser 1 Orb","floor":38,"turns":6},{"damage":30,"enemies":"Spire Growth","floor":39,"turns":7},{"damage":17,"enemies":"Flame Bruiser 2 Orb","floor":41,"turns":6},{"damage":28,"enemies":"2 Orb Walkers","floor":42,"turns":6},{"damage":32,"enemies":"3 Darklings","floor":44,"turns":4},{"damage":0,"enemies":"Transient","floor":45,"turns":5},{"damage":21,"enemies":"Maw","floor":47,"turns":9},{"damage":38,"enemies":"Flame Bruiser 2 Orb","floor":48,"turns":3}],"seed_played":"-1943069896491705664","potions_obtained":[{"floor":5.0,"key":"Strength Potion"},{"floor":6.0,"key":"Energy Potion"},{"floor":8.0,"key":"EssenceOfSteel"},{"floor":10.0,"key":"Strength Potion"},{"floor":16,"key":"Block Potion"},{"floor":20,"key":"SpeedPotion"},{"floor":28,"key":"Weak Potion"},{"floor":29,"key":"Explosive Potion"},{"floor":33,"key":"FocusPotion"},{"floor":38,"key":"Block Potion"},{"floor":42,"key":"Dexterity Potion"}],"is_trial":false,"path_per_floor":["M","?","M","M","M","E","R","E","T","M","R","M","R","M","R","B",null,"M","$","M","$","?","R","?","M","T","?","E","M","R","M","R","B",null,"M","$","?","M","M","R","M","E","T","M","M","R","M"],"character_chosen":"DEFECT","items_purchased":["Pear","Capacitor","Darkness","Loop"],"campfire_rested":1,"item_purchase_floors":[19,21,21,36],"current_hp_per_floor":[75,75,75,75,51,51,51,35,35,31,31,37,37,37,37,44,75,70,80,85,85,85,85,85,66,66,66,29,14,39,46,46,44,85,85,85,74,81,65,65,62,48,48,37,37,37,30,0],"gold":148,"neow_bonus":"","is_prod":false,"is_daily":false,"chose_seed":false,"campfire_upgraded":5,"win_rate":0,"timestamp":1534750151,"path_taken":["M","?","?","M","M","E","R","E","T","M","R","M","R","M","R","BOSS","M","$","?","$","?","R","?","M","T","?","E","M","R","M","R","BOSS","M","$","?","M","M","R","M","E","T","M","M","R","M","M"],"build_version":"2018-08-16","purchased_purges":3,"victory":false,"max_hp_per_floor":[75,75,75,75,75,75,75,75,75,75,75,75,75,75,75,75,75,75,85,85,85,85,85,85,85,85,85,85,85,85,85,85,85,85,85,85,85,85,85,85,85,85,85,85,85,85,85,85],"card_choices":[{"not_picked":["Rebound","Chill"],"picked":"Go for the Eyes","floor":1.0},{"not_picked":["Gash","Aggregate"],"picked":"Conserve Battery","floor":3.0},{"not_picked":["Hologram","Conserve Battery"],"picked":"Cold Snap","floor":4.0},{"not_picked":["Steam","Stack"],"picked":"Reinforced Body","floor":5.0},{"not_picked":["Multi-Cast","Compile Driver"],"picked":"Rip and Tear","floor":6.0},{"not_picked":["Gash","Lockon"],"picked":"Self Repair","floor":8.0},{"not_picked":["Heatsinks","Force Field"],"picked":"Undo","floor":10.0},{"not_picked":["Scrape","Aggregate","Coolheaded"],"picked":"SKIP","floor":12.0},{"not_picked":["Scrape","Aggregate","Coolheaded"],"picked":"SKIP","floor":12.0},{"not_picked":["Compile Driver","Stack"],"picked":"Tempest","floor":14.0},{"not_picked":["Meteor Strike","Thunder Strike"],"picked":"Reboot","floor":16},{"not_picked":["Cold Snap","Sweeping Beam"],"picked":"Auto Shields","floor":18},{"not_picked":["Barrage","Redo+1","Beam Cell"],"picked":"SKIP","floor":20},{"not_picked":["Rebound","Leap","Barrage+1"],"picked":"SKIP","floor":25},{"not_picked":["Beam Cell","Fission"],"picked":"BootSequence+1","floor":28},{"not_picked":["Hello World","Fusion+1"],"picked":"Cold Snap","floor":29},{"not_picked":["Chaos+1","Rebound"],"picked":"Steam+1","floor":31},{"not_picked":["Electrodynamics","Fission"],"picked":"Echo Form","floor":33},{"not_picked":["Go for the Eyes","Coolheaded+1"],"picked":"Cold Snap+1","floor":35},{"not_picked":["Cold Snap+1","Turbo+1"],"picked":"Go for the Eyes+1","floor":38},{"not_picked":["Rebound+1","Leap"],"picked":"Self Repair","floor":39},{"not_picked":["Coolheaded+1","Beam Cell+1"],"picked":"Hologram+1","floor":41},{"not_picked":["Creative AI","Gash+1","Hello World+1"],"picked":"SKIP","floor":42},{"not_picked":["Self Repair","White Noise+1"],"picked":"Cold Snap","floor":44},{"not_picked":["Beam Cell+1","Electrodynamics","Sweeping Beam+1"],"picked":"SKIP","floor":45},{"not_picked":["Turbo","Sweeping Beam"],"picked":"Undo+1","floor":47}],"player_experience":537598,"relics_obtained":[{"floor":6.0,"key":"Bag of Marbles"},{"floor":8.0,"key":"MawBank"},{"floor":9.0,"key":"Boot"},{"floor":26,"key":"StoneCalendar"},{"floor":28,"key":"Shovel"},{"floor":32,"key":"Vajra"},{"floor":40,"key":"Girya"},{"floor":42,"key":"Calipers"},{"floor":43,"key":"The Courier"},{"floor":46,"key":"Regal Pillow"}],"event_choices":[{"event_name":"Accursed Blacksmith","player_choice":"Rummage","floor":2.0,"damage_taken":0.0},{"event_name":"Match and Keep!","player_choice":"1 cards matched","floor":22,"damage_taken":0},{"event_name":"Transmorgrifier","player_choice":"Transform","floor":24,"damage_taken":0},{"event_name":"The Mausoleum","player_choice":"Yes","floor":27,"damage_taken":0},{"event_name":"Winding Halls","player_choice":"Embrace Madness","floor":37,"damage_taken":0}],"is_beta":false,"boss_relics":[{"not_picked":["Ectoplasm","Fusion Hammer"],"picked":"Runic Dome"},{"not_picked":["Black Star","Lizard Tail"],"picked":"Empty Cage"}],"items_purged_floors":[19,21,36],"is_endless":false,"potions_floor_spawned":[5,6,8,10,16,20,28,29,33,38,42],"killed_by":"Flame Bruiser 2 Orb","ascension_level":0}