{"path_per_floor":["M","?","$","?","M","R","?","R","T","R","M","?","M","E","R","B",null,"M","M","?","$","?","R"],"character_chosen":"THE_SILENT","items_purchased":["Infinite Blades","Heel Hook","Regal Pillow","Infinite Blades","Dodge and Roll"],"gold_per_floor":[117,117,9,9,20,20,48,48,73,73,84,114,131,160,160,258,258,272,290,290,49,49,49,49],"floor_reached":24,"campfire_rested":4,"playtime":1770,"item_purchase_floors":[],"current_hp_per_floor":[63,63,63,63,59,59,30,51,51,70,70,70,64,46,67,35,70,58,33,33,33,33,69,0],"items_purged":[],"gold":49,"score":192,"play_id":"cf16c9e2-3945-4cf5-a8b3-b7773f0e8a4f","local_time":"20180613192516","is_prod":false,"is_daily":false,"chose_seed":false,"is_ascension_mode":false,"campfire_upgraded":1,"win_rate":0.0,"timestamp":1528935916,"campfire_choices":[{"data":"Infinite Blades","floor":6.0,"key":"SMITH"},{"floor":8.0,"key":"REST"},{"floor":10.0,"key":"REST"},{"floor":15.0,"key":"REST"},{"floor":23,"key":"REST"}],"path_taken":["M","?","$","?","M","R","?","R","T","R","?","?","M","E","R","BOSS","M","M","?","$","?","R","E"],"build_version":"2018-06-07v3","seed_source_timestamp":0,"purchased_purges":0,"victory":false,"master_deck":["Defend_G+1","Defend_G+1","Defend_G+1","Defend_G+1","Defend_G+1","Strike_G+1","Strike_G+1","Strike_G+1","Strike_G+1","Survivor","Neutralize","Terror","All Out Attack","Tools of the Trade","Infinite Blades+1","Heel Hook","Dagger Throw","Malaise","Sucker Punch","Adrenaline","Dodge and Roll+1","Dagger Spray+1","Bullet Time+1","Flying Knee","Finisher+1","Infinite Blades","Dodge and Roll"],"max_hp_per_floor":[70,70,70,70,70,70,70,70,70,70,70,70,70,70,70,70,70,70,70,70,70,70,70,70],"relics":["Ring of the Snake","Odd Mushroom","Pen Nib","Anchor","Astrolabe","Regal Pillow"],"card_choices":[{"not_picked":["Deflect","Deadly Poison"],"picked":"Terror","floor":1.0},{"not_picked":["PiercingWail","Outmaneuver"],"picked":"Leg Sweep","floor":5.0},{"not_picked":["Reflex","Deadly Poison"],"picked":"Dagger Throw","floor":7.0},{"not_picked":["Deflect","Dodge and Roll"],"picked":"Malaise","floor":11.0},{"not_picked":["Dash","Reflex"],"picked":"Sucker Punch","floor":13.0},{"not_picked":["Venomology","Poisoned Stab"],"picked":"Leg Sweep","floor":14.0},{"not_picked":["Unload","Venomology"],"picked":"Adrenaline","floor":16.0},{"not_picked":["Sucker Punch","PiercingWail+1"],"picked":"Flying Knee","floor":18},{"not_picked":["Underhanded Strike+1","Crippling Poison"],"picked":"Finisher+1","floor":19}],"player_experience":62732,"potions_floor_usage":[],"damage_taken":[{"damage":7.0,"enemies":"Jaw Worm","floor":1.0,"turns":4.0},{"damage":4.0,"enemies":"Cultist","floor":5.0,"turns":4.0},{"damage":29.0,"floor":7.0,"turns":5.0},{"damage":0.0,"enemies":"Small Slimes","floor":11.0,"turns":3.0},{"damage":6.0,"enemies":"Blue Slaver","floor":13.0,"turns":3.0},{"damage":18.0,"enemies":"Gremlin Nob","floor":14.0,"turns":4.0},{"damage":32.0,"enemies":"Slime Boss","floor":16.0,"turns":13.0},{"damage":12,"enemies":"Chosen","floor":18,"turns":7},{"damage":25,"enemies":"2 Thieves","floor":19,"turns":5},{"damage":79,"enemies":"Gremlin Leader","floor":24,"turns":4}],"relics_obtained":[{"floor":7.0,"key":"Odd Mushroom"},{"floor":9.0,"key":"Pen Nib"},{"floor":14.0,"key":"Anchor"}],"event_choices":[{"event_name":"Match and Keep!","player_choice":"2 cards matched","floor":2.0,"damage_taken":0.0},{"event_name":"Liars Game","player_choice":"disagreed","floor":4.0,"damage_taken":0.0},{"event_name":"Mushrooms","player_choice":"Fought Mushrooms","floor":7.0,"damage_taken":0.0},{"event_name":"Dead Adventurer","player_choice":"Searched \u00272\u0027 times","floor":12.0,"damage_taken":0.0},{"event_name":"Back to Basics","player_choice":"Simplicity","floor":20,"damage_taken":0},{"event_name":"Drug Dealer","player_choice":"Ignored","floor":22,"damage_taken":0}],"boss_relics":[{"not_picked":["Velvet Choker","Runic Dome"],"picked":"Astrolabe"}],"items_purged_floors":[],"potions_floor_spawned":[1,7,13,19],"seed_played":"4294845910080766113","killed_by":"Gremlin Leader","ascension_level":0,"potions_obtained":[{"floor":1.0,"key":"Dexterity Potion"},{"floor":7.0,"key":"Swift Potion"},{"floor":13.0,"key":"SpeedPotion"}],"is_trial":false}