{"gold_per_floor":[115,115,129,129,142,175,175,205,205,23,40,0,12,42,42,144,144,156,156,81,81],"floor_reached":21,"playtime":1413,"items_purged":["Strike_R"],"score":227,"play_id":"83d965b4-c078-4f39-b4c9-cec613a5bea8","local_time":"20180722214228","is_ascension_mode":true,"campfire_choices":[{"data":"Defend_R","floor":7,"key":"PURGE"},{"data":"Feed","floor":15,"key":"SMITH"}],"neow_cost":"NONE","seed_source_timestamp":594511515784271,"circlet_count":0,"master_deck":["Strike_R","Strike_R","Defend_R","Defend_R","Bash","Shrug It Off","Warcry","Fiend Fire","Feed+1","Double Tap","Spot Weakness","Limit Break","RitualDagger"],"relics":["Black Blood","Red Skull","Peace Pipe","Omamori","The Courier","Frozen Egg 2"],"potions_floor_usage":[6,6,8,14,16],"damage_taken":[{"damage":6,"enemies":"2 Louse","floor":1,"turns":4},{"damage":5,"enemies":"Small Slimes","floor":3,"turns":4},{"damage":1,"enemies":"Jaw Worm","floor":5,"turns":8},{"damage":10,"enemies":"Gremlin Nob","floor":6,"turns":4},{"damage":40,"enemies":"Lagavulin","floor":8,"turns":6},{"damage":6,"enemies":"Looter","floor":11,"turns":3},{"damage":0,"enemies":"2 Fungi Beasts","floor":13,"turns":2},{"damage":20,"enemies":"3 Sentries","floor":14,"turns":9},{"damage":27,"enemies":"Hexaghost","floor":16,"turns":9},{"damage":69,"enemies":"Chosen","floor":18,"turns":8},{"damage":28,"enemies":"Spheric Guardian","floor":21,"turns":3}],"seed_played":"1173832850664562454","potions_obtained":[{"floor":1,"key":"SteroidPotion"},{"floor":3,"key":"Ancient Potion"},{"floor":6,"key":"PowerPotion"},{"floor":13,"key":"Weak Potion"}],"is_trial":false,"path_per_floor":["M","?","M","?","M","E","R","E","T","$","M","$","M","E","R","B",null,"M","?","?"],"character_chosen":"IRONCLAD","items_purchased":["Feed","Swift Potion"],"campfire_rested":0,"item_purchase_floors":[10,12],"current_hp_per_floor":[80,68,69,62,67,63,63,29,29,29,32,32,41,30,30,9,89,34,28,28,0],"gold":81,"neow_bonus":"REMOVE_CARD","is_prod":false,"is_daily":false,"chose_seed":false,"campfire_upgraded":1,"win_rate":0,"timestamp":1532320948,"path_taken":["M","?","M","?","M","E","R","E","T","$","M","?","M","E","R","BOSS","M","?","?","M"],"build_version":"2018-07-19v2","purchased_purges":1,"victory":false,"max_hp_per_floor":[80,80,80,80,80,80,80,80,80,80,83,83,86,89,89,89,89,93,93,93,93],"card_choices":[{"not_picked":["Rupture","Heavy Blade"],"picked":"Shrug It Off","floor":1},{"not_picked":["Ghostly Armor","Anger"],"picked":"Warcry","floor":3},{"not_picked":["Seeing Red","Rage"],"picked":"Fiend Fire","floor":5},{"not_picked":["Shrug It Off","Disarm","Sword Boomerang"],"picked":"SKIP","floor":6},{"not_picked":["Armaments","Clothesline","Twin Strike"],"picked":"SKIP","floor":8},{"not_picked":["Headbutt","Armaments"],"picked":"Double Tap","floor":11},{"not_picked":["Headbutt","Flame Barrier","Burning Pact"],"picked":"SKIP","floor":13},{"not_picked":["Evolve","Clothesline"],"picked":"Spot Weakness","floor":14},{"not_picked":["Brutality+1","Fiend Fire"],"picked":"Limit Break","floor":16},{"not_picked":["Body Slam","Iron Wave","Havoc"],"picked":"SKIP","floor":18}],"player_experience":125966,"relics_obtained":[{"floor":6,"key":"Peace Pipe"},{"floor":8,"key":"Omamori"},{"floor":9,"key":"The Courier"},{"floor":14,"key":"Frozen Egg 2"}],"event_choices":[{"event_name":"Scrap Ooze","player_choice":"success","floor":2,"damage_taken":12},{"event_name":"Golden Wing","player_choice":"Card Removal","floor":4,"damage_taken":0},{"event_name":"Nest","player_choice":"Joined the Cult","floor":19,"damage_taken":0},{"event_name":"Beggar","player_choice":"Gave Gold","floor":20,"damage_taken":0}],"is_beta":false,"boss_relics":[{"not_picked":["Velvet Choker","Cursed Key"],"picked":"Black Blood"}],"items_purged_floors":[10],"is_endless":false,"potions_floor_spawned":[1,3,6,13],"killed_by":"Spheric Guardian","ascension_level":3}