{"gold_per_floor":[118,118,118,130,58,92,92,92,92,111,139,69,81,116,116,187,187,201,201,215,84,101,101,136,136,136,136],"floor_reached":27,"playtime":2234,"items_purged":[],"score":477,"play_id":"ac83478e-006b-443d-9bea-0046447cc958","local_time":"20190330222116","is_ascension_mode":true,"campfire_choices":[{"floor":7.0,"key":"REST"},{"data":"Disarm","floor":15.0,"key":"SMITH"},{"data":"Flame Barrier","floor":23,"key":"SMITH"},{"floor":25,"key":"DIG"}],"neow_cost":"NONE","seed_source_timestamp":0,"circlet_count":0,"master_deck":["AscendersBane","Defend_R","Defend_R","Defend_R","Defend_R","Bash+1","Carnage","True Grit","Disarm+1","Flame Barrier+1","Reaper","Barricade","Metallicize","Anger","Brutality","Feel No Pain","Bite","Bite","Bite","Bite","Bite","Havoc","Rage","Second Wind"],"special_seed":0,"relics":["Black Blood","Pen Nib","Dream Catcher","Orichalcum","Regal Pillow","Bottled Lightning","Anchor","Shovel","Blood Vial","Gremlin Horn"],"potions_floor_usage":[24],"damage_taken":[{"damage":12.0,"enemies":"Jaw Worm","floor":1.0,"turns":8.0},{"damage":0.0,"enemies":"2 Louse","floor":4.0,"turns":2.0},{"damage":39.0,"enemies":"Gremlin Nob","floor":6.0,"turns":5.0},{"damage":1.0,"enemies":"Small Slimes","floor":10.0,"turns":6.0},{"damage":25.0,"enemies":"3 Sentries","floor":11.0,"turns":11.0},{"damage":9.0,"enemies":"Exordium Thugs","floor":13.0,"turns":5.0},{"damage":0.0,"enemies":"Gremlin Nob","floor":14.0,"turns":3.0},{"damage":11.0,"enemies":"Hexaghost","floor":16.0,"turns":11.0},{"damage":42,"enemies":"Spheric Guardian","floor":18,"turns":8},{"damage":13,"enemies":"Chosen","floor":20,"turns":7},{"damage":2,"enemies":"Snake Plant","floor":22,"turns":7},{"damage":75,"enemies":"Slavers","floor":24,"turns":14},{"damage":58,"enemies":"Gremlin Leader","floor":27,"turns":4}],"seed_played":"-4455241068647958498","potions_obtained":[{"floor":1.0,"key":"BloodPotion"},{"floor":6.0,"key":"Fruit Juice"},{"floor":10.0,"key":"Poison Potion"},{"floor":11.0,"key":"Fire Potion"},{"floor":24,"key":"Block Potion"}],"is_trial":false,"path_per_floor":["M","?","?","M","$","E","R","?","T","M","E","$","M","E","R","B",null,"M","?","M","$","M","R","E","R","T","E"],"character_chosen":"IRONCLAD","items_purchased":["Disarm","Metallicize","Havoc","Rage"],"campfire_rested":1,"item_purchase_floors":[5,12,21,21],"current_hp_per_floor":[66,66,50,56,56,23,53,53,53,58,63,63,64,76,76,75,83,55,55,59,59,59,59,32,32,32,0],"gold":136,"neow_bonus":"RANDOM_COMMON_RELIC","is_prod":false,"is_daily":false,"chose_seed":false,"campfire_upgraded":2,"win_rate":0,"timestamp":1553998876,"path_taken":["M","?","?","M","?","E","R","?","T","?","E","$","M","E","R","BOSS","M","?","M","$","M","R","E","R","T","E"],"build_version":"2019-01-23","purchased_purges":0,"victory":false,"max_hp_per_floor":[80,80,80,80,80,80,85,85,85,85,85,85,85,85,85,85,85,85,59,59,59,59,59,59,59,59,59],"card_choices":[{"not_picked":["Sword Boomerang","Warcry"],"picked":"Carnage","floor":1.0},{"not_picked":["Clash","Twin Strike"],"picked":"True Grit","floor":4.0},{"not_picked":["Pommel Strike","Combust"],"picked":"Flame Barrier","floor":6.0},{"not_picked":["Shrug It Off","Entrench"],"picked":"Reaper","floor":10.0},{"not_picked":["Anger","Iron Wave"],"picked":"Barricade","floor":11.0},{"not_picked":["Twin Strike","Armaments","Clash"],"picked":"SKIP","floor":13.0},{"not_picked":["True Grit","Armaments"],"picked":"Anger","floor":14.0},{"not_picked":["Exhume","Barricade"],"picked":"Brutality","floor":16.0},{"not_picked":["Shrug It Off","Body Slam"],"picked":"Feel No Pain","floor":18},{"not_picked":["Sword Boomerang","Thunderclap+1","Twin Strike"],"picked":"SKIP","floor":20},{"not_picked":["Burning Pact","Anger","Carnage"],"picked":"SKIP","floor":22},{"not_picked":["Whirlwind","Dual Wield"],"picked":"Second Wind","floor":24}],"player_experience":2045616,"relics_obtained":[{"floor":6.0,"key":"Dream Catcher"},{"floor":9.0,"key":"Regal Pillow"},{"floor":11.0,"key":"Bottled Lightning"},{"floor":14.0,"key":"Anchor"},{"floor":24,"key":"Shovel"},{"floor":25,"key":"Blood Vial"},{"floor":26,"key":"Gremlin Horn"}],"event_choices":[{"damage_healed":0.0,"max_hp_gain":0.0,"max_hp_loss":0.0,"gold_gain":0.0,"event_name":"Liars Game","player_choice":"Ignored","floor":2.0,"gold_loss":0.0,"damage_taken":0.0},{"damage_healed":0.0,"max_hp_gain":0.0,"max_hp_loss":0.0,"gold_gain":0.0,"event_name":"Shining Light","player_choice":"Entered Light","floor":3.0,"gold_loss":0.0,"damage_taken":16.0,"cards_upgraded":["Strike_R","Bash"]},{"damage_healed":0.0,"max_hp_gain":0.0,"max_hp_loss":0.0,"gold_gain":0.0,"event_name":"WeMeetAgain","player_choice":"Gave Potion","floor":8.0,"gold_loss":0.0,"damage_taken":0.0,"relics_obtained":["Orichalcum"]},{"damage_healed":0,"gold_gain":0,"player_choice":"Became a vampire","damage_taken":0,"max_hp_gain":0,"max_hp_loss":26,"event_name":"Vampires","floor":19,"gold_loss":0,"cards_obtained":["Bite","Bite","Bite","Bite","Bite"]}],"is_beta":false,"boss_relics":[{"not_picked":["Calling Bell","Philosopher\u0027s Stone"],"picked":"Black Blood"}],"items_purged_floors":[],"is_endless":false,"potions_floor_spawned":[1,6,10,11,24],"killed_by":"Gremlin Leader","ascension_level":13}