{"gold_per_floor":[116,116,132,152,171,206,217,217,217,217,246,297,297,272,272,375,375,394,394,413,61,75,75,87,87,87,106,106,106,133,148,148,148],"floor_reached":33,"playtime":1824,"items_purged":[],"score":277,"play_id":"74a42765-a0e9-4a24-b65b-a57649b7beab","local_time":"20190409170124","is_ascension_mode":false,"campfire_choices":[{"floor":10,"key":"REST"},{"floor":13,"key":"REST"},{"floor":15,"key":"REST"},{"data":"Defragment","floor":29,"key":"SMITH"},{"floor":32,"key":"REST"}],"neow_cost":"NONE","seed_source_timestamp":676419503253241,"circlet_count":0,"master_deck":["Strike_B+1","Strike_B+1","Strike_B+1","Strike_B+1","Defend_B+1","Defend_B+1","Defend_B+1","Defend_B+1","Zap","Dualcast","Ball Lightning","Defragment+1","Ball Lightning+1","Amplify","Ball Lightning+1","BootSequence","Conserve Battery"],"relics":["Cracked Core","Calipers","Nunchaku","Molten Egg 2","Nuclear Battery","Frozen Eye","Blood Vial","Letter Opener","StoneCalendar"],"potions_floor_usage":[7,7,22,30,30,30,33],"damage_taken":[{"damage":0,"enemies":"2 Louse","floor":1,"turns":4},{"damage":0,"enemies":"Cultist","floor":3,"turns":3},{"damage":5,"enemies":"Small Slimes","floor":4,"turns":4},{"damage":5,"enemies":"Looter","floor":5,"turns":3},{"damage":42,"enemies":"Gremlin Nob","floor":6,"turns":5},{"damage":14,"enemies":"Exordium Wildlife","floor":7,"turns":4},{"damage":26,"enemies":"Lagavulin","floor":11,"turns":5},{"damage":55,"enemies":"Hexaghost","floor":16,"turns":9},{"damage":8,"enemies":"3 Byrds","floor":18,"turns":5},{"damage":22,"enemies":"Chosen","floor":20,"turns":5},{"damage":13,"enemies":"Snecko","floor":22,"turns":4},{"damage":10,"enemies":"Centurion and Healer","floor":24,"turns":5},{"damage":16,"enemies":"Snake Plant","floor":27,"turns":3},{"damage":40,"enemies":"Book of Stabbing","floor":30,"turns":5},{"damage":18,"enemies":"Shelled Parasite and Fungi","floor":31,"turns":4},{"damage":42,"enemies":"Champ","floor":33,"turns":7}],"seed_played":"3171821981886068177","potions_obtained":[{"floor":3,"key":"Block Potion"},{"floor":4,"key":"GamblersBrew"},{"floor":6,"key":"Energy Potion"},{"floor":16,"key":"Swift Potion"},{"floor":18,"key":"PowerPotion"},{"floor":22,"key":"Regen Potion"},{"floor":31,"key":"FocusPotion"}],"is_trial":false,"path_per_floor":["?","M","?","?","?","?","M","?","?","$","M"],"character_chosen":"DEFECT","items_purchased":["Frozen Eye","Blood Vial"],"campfire_rested":4,"item_purchase_floors":[21,21],"current_hp_per_floor":[82,82,82,77,72,30,16,16,16,40,14,14,38,38,62,7,82,74,74,52,52,41,68,60,60,60,46,46,46,22,6,30,0],"gold":148,"neow_bonus":"TEN_PERCENT_HP_BONUS","is_prod":false,"is_daily":false,"chose_seed":false,"campfire_upgraded":1,"win_rate":0.0,"timestamp":1554840084,"path_taken":["M","?","M","M","?","E","M","?","T","R","E","?","R","?","R","BOSS","M","?","M","$","?","?","M","?","T","M","?","R","E","?","R","BOSS"],"build_version":"2019-01-23","purchased_purges":0,"victory":false,"max_hp_per_floor":[82,82,82,82,82,82,82,82,82,82,82,82,82,82,82,82,82,82,82,82,82,82,82,82,82,82,82,82,82,82,82,82,82],"card_choices":[{"not_picked":["Cold Snap","Rebound","Chaos"],"picked":"SKIP","floor":1},{"not_picked":["Genetic Algorithm","Redo"],"picked":"Ball Lightning","floor":3},{"not_picked":["Rebound","Coolheaded","Auto Shields"],"picked":"SKIP","floor":4},{"not_picked":["Cold Snap","Turbo"],"picked":"Defragment","floor":5},{"not_picked":["Stack","Cold Snap","Streamline"],"picked":"SKIP","floor":6},{"not_picked":["Rip and Tear","Darkness","Force Field"],"picked":"SKIP","floor":7},{"not_picked":["Steam Power","Chaos"],"picked":"Ball Lightning","floor":11},{"not_picked":["Echo Form","Core Surge+1"],"picked":"Amplify","floor":16},{"not_picked":["Skim","FTL+1","Darkness"],"picked":"SKIP","floor":18},{"not_picked":["Streamline+1","Rip and Tear+1","Glacier"],"picked":"SKIP","floor":20},{"not_picked":["Compile Driver+1","Gash+1"],"picked":"Ball Lightning+1","floor":22},{"not_picked":["Barrage+1","Chill"],"picked":"BootSequence","floor":24},{"not_picked":["Skim","Stack+1"],"picked":"Conserve Battery","floor":27},{"not_picked":["Rebound+1","Steam Power","Steam"],"picked":"SKIP","floor":30},{"not_picked":["Reinforced Body","Turbo","Glacier"],"picked":"SKIP","floor":31}],"player_experience":19825,"relics_obtained":[{"floor":6,"key":"Calipers"},{"floor":9,"key":"Nunchaku"},{"floor":11,"key":"Molten Egg 2"},{"floor":26,"key":"Letter Opener"},{"floor":30,"key":"StoneCalendar"}],"event_choices":[{"damage_healed":0,"gold_gain":0,"player_choice":"Ignored","damage_taken":0,"max_hp_gain":0,"max_hp_loss":0,"event_name":"NoteForYourself","floor":2,"gold_loss":0},{"damage_healed":0,"gold_gain":0,"player_choice":"Ignored","damage_taken":0,"max_hp_gain":0,"max_hp_loss":0,"event_name":"Shining Light","floor":8,"gold_loss":0},{"damage_healed":0,"gold_gain":51,"player_choice":"Gained Gold","damage_taken":0,"max_hp_gain":0,"max_hp_loss":0,"event_name":"Golden Wing","floor":12,"gold_loss":0},{"damage_healed":0,"gold_gain":0,"player_choice":"Left Gold","damage_taken":0,"max_hp_gain":0,"max_hp_loss":0,"event_name":"World of Goop","floor":14,"gold_loss":25},{"damage_healed":0,"gold_gain":0,"player_choice":"Ignored","damage_taken":0,"max_hp_gain":0,"max_hp_loss":0,"event_name":"WeMeetAgain","floor":19,"gold_loss":0},{"damage_healed":27,"gold_gain":0,"player_choice":"Heal","damage_taken":0,"max_hp_gain":0,"max_hp_loss":0,"event_name":"The Library","floor":23,"gold_loss":0},{"damage_healed":0,"gold_gain":0,"player_choice":"Simplicity","damage_taken":0,"max_hp_gain":0,"max_hp_loss":0,"event_name":"Back to Basics","floor":25,"gold_loss":0,"cards_upgraded":["Strike_B","Strike_B","Strike_B","Strike_B","Defend_B","Defend_B","Defend_B","Defend_B"]}],"is_beta":false,"boss_relics":[{"not_picked":["Empty Cage","Fusion Hammer"],"picked":"Nuclear Battery"}],"items_purged_floors":[],"is_endless":false,"potions_floor_spawned":[3,4,6,16,18,22,24,31],"killed_by":"Champ","ascension_level":0}