{"gold_per_floor":[116,19,19,319,332,360,360,390,390,417,492,492,492,503,503,579,579,590,616,635,653,653,653,665,665,665,2,2],"floor_reached":28,"playtime":1812,"items_purged":["Writhe"],"score":398,"play_id":"98d3ecac-f414-44ba-bb50-528404e7e71a","local_time":"20180816150445","is_ascension_mode":true,"campfire_choices":[{"data":"True Grit","floor":7.0,"key":"SMITH"},{"data":"Uppercut","floor":12.0,"key":"SMITH"},{"data":"Metallicize","floor":15,"key":"SMITH"},{"data":"Immolate","floor":23,"key":"SMITH"},{"data":"True Grit","floor":25,"key":"SMITH"}],"neow_cost":"","seed_source_timestamp":0,"circlet_count":0,"master_deck":["Strike_R","Strike_R","Strike_R","Strike_R","Strike_R","Defend_R","Defend_R","Defend_R","Defend_R","Bash+1","AscendersBane","Iron Wave","True Grit+1","Metallicize+1","Cleave","Uppercut+1","Immolate+1","Ghostly Armor","Clothesline","True Grit+1","Metallicize","Limit Break","Shrug It Off"],"special_seed":0,"relics":["Burning Blood","Old Coin","Pantograph","Dodecahedron","Calipers","Incense Burner","Coffee Dripper","Red Mask","Dream Catcher","Du-Vu Doll","Strawberry","ClockworkSouvenir"],"potions_floor_usage":[16,19,20],"damage_taken":[{"damage":1.0,"enemies":"Cultist","floor":1.0,"turns":4.0},{"damage":1.0,"enemies":"Jaw Worm","floor":5.0,"turns":5.0},{"damage":28.0,"enemies":"Lagavulin","floor":6.0,"turns":11.0},{"damage":25.0,"enemies":"3 Sentries","floor":8.0,"turns":16.0},{"damage":18.0,"enemies":"Lagavulin","floor":10.0,"turns":10.0},{"damage":1,"enemies":"2 Louse","floor":14,"turns":4},{"damage":13,"enemies":"Hexaghost","floor":16,"turns":16},{"damage":12,"enemies":"Chosen","floor":18,"turns":4},{"damage":53,"floor":19,"turns":7},{"damage":6,"enemies":"2 Thieves","floor":20,"turns":4},{"damage":9,"enemies":"Snecko","floor":21,"turns":5},{"damage":5,"enemies":"Centurion and Healer","floor":24,"turns":9},{"damage":16,"enemies":"Cultist and Chosen","floor":28,"turns":4}],"seed_played":"-6418187682247784554","potions_obtained":[{"floor":6.0,"key":"SteroidPotion"},{"floor":10.0,"key":"Fire Potion"},{"floor":16,"key":"SteroidPotion"},{"floor":19,"key":"Poison Potion"},{"floor":21,"key":"LiquidBronze"},{"floor":24,"key":"GamblersBrew"}],"is_trial":false,"path_per_floor":["M","$","?","T","M","E","R","E","T","E","?","R","?","M","R","B",null,"M","?","M","M","?","R","M","R","T","$"],"character_chosen":"IRONCLAD","items_purchased":["True Grit","Fire Potion","Metallicize","Limit Break","Strawberry","Shrug It Off","ClockworkSouvenir"],"campfire_rested":0,"item_purchase_floors":[2,2,27,27,27,27,27],"current_hp_per_floor":[73,73,73,73,75,53,53,34,34,22,11,11,4,9,9,27,63,57,10,10,7,7,7,8,8,8,15,0],"gold":2,"neow_bonus":"","is_prod":false,"is_daily":false,"chose_seed":false,"campfire_upgraded":5,"win_rate":0,"timestamp":1534457085,"path_taken":["M","$","?","?","M","E","R","E","T","E","?","R","?","?","R","BOSS","M","?","M","M","?","R","M","R","T","$","M"],"build_version":"2018-08-09","purchased_purges":1,"victory":false,"max_hp_per_floor":[75,75,75,75,75,75,75,75,75,75,75,75,75,75,75,75,75,75,75,75,75,75,75,75,75,75,82,82],"card_choices":[{"not_picked":["Perfected Strike","Pommel Strike"],"picked":"Iron Wave","floor":1.0},{"not_picked":["Twin Strike","Dark Embrace"],"picked":"Metallicize","floor":5.0},{"not_picked":["Sentinel","Havoc","Wild Strike"],"picked":"SKIP","floor":6.0},{"not_picked":["Pommel Strike","Evolve"],"picked":"Cleave","floor":8.0},{"not_picked":["Intimidate","Pommel Strike"],"picked":"Uppercut","floor":10.0},{"not_picked":["Dual Wield","Thunderclap","Wild Strike"],"picked":"SKIP","floor":14},{"not_picked":["Fiend Fire","Reaper"],"picked":"Immolate","floor":16},{"not_picked":["Corruption","Flex"],"picked":"Ghostly Armor","floor":18},{"not_picked":["Perfected Strike","Blood for Blood"],"picked":"Clothesline","floor":19},{"not_picked":["Sever Soul","Wild Strike","Heavy Blade+1"],"picked":"SKIP","floor":20},{"not_picked":["Warcry","Combust","Wild Strike"],"picked":"SKIP","floor":21},{"not_picked":["Heavy Blade","Anger"],"picked":"True Grit","floor":24}],"player_experience":476955,"relics_obtained":[{"floor":4.0,"key":"Old Coin"},{"floor":6.0,"key":"Pantograph"},{"floor":8.0,"key":"Dodecahedron"},{"floor":9.0,"key":"Calipers"},{"floor":10.0,"key":"Incense Burner"},{"floor":19,"key":"Red Mask"},{"floor":26,"key":"Du-Vu Doll"}],"event_choices":[{"event_name":"Upgrade Shrine","player_choice":"Upgraded","floor":3.0,"damage_taken":0.0},{"event_name":"World of Goop","player_choice":"Gather Gold","floor":11.0,"damage_taken":0.0},{"event_name":"Scrap Ooze","player_choice":"unsuccessful","floor":13.0,"damage_taken":7.0},{"event_name":"Masked Bandits","player_choice":"Fought Bandits","floor":19,"damage_taken":0},{"event_name":"The Mausoleum","player_choice":"Yes","floor":22,"damage_taken":0}],"is_beta":false,"boss_relics":[{"not_picked":["Orrery","Black Blood"],"picked":"Coffee Dripper"}],"items_purged_floors":[27],"is_endless":false,"potions_floor_spawned":[6,10,16,19,21,24],"killed_by":"Cultist and Chosen","ascension_level":14}