{"gold_per_floor":[114,127,59,59,159,159,191,191,191,191,201,216,235,245,245,348,348,366,10,10,24,43,43],"floor_reached":23,"playtime":1058,"items_purged":["Strike_G"],"score":266,"play_id":"f4c0bf12-c15c-4e09-9489-8978dcc25106","local_time":"20190413115909","is_ascension_mode":true,"campfire_choices":[{"data":"Choke","floor":6,"key":"SMITH"},{"data":"Footwork","floor":8,"key":"SMITH"},{"floor":10,"key":"REST"},{"floor":15,"key":"REST"}],"neow_cost":"NONE","seed_source_timestamp":59156411692208,"circlet_count":0,"master_deck":["Defend_G","Defend_G","Defend_G","Defend_G","Defend_G","Strike_G","Strike_G","Strike_G","Survivor","Neutralize","Choke+1","Flying Knee","Dagger Spray","Footwork+1","Slice","Cloak And Dagger","Blur","Blade Dance","Deflect","A Thousand Cuts","Flying Knee","Deflect","Slice","Escape Plan","Deep Breath","Footwork+1","Deflect","Deflect+1"],"relics":["Ring of the Snake","Bag of Marbles","The Courier","Cursed Key","Ancient Tea Set"],"potions_floor_usage":[16,16,16,22],"damage_taken":[{"damage":6,"enemies":"Small Slimes","floor":1,"turns":4},{"damage":0,"enemies":"2 Louse","floor":2,"turns":3},{"damage":32,"enemies":"3 Sentries","floor":7,"turns":11},{"damage":0,"enemies":"Cultist","floor":11,"turns":2},{"damage":0,"enemies":"Red Slaver","floor":12,"turns":6},{"damage":8,"enemies":"Lots of Slimes","floor":13,"turns":5},{"damage":0,"enemies":"Gremlin Gang","floor":14,"turns":2},{"damage":38,"enemies":"Hexaghost","floor":16,"turns":16},{"damage":12,"enemies":"Spheric Guardian","floor":18,"turns":6},{"damage":11,"enemies":"2 Thieves","floor":21,"turns":5},{"damage":10,"enemies":"Centurion and Healer","floor":22,"turns":7},{"damage":37,"enemies":"Slavers","floor":23,"turns":5}],"seed_played":"6931287107745250170","potions_obtained":[{"floor":1,"key":"Fire Potion"},{"floor":13,"key":"EssenceOfSteel"},{"floor":14,"key":"Dexterity Potion"},{"floor":18,"key":"EssenceOfSteel"},{"floor":21,"key":"Fire Potion"}],"is_trial":false,"path_per_floor":["M","M","$","?","?","R","E","R","T","R","M","M","M","M","R","B",null,"M","$","?","M","M","E"],"character_chosen":"THE_SILENT","items_purchased":["Footwork","Deflect","Slice","Escape Plan","Deep Breath","Ancient Tea Set"],"campfire_rested":2,"item_purchase_floors":[3,19,19,19,19,19],"current_hp_per_floor":[64,64,64,57,57,57,25,25,25,46,46,46,38,38,59,21,58,46,46,46,35,25,0],"gold":43,"neow_bonus":"THREE_CARDS","is_prod":false,"is_daily":false,"chose_seed":false,"campfire_upgraded":2,"win_rate":0,"timestamp":1555174749,"path_taken":["M","M","$","?","?","R","E","R","T","R","M","M","?","M","R","BOSS","M","$","?","M","?","E"],"build_version":"2019-01-23","purchased_purges":1,"victory":false,"max_hp_per_floor":[70,70,70,70,70,70,70,70,70,70,70,70,70,70,70,70,70,70,70,70,70,70,70],"card_choices":[{"not_picked":["Prepared","Blade Dance"],"picked":"Choke","floor":0},{"not_picked":["Finisher","Dagger Throw"],"picked":"Flying Knee","floor":1},{"not_picked":["Flechettes","Quick Slash"],"picked":"Dagger Spray","floor":2},{"not_picked":["Flechettes","Bouncing Flask"],"picked":"Slice","floor":7},{"not_picked":["Dodge and Roll","Backflip"],"picked":"Cloak And Dagger","floor":11},{"not_picked":["Quick Slash","Well Laid Plans"],"picked":"Blur","floor":12},{"not_picked":["Acrobatics","Expertise"],"picked":"Blade Dance","floor":13},{"not_picked":["Masterful Stab","Acrobatics"],"picked":"Deflect","floor":14},{"not_picked":["Wraith Form v2","Venomology"],"picked":"A Thousand Cuts","floor":16},{"not_picked":["Poisoned Stab","Concentrate+1"],"picked":"Flying Knee","floor":18},{"not_picked":["Poisoned Stab","Dagger Spray"],"picked":"Deflect","floor":21},{"not_picked":["Bane","Flying Knee"],"picked":"Deflect+1","floor":22}],"player_experience":814169,"relics_obtained":[{"floor":7,"key":"Bag of Marbles"},{"floor":9,"key":"The Courier"}],"event_choices":[{"cards_removed":["Strike_G"],"damage_healed":0,"gold_gain":0,"player_choice":"Card Removal","damage_taken":7,"max_hp_gain":0,"max_hp_loss":0,"event_name":"Golden Wing","floor":4,"gold_loss":0},{"damage_healed":0,"gold_gain":100,"player_choice":"Pray","damage_taken":0,"max_hp_gain":0,"max_hp_loss":0,"event_name":"Golden Shrine","floor":5,"gold_loss":0},{"damage_healed":0,"gold_gain":0,"player_choice":"Copied","damage_taken":0,"max_hp_gain":0,"max_hp_loss":0,"event_name":"Duplicator","floor":20,"gold_loss":0,"cards_obtained":["Footwork"]}],"is_beta":false,"boss_relics":[{"not_picked":["Coffee Dripper","Tiny House"],"picked":"Cursed Key"}],"items_purged_floors":[19],"is_endless":false,"potions_floor_spawned":[1,13,14,18,21],"killed_by":"Slavers","ascension_level":5}