{"gold_per_floor":[111,111,111,130,143,143,168,168,168,268,297,297,324,126,126,221,221,241,252,63,79,98,98,427,446,446,446],"floor_reached":27,"playtime":1514,"items_purged":["Strike_R","Strike_R"],"score":406,"play_id":"d188f067-b8fe-4c58-b5db-a4f8b7ffc7ea","local_time":"20180804210347","is_ascension_mode":true,"campfire_choices":[{"data":"Bash","floor":6.0,"key":"SMITH"},{"data":"Clothesline","floor":8.0,"key":"SMITH"},{"data":"Clothesline","floor":12.0,"key":"SMITH"},{"data":"Iron Wave","floor":15,"key":"SMITH"},{"data":"True Grit","floor":23,"key":"SMITH"}],"neow_cost":"NONE","seed_source_timestamp":1068788219066728,"circlet_count":0,"master_deck":["Strike_R","Strike_R","Defend_R","Defend_R","Defend_R","Defend_R","Bash+1","Bludgeon+1","Iron Wave+1","Clothesline+1","Anger+1","Clothesline+1","Headbutt","Fiend Fire","True Grit+1","Dramatic Entrance","Cleave","Shrug It Off","Anger+1"],"special_seed":0,"relics":["Burning Blood","Smiling Mask","Red Skull","Whetstone","Happy Flower","Dodecahedron","Busted Crown","Old Coin","Mercury Hourglass"],"potions_floor_usage":[16,16,16,24,24],"damage_taken":[{"damage":0.0,"enemies":"Small Slimes","floor":1.0,"turns":3.0},{"damage":1.0,"enemies":"Cultist","floor":4.0,"turns":3.0},{"damage":2.0,"enemies":"Jaw Worm","floor":5.0,"turns":4.0},{"damage":25.0,"enemies":"Lagavulin","floor":7.0,"turns":5.0},{"damage":11.0,"enemies":"Gremlin Nob","floor":11.0,"turns":3.0},{"damage":17.0,"enemies":"3 Sentries","floor":13.0,"turns":5.0},{"damage":0,"enemies":"Slime Boss","floor":16,"turns":4},{"damage":7,"enemies":"Shell Parasite","floor":18,"turns":3},{"damage":12,"enemies":"2 Thieves","floor":19,"turns":4},{"damage":0,"enemies":"Snecko","floor":21,"turns":3},{"damage":0,"enemies":"Cultist and Chosen","floor":22,"turns":4},{"damage":30,"enemies":"Gremlin Leader","floor":24,"turns":5},{"damage":8,"enemies":"Chosen and Byrds","floor":25,"turns":5},{"damage":55,"enemies":"Slavers","floor":27,"turns":4}],"seed_played":"9084302005664947123","potions_obtained":[{"floor":1.0,"key":"Poison Potion"},{"floor":5.0,"key":"Poison Potion"},{"floor":13.0,"key":"Regen Potion"},{"floor":18,"key":"Strength Potion"},{"floor":22,"key":"Energy Potion"}],"is_trial":false,"path_per_floor":["M","?","?","M","M","R","E","R","T","?","E","R","E","$","R","B",null,"M","M","$","M","M","R","E","M","T"],"character_chosen":"IRONCLAD","items_purchased":["Regen Potion","Fiend Fire","Dramatic Entrance","Cleave"],"campfire_rested":0,"item_purchase_floors":[14,14,20,20],"current_hp_per_floor":[78,78,75,80,80,80,61,61,61,61,56,56,45,45,45,70,78,77,71,71,77,80,80,56,54,54,0],"gold":446,"neow_bonus":"TRANSFORM_CARD","is_prod":false,"is_daily":false,"chose_seed":false,"campfire_upgraded":5,"win_rate":0,"timestamp":1533441827,"path_taken":["M","?","?","M","?","R","E","R","T","?","E","R","E","$","R","BOSS","M","M","$","M","M","R","E","M","T","E"],"build_version":"2018-08-02","purchased_purges":2,"victory":false,"max_hp_per_floor":[80,80,80,80,80,80,80,80,80,80,80,80,80,80,80,80,80,80,80,80,80,80,80,80,80,80,80],"card_choices":[{"not_picked":["Battle Trance","Pummel"],"picked":"Iron Wave","floor":1.0},{"not_picked":["Armaments","Iron Wave"],"picked":"Clothesline","floor":4.0},{"not_picked":["Burning Pact","Pommel Strike"],"picked":"Anger","floor":5.0},{"not_picked":["Infernal Blade","Clash"],"picked":"Clothesline","floor":7.0},{"not_picked":["Clothesline","Thunderclap"],"picked":"Headbutt","floor":11.0},{"not_picked":["Feel No Pain","Dropkick","Intimidate"],"picked":"SKIP","floor":13.0},{"not_picked":["Body Slam"],"picked":"SKIP","floor":18},{"not_picked":[],"picked":"True Grit","floor":19},{"not_picked":["Searing Blow"],"picked":"SKIP","floor":21},{"not_picked":[],"picked":"Shrug It Off","floor":22},{"not_picked":[],"picked":"Anger+1","floor":24},{"not_picked":["Bloodletting"],"picked":"SKIP","floor":25}],"player_experience":299568,"relics_obtained":[{"floor":7.0,"key":"Whetstone"},{"floor":9.0,"key":"Happy Flower"},{"floor":11.0,"key":"Dodecahedron"},{"floor":24,"key":"Old Coin"},{"floor":26,"key":"Mercury Hourglass"}],"event_choices":[{"event_name":"WeMeetAgain","player_choice":"Potion","floor":2.0,"damage_taken":0.0},{"event_name":"Scrap Ooze","player_choice":"success","floor":3.0,"damage_taken":3.0},{"event_name":"Golden Shrine","player_choice":"Pray","floor":10.0,"damage_taken":0.0}],"is_beta":false,"boss_relics":[{"not_picked":["Orrery","Eternal Feather"],"picked":"Busted Crown"}],"items_purged_floors":[14,20],"is_endless":false,"potions_floor_spawned":[1,5,13,18,22],"killed_by":"Slavers","ascension_level":7}