{"gold_per_floor":[110,130,1,17,17,17,28,28,76,103,103,134,134,145,145,242,242,253,253,267,279,290,290],"floor_reached":23,"playtime":1239,"items_purged":["Normality"],"score":233,"play_id":"f6a96d1e-db31-4c60-8528-f31aa0a75171","local_time":"20180819154506","is_ascension_mode":true,"campfire_choices":[{"data":"Venomology","floor":6,"key":"SMITH"},{"data":"Distraction","floor":8,"key":"SMITH"},{"data":"Backstab","floor":13,"key":"SMITH"},{"floor":15,"key":"REST"}],"neow_cost":"CURSE","seed_source_timestamp":660256716086964,"circlet_count":0,"master_deck":["Defend_G","Defend_G","Defend_G+1","Defend_G","Defend_G","Strike_G","Strike_G","Strike_G","Strike_G","Strike_G","Survivor+1","Neutralize+1","Venomology+1","Deadly Poison+1","Backstab+1","Dagger Spray","Masterful Stab","Distraction+1","Flying Knee","Parasite","Catalyst","Deadly Poison","Venomology","Sucker Punch","Backstab","Infinite Blades","Caltrops","Outmaneuver","Flying Knee","Outmaneuver+1","Noxious Fumes","Distraction"],"relics":["Ring of the Snake","Boot","War Paint","Bottled Lightning","Orrery"],"potions_floor_usage":[2,7,10,10,14,14,16,16,20,21,21,22],"damage_taken":[{"damage":7,"enemies":"Small Slimes","floor":1,"turns":5},{"damage":7,"enemies":"2 Louse","floor":2,"turns":3},{"damage":6,"enemies":"Jaw Worm","floor":4,"turns":4},{"damage":4,"enemies":"Blue Slaver","floor":7,"turns":4},{"damage":32,"enemies":"3 Sentries","floor":10,"turns":9},{"damage":18,"enemies":"Lagavulin","floor":12,"turns":6},{"damage":8,"enemies":"Exordium Wildlife","floor":14,"turns":5},{"damage":30,"enemies":"The Guardian","floor":16,"turns":7},{"damage":18,"enemies":"3 Byrds","floor":18,"turns":4},{"damage":10,"enemies":"Chosen","floor":20,"turns":4},{"damage":21,"enemies":"Centurion and Healer","floor":21,"turns":6},{"damage":20,"enemies":"Cultist and Chosen","floor":22,"turns":5},{"damage":5,"enemies":"Gremlin Leader","floor":23,"turns":1}],"seed_played":"1921564509568387899","potions_obtained":[{"floor":1,"key":"SkillPotion"},{"floor":4,"key":"Energy Potion"},{"floor":14,"key":"SteroidPotion"},{"floor":16,"key":"SpeedPotion"},{"floor":18,"key":"LiquidBronze"}],"is_trial":false,"path_per_floor":["M","M","$","M","?","R","M","R","T","E","?","E","R","M","R","B",null,"M","?","M","M","M"],"character_chosen":"THE_SILENT","items_purchased":["Dagger Spray"],"campfire_rested":1,"item_purchase_floors":[3],"current_hp_per_floor":[63,56,56,50,36,36,32,32,32,15,32,14,14,6,27,7,70,52,52,42,21,1,0],"gold":290,"neow_bonus":"THREE_RARE_CARDS","is_prod":false,"is_daily":false,"chose_seed":false,"campfire_upgraded":3,"win_rate":0,"timestamp":1534711506,"path_taken":["M","M","$","M","?","R","M","R","T","E","?","E","R","?","R","BOSS","M","?","?","M","M","E"],"build_version":"2018-08-16","purchased_purges":1,"victory":false,"max_hp_per_floor":[70,70,70,70,70,70,70,70,70,70,70,70,70,70,70,70,70,70,70,70,70,70,70],"card_choices":[{"not_picked":["Unload","A Thousand Cuts"],"picked":"Venomology","floor":0},{"not_picked":["Dodge and Roll","Flying Knee"],"picked":"Deadly Poison","floor":1},{"not_picked":["Terror","Quick Slash"],"picked":"Backstab","floor":2},{"not_picked":["Deflect","Cloak And Dagger"],"picked":"Masterful Stab","floor":4},{"not_picked":["Poisoned Stab","Adrenaline"],"picked":"Distraction","floor":7},{"not_picked":["Leg Sweep","Finisher"],"picked":"Flying Knee","floor":10},{"not_picked":["Bane","Doppelganger"],"picked":"Catalyst","floor":12},{"not_picked":["Dagger Spray","Flying Knee"],"picked":"Deadly Poison","floor":14},{"not_picked":["Wraith Form v2","Envenom"],"picked":"Venomology","floor":16},{"not_picked":["Masterful Stab","Finisher"],"picked":"Sucker Punch","floor":17},{"not_picked":["Poisoned Stab","Quick Slash"],"picked":"Backstab","floor":17},{"not_picked":["Predator","Blade Dance"],"picked":"Infinite Blades","floor":17},{"not_picked":["Infinite Blades","Prepared"],"picked":"Caltrops","floor":17},{"not_picked":["All Out Attack","Expertise"],"picked":"Outmaneuver","floor":17},{"not_picked":["Dagger Throw","Backflip"],"picked":"Flying Knee","floor":18},{"not_picked":["Calculated Gamble","Dagger Spray"],"picked":"Outmaneuver+1","floor":20},{"not_picked":["Dagger Throw","Flechettes"],"picked":"Noxious Fumes","floor":21},{"not_picked":["Underhanded Strike","Bane"],"picked":"Distraction","floor":22}],"player_experience":240739,"relics_obtained":[{"floor":9,"key":"Boot"},{"floor":10,"key":"War Paint"},{"floor":12,"key":"Bottled Lightning"}],"event_choices":[{"event_name":"Shining Light","player_choice":"Entered Light","floor":5,"damage_taken":0},{"event_name":"Mushrooms","player_choice":"Healed and dodged fight","floor":11,"damage_taken":0},{"event_name":"Ghosts","player_choice":"Ignored","floor":19,"damage_taken":0}],"is_beta":false,"boss_relics":[{"not_picked":["Tiny House","Ring of the Serpent"],"picked":"Orrery"}],"items_purged_floors":[3],"is_endless":false,"potions_floor_spawned":[1,4,14,16,18,21],"killed_by":"Gremlin Leader","ascension_level":3}