{"gold_per_floor":[110,19,19,36,36,36,52,54,131,131,191,191,217,227,227,301,301,321,286,336,67,117,143,143,2,2,15,15,25,25,42,42,113,113,130,5,55,117,134,134,134],"floor_reached":41,"playtime":3226,"items_purged":["Decay","Strike_R","Strike_R"],"score":724,"play_id":"80c37a94-f8aa-4104-a604-bd07b8fa3b41","local_time":"20180817185824","is_ascension_mode":true,"campfire_choices":[{"data":"Clothesline","floor":6.0,"key":"SMITH"},{"data":"Bash","floor":10.0,"key":"SMITH"},{"data":"Fiend Fire","floor":12.0,"key":"SMITH"},{"data":"True Grit","floor":15.0,"key":"SMITH"},{"data":"Uppercut","floor":24.0,"key":"SMITH"},{"data":"Carnage","floor":28.0,"key":"SMITH"},{"data":"Disarm","floor":32.0,"key":"SMITH"},{"data":"Limit Break","floor":40,"key":"SMITH"}],"neow_cost":"CURSE","seed_source_timestamp":43607850734281,"circlet_count":0,"master_deck":["Strike_R+1","Defend_R","Defend_R","Defend_R","Bash+1","AscendersBane","Feel No Pain","Fiend Fire+1","Metallicize","Metallicize","Clothesline+1","Disarm+1","Shrug It Off","Shrug It Off","True Grit+1","Cleave+1","Shrug It Off","Rampage","Uppercut+1","Feel No Pain","RitualDagger","Carnage+1","Feed","Shrug It Off","Limit Break+1","Shockwave+1","Pummel","Exhume","Madness","Madness","Battle Trance+1","Battle Trance"],"special_seed":0,"relics":["Burning Blood","SsserpentHead","Shuriken","Whetstone","Velvet Choker","Red Skull","Anchor","Paper Frog","Pantograph","Orrery"],"potions_floor_usage":[],"damage_taken":[{"damage":0.0,"enemies":"Small Slimes","floor":1.0,"turns":3.0},{"damage":2.0,"enemies":"Cultist","floor":4.0,"turns":5.0},{"damage":0.0,"enemies":"2 Louse","floor":7.0,"turns":3.0},{"damage":34.0,"enemies":"Lots of Slimes","floor":11.0,"turns":6.0},{"damage":15.0,"enemies":"3 Sentries","floor":13.0,"turns":9.0},{"damage":11.0,"enemies":"Large Slime","floor":14.0,"turns":6.0},{"damage":15.0,"enemies":"Hexaghost","floor":16.0,"turns":15.0},{"damage":18.0,"enemies":"Spheric Guardian","floor":18.0,"turns":5.0},{"damage":19.0,"enemies":"Slavers","floor":23.0,"turns":5.0},{"damage":0.0,"enemies":"Shell Parasite","floor":27.0,"turns":5.0},{"damage":10.0,"enemies":"3 Cultists","floor":29.0,"turns":6.0},{"damage":4.0,"enemies":"Centurion and Healer","floor":30.0,"turns":10.0},{"damage":11.0,"enemies":"Centurion and Healer","floor":31.0,"turns":6.0},{"damage":52.0,"enemies":"Champ","floor":33.0,"turns":14.0},{"damage":5.0,"enemies":"3 Darklings","floor":35.0,"turns":8.0},{"damage":15,"enemies":"3 Shapes","floor":38,"turns":8},{"damage":33,"enemies":"Spire Growth","floor":39,"turns":8},{"damage":36,"enemies":"Transient","floor":41,"turns":4}],"seed_played":"-1942299137394676815","potions_obtained":[{"floor":11.0,"key":"LiquidBronze"},{"floor":14.0,"key":"FearPotion"},{"floor":16.0,"key":"Strength Potion"},{"floor":27.0,"key":"SteroidPotion"},{"floor":29.0,"key":"GamblersBrew"},{"floor":33.0,"key":"Swift Potion"}],"is_trial":false,"path_per_floor":["M","$","?","M","?","R","M","$","T","R","M","R","E","M","R","B",null,"M","?","?","$","?","E","R","$","T","M","R","M","$","M","R","B",null,"M","$","?","M","M","R"],"character_chosen":"IRONCLAD","items_purchased":["Metallicize","Clothesline","True Grit","Feel No Pain","Anchor","Feed"],"campfire_rested":0,"item_purchase_floors":[2,2,8,21,21,25],"current_hp_per_floor":[74,74,74,75,75,75,75,75,75,75,47,47,38,33,33,24,62,50,50,50,50,44,31,31,31,31,40,40,39,44,42,42,21,71,75,75,64,58,31,31,0],"gold":134,"neow_bonus":"TRANSFORM_TWO_CARDS","is_prod":false,"is_daily":false,"chose_seed":false,"campfire_upgraded":8,"win_rate":0,"timestamp":1534557504,"path_taken":["M","$","?","M","?","R","M","?","T","R","?","R","E","M","R","BOSS","M","?","?","$","?","E","R","$","T","M","R","M","?","M","R","BOSS","M","$","?","?","M","R","M"],"build_version":"2018-08-16","purchased_purges":3,"victory":false,"max_hp_per_floor":[75,75,75,75,75,75,75,75,75,75,75,75,75,75,75,75,75,75,75,75,75,75,75,75,75,75,78,78,81,84,87,87,87,87,90,90,90,93,93,93,93],"card_choices":[{"not_picked":["Blood for Blood","Warcry"],"picked":"Metallicize","floor":1.0},{"not_picked":["Heavy Blade","Warcry"],"picked":"Shrug It Off","floor":4.0},{"not_picked":["Body Slam","Corruption"],"picked":"Shrug It Off","floor":7.0},{"not_picked":["Headbutt","Perfected Strike"],"picked":"Cleave","floor":11.0},{"not_picked":["Ghostly Armor","Corruption"],"picked":"Shrug It Off","floor":13.0},{"not_picked":["Barricade","Pommel Strike"],"picked":"Rampage","floor":14.0},{"not_picked":["Sword Boomerang","Wild Strike"],"picked":"Uppercut","floor":18.0},{"not_picked":["Rampage","Sword Boomerang"],"picked":"Carnage","floor":23.0},{"not_picked":["Clothesline","Warcry","Blood for Blood"],"picked":"SKIP","floor":27.0},{"not_picked":["Infernal Blade","Cleave"],"picked":"Shrug It Off","floor":29.0},{"not_picked":["Perfected Strike","True Grit","Sword Boomerang"],"picked":"SKIP","floor":31.0},{"not_picked":["Bludgeon","Juggernaut"],"picked":"Limit Break","floor":33.0},{"not_picked":["Clash","Entrench"],"picked":"Shockwave+1","floor":34.0},{"not_picked":["Cleave","Fire Breathing"],"picked":"Pummel","floor":34.0},{"not_picked":["Sword Boomerang","Dual Wield"],"picked":"Exhume","floor":34.0},{"not_picked":["Twin Strike+1","Combust+1","Sentinel"],"picked":"SKIP","floor":35.0},{"not_picked":["Shrug It Off+1","Anger"],"picked":"Battle Trance+1","floor":38},{"not_picked":["Shrug It Off","Infernal Blade"],"picked":"Battle Trance","floor":39}],"player_experience":491787,"relics_obtained":[{"floor":9.0,"key":"Shuriken"},{"floor":13.0,"key":"Whetstone"},{"floor":23.0,"key":"Paper Frog"},{"floor":26.0,"key":"Pantograph"}],"event_choices":[{"event_name":"Transmorgrifier","player_choice":"Transform","floor":3.0,"damage_taken":0.0},{"event_name":"FaceTrader","player_choice":"Trade","floor":5.0,"damage_taken":0.0},{"event_name":"Addict","player_choice":"Obtained Relic","floor":19.0,"damage_taken":0.0},{"event_name":"Drug Dealer","player_choice":"Ignored","floor":20.0,"damage_taken":0.0},{"event_name":"Nest","player_choice":"Joined the Cult","floor":22.0,"damage_taken":0.0},{"event_name":"Winding Halls","player_choice":"Embrace Madness","floor":37.0,"damage_taken":0.0}],"is_beta":false,"boss_relics":[{"not_picked":["Fusion Hammer","Runic Pyramid"],"picked":"Velvet Choker"},{"not_picked":["Runic Dome","Pandora\u0027s Box"],"picked":"Orrery"}],"items_purged_floors":[21,30,36],"is_endless":false,"potions_floor_spawned":[11,14,16,27,29,33],"killed_by":"Transient","ascension_level":14}