{"gold_per_floor":[113,123,141,39,59,59,93,93,118,144,168,188,188,188,188,265,265,244,254,254,267,182,182,211,211,286,20,48,48,48,73,73,146,146,156,0,13,13,23,23,53,53,53,87,87,99,199,34,34,34,34],"floor_reached":52,"playtime":4753,"items_purged":["Normality"],"score":1948,"play_id":"c90e92e2-02bd-409a-a5ef-de4fc6903cc2","local_time":"20190413161239","is_ascension_mode":true,"campfire_choices":[{"data":"Defragment","floor":6.0,"key":"SMITH"},{"data":"Defragment","floor":8.0,"key":"SMITH"},{"data":"Buffer","floor":15.0,"key":"SMITH"},{"floor":23.0,"key":"REST"},{"data":"Zap","floor":25.0,"key":"SMITH"},{"floor":30.0,"key":"REST"},{"floor":32.0,"key":"REST"},{"data":"Hologram","floor":40,"key":"SMITH"},{"data":"Loop","floor":42,"key":"SMITH"},{"data":"Rainbow","floor":45,"key":"SMITH"},{"data":"Reinforced Body","floor":49,"key":"SMITH"}],"neow_cost":"NONE","seed_source_timestamp":292497392978900,"circlet_count":0,"master_deck":["AscendersBane","Zap+1","Dualcast","Compile Driver","Defragment+1","Genetic Algorithm","Cold Snap","Defragment+1","FTL","Buffer+1","Compile Driver","Genetic Algorithm","Rainbow+1","Hologram+1","Reinforced Body+1","Streamline","Go for the Eyes+1","Echo Form","Parasite","Loop+1","Self Repair","Machine Learning","Chaos","Creative AI","Ball Lightning+1","Blizzard+1","Machine Learning","Chaos","Thunder Strike+1","Conserve Battery","Go for the Eyes+1","Ball Lightning+1","Sunder+1","Steam+1","Parasite","Cold Snap+1","Stack+1","Reinforced Body"],"special_seed":0,"relics":["Cracked Core","Bag of Preparation","Vajra","Happy Flower","Odd Mushroom","Darkstone Periapt","Cursed Key","Ornamental Fan","Art of War","Pear","Molten Egg 2","Bottled Tornado","Centennial Puzzle","Pandora\u0027s Box","Red Mask","Pantograph","Bronze Scales","Emotion Chip"],"potions_floor_usage":[46],"damage_taken":[{"damage":1.0,"enemies":"2 Louse","floor":1.0,"turns":2.0},{"damage":0.0,"enemies":"Small Slimes","floor":2.0,"turns":2.0},{"damage":1.0,"enemies":"Cultist","floor":3.0,"turns":3.0},{"damage":9.0,"enemies":"Blue Slaver","floor":5.0,"turns":4.0},{"damage":15.0,"enemies":"3 Sentries","floor":7.0,"turns":7.0},{"damage":5.0,"enemies":"Gremlin Nob","floor":10.0,"turns":3.0},{"damage":12.0,"enemies":"The Mushroom Lair","floor":11.0,"turns":4.0},{"damage":11.0,"enemies":"Red Slaver","floor":12.0,"turns":4.0},{"damage":6.0,"enemies":"Hexaghost","floor":16.0,"turns":10.0},{"damage":19.0,"enemies":"2 Thieves","floor":18.0,"turns":4.0},{"damage":19.0,"enemies":"3 Byrds","floor":19.0,"turns":6.0},{"damage":0.0,"enemies":"Cultist and Chosen","floor":21.0,"turns":6.0},{"damage":10.0,"enemies":"Slavers","floor":24.0,"turns":8.0},{"damage":12.0,"enemies":"Gremlin Leader","floor":28.0,"turns":8.0},{"damage":25.0,"enemies":"Book of Stabbing","floor":31.0,"turns":5.0},{"damage":3,"enemies":"Champ","floor":33,"turns":11},{"damage":13,"enemies":"Orb Walker","floor":35,"turns":4},{"damage":0,"enemies":"3 Shapes","floor":37,"turns":7},{"damage":10,"enemies":"Transient","floor":39,"turns":6},{"damage":15,"enemies":"Nemesis","floor":41,"turns":7},{"damage":15,"enemies":"Giant Head","floor":44,"turns":7},{"damage":18,"enemies":"Writhing Mass","floor":46,"turns":6},{"damage":0,"enemies":"Mind Bloom Boss Battle","floor":47,"turns":4},{"damage":73,"enemies":"Awakened One","floor":50,"turns":11},{"damage":16,"enemies":"Time Eater","floor":51,"turns":7}],"seed_played":"-2253668566582302764","potions_obtained":[{"floor":1.0,"key":"Swift Potion"},{"floor":3.0,"key":"PowerPotion"},{"floor":5.0,"key":"Regen Potion"},{"floor":7.0,"key":"Fire Potion"},{"floor":12.0,"key":"Regen Potion"},{"floor":18.0,"key":"Energy Potion"},{"floor":19.0,"key":"Block Potion"},{"floor":28.0,"key":"Swift Potion"},{"floor":37,"key":"FocusPotion"},{"floor":39,"key":"SkillPotion"},{"floor":46,"key":"SteroidPotion"}],"is_trial":false,"path_per_floor":["M","M","M","$","M","R","E","R","T","E","?","M","?","?","R","B",null,"M","M","?","M","?","R","E","R","T","$","E","$","R","E","R","B",null,"M","?","M","?","M","R","E","R","T","E","R","M","?","$","R","B","B",null],"character_chosen":"DEFECT","items_purchased":["Cold Snap","Defragment","Molten Egg 2","Reinforced Body"],"campfire_rested":3,"item_purchase_floors":[4,4,27,48],"current_hp_per_floor":[63,63,62,62,53,53,53,53,53,48,36,25,30,12,12,21,62,43,24,24,24,24,46,36,36,52,52,40,40,67,42,69,80,89,90,90,92,92,92,92,84,84,90,82,82,84,104,104,104,45,54],"gold":34,"neow_bonus":"THREE_CARDS","is_prod":false,"is_daily":false,"chose_seed":false,"campfire_upgraded":8,"win_rate":0,"timestamp":1555186359,"path_taken":["M","M","M","$","M","R","E","R","T","E","?","M","?","?","R","BOSS","M","M","?","?","?","R","E","R","T","$","E","$","R","E","R","BOSS","M","?","M","?","?","R","E","R","T","E","R","M","?","$","R","BOSS","BOSS"],"build_version":"2019-01-23","purchased_purges":1,"victory":true,"max_hp_per_floor":[71,71,71,71,71,71,71,71,71,71,71,71,76,76,76,76,76,76,76,76,76,76,76,76,76,92,92,92,92,92,92,92,92,92,92,92,92,92,92,92,92,92,98,98,98,104,104,104,104,104,104],"card_choices":[{"not_picked":["Beam Cell","Darkness"],"picked":"Compile Driver","floor":0.0},{"not_picked":["Stack","Reprogram"],"picked":"Defragment","floor":1.0},{"not_picked":["Darkness","Consume"],"picked":"Genetic Algorithm","floor":2.0},{"not_picked":["Blizzard","Coolheaded","Chaos"],"picked":"SKIP","floor":3.0},{"not_picked":["Steam Power","Cold Snap"],"picked":"FTL","floor":5.0},{"not_picked":["Storm","Skim","Steam Power"],"picked":"SKIP","floor":7.0},{"not_picked":["Barrage","Undo"],"picked":"Buffer","floor":10.0},{"not_picked":["Leap","Hologram"],"picked":"Compile Driver","floor":11.0},{"not_picked":["Rebound","Cold Snap"],"picked":"Genetic Algorithm","floor":12.0},{"not_picked":["Biased Cognition","Multi-Cast"],"picked":"Rainbow","floor":16.0},{"not_picked":["Hello World","Sweeping Beam"],"picked":"Hologram","floor":18.0},{"not_picked":["Sunder","Coolheaded+1"],"picked":"Reinforced Body","floor":19.0},{"not_picked":["Rip and Tear","Tempest+1"],"picked":"Go for the Eyes+1","floor":21.0},{"not_picked":["Ball Lightning+1","Steam"],"picked":"Echo Form","floor":24.0},{"not_picked":["Hyperbeam+1","Gash+1"],"picked":"Loop","floor":28.0},{"not_picked":["Barrage+1","Beam Cell+1"],"picked":"Self Repair","floor":31.0},{"not_picked":["Amplify","Creative AI"],"picked":"Machine Learning","floor":33},{"not_picked":["Streamline+1","White Noise"],"picked":"Conserve Battery","floor":35},{"not_picked":["Barrage+1","Redo+1"],"picked":"Go for the Eyes+1","floor":37},{"not_picked":["Hologram","Static Discharge+1"],"picked":"Sunder+1","floor":39},{"not_picked":["Rip and Tear+1","Gash+1","Scrape+1"],"picked":"SKIP","floor":41},{"not_picked":["Tempest","FTL+1"],"picked":"Steam+1","floor":44},{"not_picked":["Chaos","Storm"],"picked":"Cold Snap+1","floor":46},{"not_picked":["Ball Lightning+1","Storm"],"picked":"Stack+1","floor":47}],"player_experience":851644,"relics_obtained":[{"floor":7.0,"key":"Bag of Preparation"},{"floor":9.0,"key":"Vajra"},{"floor":10.0,"key":"Happy Flower"},{"floor":11.0,"key":"Odd Mushroom"},{"floor":24.0,"key":"Art of War"},{"floor":26.0,"key":"Pear"},{"floor":28.0,"key":"Bottled Tornado"},{"floor":31.0,"key":"Centennial Puzzle"},{"floor":41,"key":"Pantograph"},{"floor":44,"key":"Bronze Scales"},{"floor":47,"key":"Emotion Chip"}],"event_choices":[{"damage_healed":0.0,"max_hp_gain":0.0,"max_hp_loss":0.0,"gold_gain":0.0,"event_name":"Mushrooms","player_choice":"Fought Mushrooms","floor":11.0,"gold_loss":0.0,"damage_taken":0.0},{"damage_healed":0.0,"max_hp_gain":5.0,"max_hp_loss":0.0,"gold_gain":0.0,"event_name":"Big Fish","player_choice":"Donut","floor":13.0,"gold_loss":0.0,"damage_taken":0.0},{"damage_healed":0.0,"max_hp_gain":0.0,"max_hp_loss":0.0,"gold_gain":0.0,"event_name":"Scrap Ooze","player_choice":"Success","floor":14.0,"gold_loss":0.0,"damage_taken":18.0,"relics_obtained":["Darkstone Periapt"]},{"damage_healed":0.0,"max_hp_gain":0.0,"max_hp_loss":0.0,"gold_gain":0.0,"cards_transformed":["Strike_B"],"event_name":"Transmorgrifier","player_choice":"Transformed","floor":20.0,"gold_loss":0.0,"damage_taken":0.0,"cards_obtained":["Streamline"]},{"damage_healed":0.0,"max_hp_gain":0.0,"max_hp_loss":0.0,"gold_gain":0.0,"event_name":"Addict","player_choice":"Obtained Relic","floor":22.0,"gold_loss":85.0,"damage_taken":0.0,"relics_obtained":["Ornamental Fan"]},{"damage_healed":0,"gold_gain":0,"player_choice":"Paid","damage_taken":0,"relics_obtained":["Red Mask"],"max_hp_gain":0,"max_hp_loss":0,"event_name":"Tomb of Lord Red Mask","floor":36,"gold_loss":156},{"damage_healed":0,"gold_gain":0,"player_choice":"1 cards matched","damage_taken":0,"max_hp_gain":0,"max_hp_loss":0,"event_name":"Match and Keep!","floor":38,"gold_loss":0,"cards_obtained":["Ball Lightning"]},{"damage_healed":0,"gold_gain":0,"player_choice":"Fight","damage_taken":0,"max_hp_gain":0,"max_hp_loss":0,"event_name":"MindBloom","floor":47,"gold_loss":0}],"is_beta":false,"boss_relics":[{"not_picked":["Ectoplasm","Orrery"],"picked":"Cursed Key"},{"not_picked":["Tiny House","Lizard Tail"],"picked":"Pandora\u0027s Box"}],"items_purged_floors":[48],"is_endless":false,"potions_floor_spawned":[1,3,5,7,12,18,19,28,37,39,46],"ascension_level":20}