{"gold_per_floor":[117,130,130,146,161,196,196,196,220,230,250,250,260,260],"floor_reached":14,"playtime":888,"items_purged":[],"score":94,"play_id":"8e5a04be-23c1-4f75-b494-6d968fae2d40","local_time":"20190404004649","is_ascension_mode":false,"campfire_choices":[{"data":"Static Discharge","floor":7.0,"key":"SMITH"},{"floor":12,"key":"REST"}],"neow_cost":"TEN_PERCENT_HP_LOSS","seed_source_timestamp":0,"circlet_count":0,"master_deck":["Strike_B","Strike_B","Strike_B","Strike_B","Defend_B","Defend_B","Defend_B","Zap","Dualcast","Capacitor","Static Discharge+1","Steam Power","Self Repair","Barrage","Sunder"],"special_seed":0,"relics":["Cracked Core","Gambling Chip","NlothsMask","Lantern"],"potions_floor_usage":[13,14],"damage_taken":[{"damage":7.0,"enemies":"2 Louse","floor":1.0,"turns":2.0},{"damage":1.0,"enemies":"Cultist","floor":2.0,"turns":3.0},{"damage":5.0,"enemies":"Small Slimes","floor":4.0,"turns":3.0},{"damage":14.0,"enemies":"Gremlin Gang","floor":5.0,"turns":4.0},{"damage":14.0,"enemies":"Gremlin Nob","floor":6.0,"turns":4.0},{"damage":4,"enemies":"3 Louse","floor":10,"turns":3},{"damage":18,"enemies":"Blue Slaver","floor":11,"turns":4},{"damage":18,"enemies":"Large Slime","floor":13,"turns":5},{"damage":35,"enemies":"Lagavulin","floor":14,"turns":5}],"seed_played":"8323672095318655703","potions_obtained":[{"floor":1.0,"key":"Poison Potion"},{"floor":4.0,"key":"Dexterity Potion"},{"floor":11,"key":"Regen Potion"},{"floor":13,"key":"Fire Potion"}],"is_trial":false,"path_per_floor":["?","M","?","M"],"character_chosen":"DEFECT","items_purchased":[],"campfire_rested":1,"item_purchase_floors":[],"current_hp_per_floor":[61,60,60,55,41,27,27,27,27,23,12,32,35,0],"gold":260,"neow_bonus":"ONE_RARE_RELIC","is_prod":false,"is_daily":false,"chose_seed":false,"campfire_upgraded":1,"win_rate":0.0,"timestamp":1554349609,"path_taken":["M","M","?","M","?","E","R","?","T","M","M","R","?","E"],"build_version":"2019-01-23","purchased_purges":0,"victory":false,"max_hp_per_floor":[68,68,68,68,68,68,68,68,68,68,68,68,68,68],"card_choices":[{"not_picked":["Storm","Reprogram"],"picked":"Capacitor","floor":1.0},{"not_picked":["Compile Driver","Go for the Eyes","Streamline"],"picked":"SKIP","floor":2.0},{"not_picked":["Rebound","Leap"],"picked":"Static Discharge","floor":4.0},{"not_picked":["Cold Snap","Gash","Steam"],"picked":"SKIP","floor":5.0},{"not_picked":["Glacier","Cold Snap","Compile Driver"],"picked":"SKIP","floor":6.0},{"not_picked":["Steam Power","Hologram"],"picked":"Self Repair","floor":10},{"not_picked":["Gash","Cold Snap"],"picked":"Barrage","floor":11},{"not_picked":["Hologram","Tempest"],"picked":"Sunder","floor":13}],"player_experience":8531,"relics_obtained":[{"floor":6.0,"key":"Lantern"}],"event_choices":[{"damage_healed":0.0,"max_hp_gain":0.0,"max_hp_loss":0.0,"gold_gain":0.0,"event_name":"FaceTrader","player_choice":"Trade","floor":3.0,"gold_loss":0.0,"damage_taken":0.0,"relics_obtained":["NlothsMask"]},{"damage_healed":0.0,"max_hp_gain":0.0,"max_hp_loss":0.0,"gold_gain":0.0,"cards_transformed":["Defend_B"],"event_name":"Transmorgrifier","player_choice":"Transformed","floor":8.0,"gold_loss":0.0,"damage_taken":0.0,"cards_obtained":["Steam Power"]}],"is_beta":false,"boss_relics":[],"items_purged_floors":[],"is_endless":false,"potions_floor_spawned":[1,4,11,13],"killed_by":"Lagavulin","ascension_level":0}