{"gold_per_floor":[119,149,162,177,252,252,7,7,7,18,43,43,53,73,73,176,176,194,109,109,109,127,127,157,157,157,188,188,188,204,304,304,400,400,411,411,282,298,298],"floor_reached":39,"playtime":2149,"items_purged":["Strike_B"],"score":521,"play_id":"9768c3a7-7c3b-4b62-83e9-5f73b328f31c","local_time":"20180728185003","is_ascension_mode":true,"campfire_choices":[{"floor":6,"key":"REST"},{"data":"Zap","floor":8,"key":"SMITH"},{"data":"Go for the Eyes","floor":12,"key":"SMITH"},{"floor":15,"key":"REST"},{"data":"Sunder","floor":23,"key":"SMITH"},{"floor":25,"key":"REST"},{"floor":29,"key":"REST"},{"floor":32,"key":"REST"}],"neow_cost":"NONE","seed_source_timestamp":455462240126704,"circlet_count":0,"master_deck":["Defend_B","Defend_B","Defend_B","Defend_B","Zap+1","Dualcast","Ball Lightning","Self Repair","Melter","Go for the Eyes+1","Genetic Algorithm","Ball Lightning","Sunder+1","Rainbow","Meteor Strike+1","Rip and Tear+1","Melter+1","Cold Snap","Stack+1","Stack+1","Conserve Battery","Go for the Eyes+1","Go for the Eyes","Creative AI"],"relics":["FrozenCore","Blood Vial","Tiny Chest","Kunai","Ancient Tea Set","Bronze Scales","Astrolabe","Question Card","Symbiotic Virus","Singing Bowl","Ornamental Fan","Oddly Smooth Stone","Bottled Tornado"],"potions_floor_usage":[11,16,16,22,24,33],"damage_taken":[{"damage":0,"enemies":"Small Slimes","floor":1,"turns":2},{"damage":3,"enemies":"2 Louse","floor":3,"turns":2},{"damage":1,"enemies":"Cultist","floor":4,"turns":3},{"damage":15,"enemies":"Gremlin Gang","floor":10,"turns":4},{"damage":28,"enemies":"Gremlin Nob","floor":11,"turns":4},{"damage":1,"enemies":"2 Fungi Beasts","floor":13,"turns":3},{"damage":8,"enemies":"3 Louse","floor":14,"turns":3},{"damage":22,"enemies":"Slime Boss","floor":16,"turns":7},{"damage":7,"enemies":"Chosen","floor":18,"turns":3},{"damage":19,"enemies":"2 Thieves","floor":22,"turns":3},{"damage":38,"enemies":"Slavers","floor":24,"turns":4},{"damage":41,"enemies":"Gremlin Leader","floor":27,"turns":6},{"damage":5,"enemies":"3 Cultists","floor":30,"turns":4},{"damage":82,"enemies":"Champ","floor":33,"turns":13},{"damage":29,"enemies":"3 Shapes","floor":35,"turns":6},{"damage":4,"enemies":"Orb Walker","floor":38,"turns":4},{"damage":72,"enemies":"4 Shapes","floor":39,"turns":3}],"seed_played":"3727503606710905848","potions_obtained":[{"floor":3,"key":"Energy Potion"},{"floor":13,"key":"Explosive Potion"},{"floor":14,"key":"PowerPotion"},{"floor":21,"key":"Weak Potion"},{"floor":21,"key":"FairyPotion"},{"floor":21,"key":"Fire Potion"},{"floor":27,"key":"LiquidBronze"},{"floor":33,"key":"Poison Potion"}],"is_trial":false,"path_per_floor":["M","?","M","M","?","R","$","R","T","M","E","R","M","M","R","B",null,"M","?","T","?","M","R","E","R","T","E","T","R","M","?","R","B",null,"M","?","$","M"],"character_chosen":"DEFECT","items_purchased":["Kunai","Go for the Eyes"],"campfire_rested":5,"item_purchase_floors":[7,37],"current_hp_per_floor":[75,50,49,57,46,68,68,68,68,62,43,43,44,38,60,47,68,70,70,70,70,60,60,31,53,53,23,23,46,50,50,73,16,63,43,43,43,48,0],"gold":298,"neow_bonus":"RANDOM_COMMON_RELIC","is_prod":false,"is_daily":false,"chose_seed":false,"campfire_upgraded":3,"win_rate":0,"timestamp":1532829003,"path_taken":["M","?","M","?","?","R","$","R","T","M","E","R","?","M","R","BOSS","M","?","?","?","M","R","E","R","T","E","?","R","M","?","R","BOSS","M","?","$","M","?"],"build_version":"2018-07-26","purchased_purges":1,"victory":false,"max_hp_per_floor":[75,75,75,75,75,75,75,75,75,75,75,75,75,75,75,75,75,75,75,75,75,75,75,75,75,75,77,77,77,77,77,77,79,79,79,79,79,79,79],"card_choices":[{"not_picked":["Go for the Eyes","Undo"],"picked":"Ball Lightning","floor":1},{"not_picked":["Beam Cell","Melter"],"picked":"Self Repair","floor":3},{"not_picked":["Scrape","Streamline"],"picked":"Melter","floor":4},{"not_picked":["Compile Driver","Redo"],"picked":"Go for the Eyes","floor":10},{"not_picked":["Coolheaded","Static Discharge"],"picked":"Genetic Algorithm","floor":11},{"not_picked":["Skim","White Noise"],"picked":"Ball Lightning","floor":13},{"not_picked":["Gash","Beam Cell"],"picked":"Sunder","floor":14},{"not_picked":["Seek","Meteor Strike"],"picked":"Rainbow","floor":16},{"not_picked":["Hello World","Streamline"],"picked":"Cold Snap","floor":18},{"not_picked":["Streamline","Leap","Recycle"],"picked":"Stack+1","floor":22},{"not_picked":["Turbo","Redo","Lockon"],"picked":"Stack+1","floor":24},{"not_picked":["Chill","Streamline","Compile Driver","Darkness"],"picked":"Singing Bowl","floor":27},{"not_picked":["Compile Driver","Ball Lightning","Streamline"],"picked":"Conserve Battery","floor":30},{"not_picked":["Amplify","Multi-Cast","Biased Cognition","Meteor Strike"],"picked":"Singing Bowl","floor":33},{"not_picked":["Conserve Battery","Leap","Hologram"],"picked":"Go for the Eyes+1","floor":35},{"not_picked":["Compile Driver","Ball Lightning+1","FTL"],"picked":"Creative AI","floor":38}],"player_experience":232191,"relics_obtained":[{"floor":9,"key":"Ancient Tea Set"},{"floor":11,"key":"Bronze Scales"},{"floor":20,"key":"Symbiotic Virus"},{"floor":24,"key":"Singing Bowl"},{"floor":26,"key":"Ornamental Fan"},{"floor":27,"key":"Oddly Smooth Stone"},{"floor":28,"key":"Bottled Tornado"}],"event_choices":[{"event_name":"Scrap Ooze","player_choice":"success","floor":2,"damage_taken":25},{"event_name":"World of Goop","player_choice":"Gather Gold","floor":5,"damage_taken":0},{"event_name":"Addict","player_choice":"Obtained Relic","floor":19,"damage_taken":0},{"event_name":"The Lab","player_choice":"Got Potions","floor":21,"damage_taken":0},{"event_name":"Golden Shrine","player_choice":"Pray","floor":31,"damage_taken":0},{"event_name":"Mysterious Sphere","player_choice":"Ignore","floor":36,"damage_taken":0}],"is_beta":false,"boss_relics":[{"not_picked":["Fusion Hammer","Lizard Tail"],"picked":"Astrolabe"},{"not_picked":["White Beast Statue","Tiny House"],"picked":"FrozenCore"}],"items_purged_floors":[37],"is_endless":false,"potions_floor_spawned":[3,13,14,27,33],"killed_by":"4 Shapes","ascension_level":5}