{"gold_per_floor":[118,131,206,221,234,234,269,297,297,322,341,375,13,13,13,114,114,125,125,125,144,175,235,235,270,295,328,345,376,393,103,103,203,203,217,236,40,55,277,612,626,661,661,688,743,743,758,771,771,771],"floor_reached":51,"playtime":7890,"items_purged":["Strike_G","Defend_G","Defend_G"],"score":1150,"play_id":"597a24f9-f493-444e-9d97-7d01b3bfefc0","local_time":"20180722054004","is_ascension_mode":true,"campfire_choices":[{"data":"Neutralize","floor":6.0,"key":"SMITH"},{"floor":15.0,"key":"REST"},{"data":"Tactician","floor":24.0,"key":"SMITH"},{"data":"Enlightenment","floor":32,"key":"SMITH"},{"data":"Calculated Gamble","floor":49,"key":"SMITH"}],"neow_cost":"","seed_source_timestamp":0,"circlet_count":0,"master_deck":["Defend_G","Defend_G","Defend_G+1","Strike_G","Neutralize+1","Heel Hook","Prepared","Backstab","Tactician+1","Acrobatics","Underhanded Strike","Bandage Up+1","Outmaneuver","Adrenaline+1","Escape Plan","Acrobatics","Acrobatics","Acrobatics+1","Escape Plan","Tools of the Trade","Underhanded Strike","Enlightenment+1","Phantasmal Killer","Predator","Prepared+1","Calculated Gamble+1","Escape Plan+1","Outmaneuver+1","Backflip","Choke","Heel Hook"],"special_seed":0,"relics":["Ring of the Snake","Happy Flower","Odd Mushroom","Paper Crane","Pen Nib","Dead Branch","Boot","Empty Cage","Red Mask","Tiny Chest","War Paint","Ancient Tea Set","Shuriken","Strawberry","Sozu","Old Coin","Blood Vial","Orichalcum","Bronze Scales","Bird Faced Urn"],"potions_floor_usage":[50,50],"damage_taken":[{"damage":3.0,"enemies":"Jaw Worm","floor":1.0,"turns":5.0},{"damage":3.0,"enemies":"Small Slimes","floor":2.0,"turns":5.0},{"damage":0.0,"enemies":"Cultist","floor":4.0,"turns":4.0},{"damage":0.0,"enemies":"Large Slime","floor":5.0,"turns":6.0},{"damage":4.0,"enemies":"Lagavulin","floor":7.0,"turns":4.0},{"damage":16.0,"floor":8.0,"turns":6.0},{"damage":0.0,"enemies":"Exordium Wildlife","floor":11.0,"turns":4.0},{"damage":24.0,"enemies":"3 Sentries","floor":12.0,"turns":12.0},{"damage":31.0,"enemies":"Hexaghost","floor":16.0,"turns":10.0},{"damage":30.0,"enemies":"Spheric Guardian","floor":18.0,"turns":6.0},{"damage":0.0,"enemies":"3 Byrds","floor":21.0,"turns":2.0},{"damage":5.0,"floor":22.0,"turns":3.0},{"damage":0.0,"enemies":"Book of Stabbing","floor":23.0,"turns":6.0},{"damage":7.0,"enemies":"Slavers","floor":25.0,"turns":4.0},{"damage":0.0,"enemies":"Book of Stabbing","floor":27.0,"turns":4.0},{"damage":0.0,"enemies":"Sentry and Sphere","floor":28.0,"turns":3.0},{"damage":0.0,"enemies":"Gremlin Leader","floor":29.0,"turns":2.0},{"damage":1,"enemies":"Centurion and Healer","floor":30,"turns":4},{"damage":0,"enemies":"Collector","floor":33,"turns":2},{"damage":0,"enemies":"3 Shapes","floor":35,"turns":3},{"damage":5,"enemies":"3 Darklings","floor":36,"turns":3},{"damage":0,"enemies":"Maw","floor":38,"turns":3},{"damage":0,"enemies":"Nemesis","floor":40,"turns":3},{"damage":0,"enemies":"Spire Growth","floor":41,"turns":3},{"damage":13,"enemies":"2 Orb Walkers","floor":42,"turns":2},{"damage":1,"enemies":"Nemesis","floor":44,"turns":3},{"damage":0,"floor":45,"turns":3},{"damage":2,"enemies":"4 Shapes","floor":47,"turns":2},{"damage":0,"enemies":"Sphere and 2 Shapes","floor":48,"turns":1},{"damage":0,"enemies":"Donu and Deca","floor":50,"turns":4}],"seed_played":"-6612771234456805979","potions_obtained":[{"floor":1.0,"key":"Poison Potion"},{"floor":4.0,"key":"EntropicBrew"},{"floor":5.0,"key":"SkillPotion"},{"floor":11.0,"key":"Swift Potion"},{"floor":12.0,"key":"Swift Potion"},{"floor":21.0,"key":"Swift Potion"},{"floor":22.0,"key":"Poison Potion"},{"floor":28.0,"key":"Fire Potion"},{"floor":30,"key":"Swift Potion"}],"is_trial":false,"path_per_floor":["M","M","?","M","M","R","E","?","T","T","M","E","$","?","R","B",null,"M","?","?","M","?","E","R","E","T","E","M","E","M","$","R","B",null,"M","M","$","M","?","E","M","E","T","E","?","?","M","M","R","B"],"character_chosen":"THE_SILENT","items_purchased":["Bandage Up","Outmaneuver","Boot","Enlightenment","Calculated Gamble"],"campfire_rested":1,"item_purchase_floors":[13,13,13,31,37],"current_hp_per_floor":[67,64,53,53,53,53,49,33,33,33,33,9,9,9,30,3,70,40,40,40,44,43,47,47,44,44,50,56,69,74,74,74,77,77,77,72,72,77,77,77,77,64,64,71,77,77,75,77,77,77],"gold":771,"neow_bonus":"","is_prod":false,"is_daily":false,"chose_seed":false,"campfire_upgraded":4,"win_rate":0,"timestamp":1532263204,"path_taken":["M","M","?","M","?","R","E","?","T","?","M","E","$","?","R","BOSS","M","?","?","M","?","E","R","E","T","E","M","E","M","$","R","BOSS","M","M","$","M","?","E","M","E","T","E","?","?","?","?","R","BOSS"],"build_version":"2018-07-19v2","purchased_purges":3,"victory":true,"max_hp_per_floor":[70,70,70,70,70,70,70,70,70,70,70,70,70,70,70,70,70,70,70,70,70,70,70,70,70,70,70,70,77,77,77,77,77,77,77,77,77,77,77,77,77,77,77,77,77,77,77,77,77,77],"card_choices":[{"not_picked":["PiercingWail","Dodge and Roll"],"picked":"Heel Hook","floor":1.0},{"not_picked":["Deadly Poison","Slice","Blur"],"picked":"SKIP","floor":2.0},{"not_picked":["Dagger Spray","Dodge and Roll"],"picked":"Prepared","floor":4.0},{"not_picked":["All Out Attack","Envenom"],"picked":"Backstab","floor":5.0},{"not_picked":["Dagger Throw","Leg Sweep","Flechettes"],"picked":"SKIP","floor":7.0},{"not_picked":["Backflip","Sucker Punch"],"picked":"Tactician","floor":8.0},{"not_picked":["Predator","Masterful Stab"],"picked":"Acrobatics","floor":11.0},{"not_picked":["Catalyst","Bouncing Flask"],"picked":"Underhanded Strike","floor":12.0},{"not_picked":["Venomology","Doppelganger"],"picked":"Adrenaline","floor":16.0},{"not_picked":["Endless Agony","Slice+1"],"picked":"Escape Plan","floor":18.0},{"not_picked":["Deadly Poison","Noxious Fumes+1"],"picked":"Acrobatics","floor":21.0},{"not_picked":["Riddle With Holes","Backflip+1"],"picked":"Acrobatics+1","floor":22.0},{"not_picked":["Poisoned Stab","Sucker Punch","Deflect+1"],"picked":"SKIP","floor":23.0},{"not_picked":["Dash","PiercingWail"],"picked":"Escape Plan","floor":25.0},{"not_picked":["All Out Attack","Catalyst","Bane"],"picked":"SKIP","floor":27.0},{"not_picked":["Dagger Spray","Eviscerate"],"picked":"Tools of the Trade","floor":28.0},{"not_picked":["Catalyst","Accuracy+1"],"picked":"Underhanded Strike","floor":29.0},{"not_picked":["Deadly Poison+1","Infinite Blades","Cloak And Dagger"],"picked":"SKIP","floor":30},{"not_picked":["Glass Knife","Envenom"],"picked":"Phantasmal Killer","floor":33},{"not_picked":["Sucker Punch+1","All Out Attack+1"],"picked":"Predator","floor":35},{"not_picked":["Deadly Poison","Skewer"],"picked":"Prepared+1","floor":36},{"not_picked":["Backflip","Dodge and Roll+1"],"picked":"Escape Plan+1","floor":38},{"not_picked":["PiercingWail","Well Laid Plans+1"],"picked":"Outmaneuver+1","floor":40},{"not_picked":["Heel Hook+1","Eviscerate"],"picked":"Backflip","floor":41},{"not_picked":["Poisoned Stab","Deadly Poison+1"],"picked":"Choke","floor":42},{"not_picked":["Footwork","Die Die Die","Flying Knee"],"picked":"SKIP","floor":44},{"not_picked":["Catalyst","Cloak And Dagger+1","PiercingWail+1"],"picked":"SKIP","floor":47},{"not_picked":["Backflip+1","Sucker Punch+1"],"picked":"Heel Hook","floor":48}],"player_experience":96059,"relics_obtained":[{"floor":7.0,"key":"Happy Flower"},{"floor":8.0,"key":"Odd Mushroom"},{"floor":9.0,"key":"Paper Crane"},{"floor":10.0,"key":"Pen Nib"},{"floor":12.0,"key":"Dead Branch"},{"floor":22.0,"key":"Red Mask"},{"floor":23.0,"key":"Tiny Chest"},{"floor":25.0,"key":"War Paint"},{"floor":26.0,"key":"Ancient Tea Set"},{"floor":27.0,"key":"Shuriken"},{"floor":29.0,"key":"Strawberry"},{"floor":40,"key":"Old Coin"},{"floor":42,"key":"Blood Vial"},{"floor":43,"key":"Orichalcum"},{"floor":44,"key":"Bronze Scales"},{"floor":45,"key":"Bird Faced Urn"}],"event_choices":[{"event_name":"World of Goop","player_choice":"Gather Gold","floor":3.0,"damage_taken":0.0},{"event_name":"Mushrooms","player_choice":"Fought Mushrooms","floor":8.0,"damage_taken":0.0},{"event_name":"Living Wall","player_choice":"Forget","floor":14.0,"damage_taken":0.0},{"event_name":"Upgrade Shrine","player_choice":"Upgraded","floor":19.0,"damage_taken":0.0},{"event_name":"The Library","player_choice":"Read","floor":20.0,"damage_taken":0.0},{"event_name":"Tomb of Lord Red Mask","player_choice":"Wore Mask","floor":39,"damage_taken":0},{"event_name":"Mysterious Sphere","player_choice":"Fight","floor":45,"damage_taken":0},{"event_name":"Falling","player_choice":"Removed Skill","floor":46,"damage_taken":0}],"is_beta":false,"boss_relics":[{"not_picked":["Runic Dome","Calling Bell"],"picked":"Empty Cage"},{"not_picked":["HoveringKite","Snecko Eye"],"picked":"Sozu"}],"items_purged_floors":[13,31,37],"is_endless":false,"potions_floor_spawned":[1,4,5,11,12,21,22,28,30,36,41,44,47,48],"ascension_level":2}