{"gold_per_floor":[112,112,127,145,156,190,210,210,262,262,276,276,290,253,253,348,348,363,381,392,492,504,504,514,543,543,103,103,15,15,49,49,149,149,168,168,178,33,47,47],"floor_reached":40,"playtime":3727,"items_purged":[],"score":455,"play_id":"c7097cef-81ab-47ab-bab7-3cc1d12ce2e4","local_time":"20190403182232","is_ascension_mode":false,"campfire_choices":[{"data":"Fusion","floor":10,"key":"SMITH"},{"data":"Ball Lightning","floor":12,"key":"SMITH"},{"floor":15,"key":"REST"},{"data":"Electrodynamics","floor":23,"key":"SMITH"},{"data":"Double Energy","floor":28,"key":"SMITH"},{"data":"Static Discharge","floor":32,"key":"SMITH"}],"neow_cost":"NONE","seed_source_timestamp":0,"circlet_count":0,"master_deck":["Strike_B","Strike_B","Strike_B","Strike_B","Defend_B","Defend_B","Defend_B","Defend_B","Zap","Dualcast+1","Ball Lightning+1","Conserve Battery+1","Redo","Sweeping Beam","Double Energy+1","Fusion+1","Auto Shields","Ball Lightning","Electrodynamics+1","Self Repair+1","Redo+1","Leap+1","Seek","Streamline","Static Discharge+1","Biased Cognition","Tempest+1","Skim","Static Discharge"],"special_seed":0,"relics":["Cracked Core","Vajra","Regal Pillow","Velvet Choker","Torii","Pear","Bottled Tornado","Nunchaku","Lee\u0027s Waffle","Kunai","War Paint","Potion Belt","Black Star","Bag of Marbles"],"potions_floor_usage":[6,16,16,21,24,25,25,31],"damage_taken":[{"damage":7,"enemies":"2 Louse","floor":1,"turns":2},{"damage":6,"enemies":"Jaw Worm","floor":3,"turns":2},{"damage":8,"enemies":"Small Slimes","floor":4,"turns":3},{"damage":9,"enemies":"Red Slaver","floor":5,"turns":3},{"damage":14,"enemies":"Lagavulin","floor":6,"turns":5},{"damage":8,"enemies":"Lots of Slimes","floor":7,"turns":2},{"damage":8,"enemies":"Large Slime","floor":11,"turns":4},{"damage":3,"enemies":"Looter","floor":13,"turns":2},{"damage":18,"enemies":"Hexaghost","floor":16,"turns":10},{"damage":20,"enemies":"2 Thieves","floor":18,"turns":3},{"damage":5,"enemies":"Spheric Guardian","floor":19,"turns":3},{"damage":3,"enemies":"Centurion and Healer","floor":20,"turns":5},{"damage":29,"enemies":"Colosseum Slavers","floor":21,"turns":4},{"damage":11,"enemies":"Colosseum Nobs","floor":21,"turns":4},{"damage":0,"enemies":"3 Cultists","floor":22,"turns":3},{"damage":16,"enemies":"Snake Plant","floor":24,"turns":4},{"damage":29,"enemies":"Book of Stabbing","floor":25,"turns":6},{"damage":27,"enemies":"Gremlin Leader","floor":31,"turns":5},{"damage":46,"enemies":"Automaton","floor":33,"turns":9},{"damage":17,"enemies":"3 Darklings","floor":35,"turns":1},{"damage":0,"enemies":"3 Shapes","floor":37,"turns":1},{"damage":43,"enemies":"Transient","floor":39,"turns":5},{"damage":53,"enemies":"Giant Head","floor":40,"turns":6}],"seed_played":"1829756386180884610","potions_obtained":[{"floor":5,"key":"Poison Potion"},{"floor":6,"key":"SkillPotion"},{"floor":11,"key":"Weak Potion"},{"floor":16,"key":"Dexterity Potion"},{"floor":20,"key":"Weak Potion"},{"floor":21,"key":"Dexterity Potion"},{"floor":22,"key":"Block Potion"},{"floor":25,"key":"PowerPotion"},{"floor":39,"key":"FocusPotion"}],"is_trial":false,"path_per_floor":["?","?","?","?","?","?","M","$"],"character_chosen":"DEFECT","items_purchased":["Lee\u0027s Waffle","Kunai","Bag of Marbles"],"campfire_rested":1,"item_purchase_floors":[27,27,38],"current_hp_per_floor":[75,75,69,61,52,38,30,30,30,30,22,22,19,19,58,40,82,62,67,74,54,54,54,48,29,29,99,99,99,99,82,82,46,99,82,82,82,82,49,0],"gold":47,"neow_bonus":"TEN_PERCENT_HP_BONUS","is_prod":false,"is_daily":false,"chose_seed":false,"campfire_upgraded":5,"win_rate":0.0,"timestamp":1554326552,"path_taken":["M","?","M","M","M","E","M","?","T","R","M","R","M","?","R","BOSS","M","M","M","?","M","R","M","E","T","$","R","?","$","E","R","BOSS","M","?","?","?","M","E"],"build_version":"2019-01-23","purchased_purges":0,"victory":false,"max_hp_per_floor":[82,82,82,82,82,82,82,82,82,82,82,82,82,82,82,82,82,82,82,82,92,92,92,92,92,92,99,99,99,99,99,99,99,99,99,99,99,99,99,99],"card_choices":[{"not_picked":["Steam","Compile Driver"],"picked":"Ball Lightning","floor":1},{"not_picked":["Leap","Hologram"],"picked":"Conserve Battery","floor":3},{"not_picked":["Leap","Storm"],"picked":"Redo","floor":4},{"not_picked":["White Noise","Reboot"],"picked":"Sweeping Beam","floor":5},{"not_picked":["Sweeping Beam","Glacier"],"picked":"Double Energy","floor":6},{"not_picked":["Conserve Battery","Auto Shields"],"picked":"Fusion","floor":7},{"not_picked":["Self Repair","Redo"],"picked":"Auto Shields","floor":11},{"not_picked":["Beam Cell","Stack"],"picked":"Ball Lightning","floor":13},{"not_picked":["Biased Cognition","Multi-Cast"],"picked":"Electrodynamics","floor":16},{"not_picked":["Compile Driver","Rip and Tear"],"picked":"Self Repair+1","floor":18},{"not_picked":["Steam","Gash+1"],"picked":"Redo+1","floor":19},{"not_picked":["Cold Snap+1","Compile Driver"],"picked":"Auto Shields","floor":20},{"not_picked":["Fusion","Auto Shields"],"picked":"Leap+1","floor":21},{"not_picked":["Steam","Auto Shields+1"],"picked":"Seek","floor":22},{"not_picked":["Go for the Eyes","Steam"],"picked":"Streamline","floor":24},{"not_picked":["Cold Snap","Force Field","Chill+1"],"picked":"SKIP","floor":25},{"not_picked":["Ball Lightning","Go for the Eyes"],"picked":"Static Discharge","floor":31},{"not_picked":["Multi-Cast","Seek"],"picked":"Biased Cognition","floor":33},{"not_picked":["Double Energy","Ball Lightning"],"picked":"Tempest+1","floor":35},{"not_picked":["Redo","Beam Cell"],"picked":"Static Discharge","floor":37},{"not_picked":["Scrape+1","Tempest+1","Aggregate+1"],"picked":"SKIP","floor":39}],"player_experience":4804,"relics_obtained":[{"floor":6,"key":"Vajra"},{"floor":9,"key":"Regal Pillow"},{"floor":21,"key":"Torii"},{"floor":21,"key":"Pear"},{"floor":25,"key":"Bottled Tornado"},{"floor":26,"key":"Nunchaku"},{"floor":31,"key":"Potion Belt"}],"event_choices":[{"damage_healed":0,"gold_gain":0,"player_choice":"Leave","damage_taken":0,"max_hp_gain":0,"max_hp_loss":0,"event_name":"The Cleric","floor":2,"gold_loss":0},{"damage_healed":0,"gold_gain":0,"player_choice":"Ignored","damage_taken":0,"max_hp_gain":0,"max_hp_loss":0,"event_name":"Golden Wing","floor":8,"gold_loss":0},{"damage_healed":0,"gold_gain":0,"player_choice":"Left Gold","damage_taken":0,"max_hp_gain":0,"max_hp_loss":0,"event_name":"World of Goop","floor":14,"gold_loss":37},{"damage_healed":0,"gold_gain":0,"player_choice":"Fight","damage_taken":0,"max_hp_gain":0,"max_hp_loss":0,"event_name":"Colosseum","floor":21,"gold_loss":0},{"damage_healed":0,"gold_gain":0,"player_choice":"Fought Nobs","damage_taken":0,"max_hp_gain":0,"max_hp_loss":0,"event_name":"Colosseum","floor":21,"gold_loss":0},{"damage_healed":0,"gold_gain":0,"player_choice":"Paid Gold","damage_taken":0,"relics_obtained":["War Paint"],"max_hp_gain":0,"max_hp_loss":0,"event_name":"WeMeetAgain","floor":29,"gold_loss":88},{"damage_healed":0,"gold_gain":0,"cards_transformed":["Auto Shields"],"player_choice":"Transformed","damage_taken":0,"max_hp_gain":0,"max_hp_loss":0,"event_name":"Transmorgrifier","floor":36,"gold_loss":0,"cards_obtained":["Skim"]}],"is_beta":false,"boss_relics":[{"not_picked":["Eternal Feather","Orrery"],"picked":"Velvet Choker"},{"not_picked":["Empty Cage","Tiny House"],"picked":"Black Star"}],"items_purged_floors":[],"is_endless":false,"potions_floor_spawned":[5,6,11,16,20,21,22,25,39],"killed_by":"Giant Head","ascension_level":0}