{"gold_per_floor":[110,125,145,145,145,174,174,209,259,27,57,72,72,92,92,169,169,186,205,215,230,230],"floor_reached":22,"playtime":1739,"items_purged":[],"score":416,"play_id":"36f61cde-cf07-4f21-b219-0d6010f97fe2","local_time":"20190413215423","is_ascension_mode":true,"campfire_choices":[{"floor":7,"key":"REST"},{"data":"Bash","floor":13,"key":"SMITH"},{"data":"Inflame","floor":15,"key":"SMITH"}],"neow_cost":"NONE","seed_source_timestamp":316161620906800,"circlet_count":0,"master_deck":["AscendersBane","Strike_R","Strike_R","Strike_R","Strike_R","Defend_R","Defend_R","Defend_R","Defend_R","Bash+1","Flame Barrier","Pommel Strike","Headbutt","Rage","Perfected Strike","Inflame+1","Infernal Blade","Metallicize","Inflame","Anger","Fiend Fire","Uppercut","Second Wind","Havoc","Armaments+1","Sword Boomerang","Flame Barrier"],"relics":["Burning Blood","The Courier","Turnip","Prayer Wheel","Smiling Mask","Lee\u0027s Waffle","Dodecahedron","Fusion Hammer"],"potions_floor_usage":[8,16,16,21,22,22],"damage_taken":[{"damage":9,"enemies":"Small Slimes","floor":1,"turns":5},{"damage":4,"enemies":"Jaw Worm","floor":2,"turns":6},{"damage":1,"enemies":"2 Louse","floor":3,"turns":3},{"damage":48,"enemies":"3 Sentries","floor":6,"turns":17},{"damage":36,"enemies":"Lagavulin","floor":8,"turns":8},{"damage":32,"enemies":"Gremlin Nob","floor":11,"turns":4},{"damage":8,"enemies":"Blue Slaver","floor":12,"turns":3},{"damage":11,"enemies":"Looter","floor":14,"turns":3},{"damage":26,"enemies":"Hexaghost","floor":16,"turns":8},{"damage":15,"enemies":"3 Byrds","floor":18,"turns":3},{"damage":0,"enemies":"Chosen","floor":19,"turns":4},{"damage":20,"enemies":"Snecko","floor":20,"turns":5},{"damage":41,"enemies":"Shelled Parasite and Fungi","floor":21,"turns":5},{"damage":24,"enemies":"Sentry and Sphere","floor":22,"turns":5}],"seed_played":"7088140162304328851","potions_obtained":[{"floor":1,"key":"Energy Potion"},{"floor":8,"key":"Block Potion"},{"floor":11,"key":"Poison Potion"},{"floor":16,"key":"Dexterity Potion"},{"floor":18,"key":"Weak Potion"},{"floor":21,"key":"EssenceOfSteel"}],"is_trial":false,"path_per_floor":["M","M","M","?","T","E","R","E","T","$","E","M","R","M","R","B",null,"M","M","M","M","M"],"character_chosen":"IRONCLAD","items_purchased":["Inflame","Lee\u0027s Waffle"],"campfire_rested":1,"item_purchase_floors":[10,10],"current_hp_per_floor":[72,74,79,72,72,30,54,24,24,89,63,61,61,56,56,36,76,67,73,59,24,0],"gold":230,"neow_bonus":"TEN_PERCENT_HP_BONUS","is_prod":false,"is_daily":false,"chose_seed":false,"campfire_upgraded":2,"win_rate":0,"timestamp":1555206863,"path_taken":["M","M","M","?","?","E","R","E","T","$","E","M","R","M","R","BOSS","M","M","M","M","M"],"build_version":"2019-01-23","purchased_purges":0,"victory":false,"max_hp_per_floor":[82,82,82,82,82,82,82,82,82,89,89,89,89,89,89,89,89,89,89,89,89,89],"card_choices":[{"not_picked":["Twin Strike","Clash"],"picked":"Flame Barrier","floor":1},{"not_picked":["Burning Pact","Flex"],"picked":"Pommel Strike","floor":2},{"not_picked":["Flex","Bloodletting"],"picked":"Headbutt","floor":3},{"not_picked":["Intimidate","Entrench"],"picked":"Rage","floor":6},{"not_picked":["Sentinel","Warcry"],"picked":"Perfected Strike","floor":8},{"not_picked":["Power Through","Bloodletting"],"picked":"Infernal Blade","floor":11},{"not_picked":["Flex","Cleave"],"picked":"Metallicize","floor":12},{"not_picked":["Iron Wave","Intimidate"],"picked":"Inflame","floor":12},{"not_picked":["Berserk","Pommel Strike"],"picked":"Anger","floor":14},{"not_picked":["Clash","Reckless Charge","Flex"],"picked":"SKIP","floor":14},{"not_picked":["Berserk","Double Tap"],"picked":"Fiend Fire","floor":16},{"not_picked":["Clothesline","Dual Wield+1"],"picked":"Uppercut","floor":18},{"not_picked":["Intimidate","Clothesline"],"picked":"Second Wind","floor":18},{"not_picked":["Warcry","Flex"],"picked":"Havoc","floor":19},{"not_picked":["Clash+1","Thunderclap","Anger"],"picked":"SKIP","floor":19},{"not_picked":["Flex","Combust"],"picked":"Armaments+1","floor":20},{"not_picked":["Cleave","Pommel Strike"],"picked":"Sword Boomerang","floor":20},{"not_picked":["Body Slam+1","Blood for Blood"],"picked":"Flame Barrier","floor":21},{"not_picked":["Pommel Strike","Dropkick","Fire Breathing"],"picked":"SKIP","floor":21}],"player_experience":856397,"relics_obtained":[{"floor":5,"key":"The Courier"},{"floor":6,"key":"Turnip"},{"floor":8,"key":"Prayer Wheel"},{"floor":9,"key":"Smiling Mask"},{"floor":11,"key":"Dodecahedron"}],"event_choices":[{"cards_removed":["Strike_R"],"damage_healed":0,"gold_gain":0,"player_choice":"Card Removal","damage_taken":7,"max_hp_gain":0,"max_hp_loss":0,"event_name":"Golden Wing","floor":4,"gold_loss":0}],"is_beta":false,"boss_relics":[{"not_picked":["Pandora\u0027s Box","Ectoplasm"],"picked":"Fusion Hammer"}],"items_purged_floors":[],"is_endless":false,"potions_floor_spawned":[1,8,11,16,18,21],"killed_by":"Sentry and Sphere","ascension_level":20}