{"gold_per_floor":[116,116,126,126,146,146,146,165,165,165,165,203,118,138,138,138],"floor_reached":16,"playtime":604,"items_purged":[],"score":125,"play_id":"31d2bcdf-215d-4c61-9a73-64a477b5c8d4","local_time":"20180727141817","is_ascension_mode":true,"campfire_choices":[{"data":"Neutralize","floor":6,"key":"SMITH"},{"data":"Dagger Spray","floor":10,"key":"SMITH"},{"floor":15,"key":"REST"}],"neow_cost":"NONE","seed_source_timestamp":354318113243393,"circlet_count":0,"master_deck":["Defend_G","Defend_G","Defend_G","Defend_G","Defend_G","Strike_G","Strike_G","Strike_G","Strike_G","Strike_G","Survivor","Neutralize+1","Backflip","Regret","Dagger Spray+1","Accuracy+1","Flying Knee","After Image","Terror"],"relics":["Ring of the Snake","Bronze Scales","Ginger","Golden Idol","Bottled Flame","Ninja Scroll","Bag of Preparation"],"potions_floor_usage":[12],"damage_taken":[{"damage":0,"enemies":"2 Louse","floor":1,"turns":2},{"damage":6,"enemies":"Jaw Worm","floor":3,"turns":6},{"damage":4,"enemies":"Cultist","floor":5,"turns":3},{"damage":8,"enemies":"3 Louse","floor":8,"turns":3},{"damage":40,"enemies":"Lagavulin","floor":12,"turns":8},{"damage":7,"enemies":"Looter","floor":14,"turns":3},{"damage":29,"enemies":"Hexaghost","floor":16,"turns":9}],"seed_played":"-7966041941937638027","potions_obtained":[{"floor":3,"key":"Swift Potion"},{"floor":12,"key":"Explosive Potion"}],"is_trial":false,"path_per_floor":["M","?","M","?","M","R","?","M","T","R","?","E","?","M","R"],"character_chosen":"THE_SILENT","items_purchased":[],"campfire_rested":1,"item_purchase_floors":[],"current_hp_per_floor":[70,70,64,64,60,60,60,52,52,52,52,12,12,5,24,0],"gold":138,"neow_bonus":"RANDOM_COMMON_RELIC","is_prod":false,"is_daily":false,"chose_seed":false,"campfire_upgraded":2,"win_rate":0,"timestamp":1532726297,"path_taken":["M","?","M","?","M","R","?","?","T","R","?","E","?","M","R","BOSS"],"build_version":"2018-07-26","purchased_purges":0,"victory":false,"max_hp_per_floor":[70,70,70,65,65,65,65,65,65,65,65,65,65,65,65,65],"card_choices":[{"not_picked":["Prepared","Riddle With Holes"],"picked":"Backflip","floor":1},{"not_picked":["Deadly Poison","Bane"],"picked":"Dagger Spray","floor":3},{"not_picked":["Acrobatics","Concentrate"],"picked":"Accuracy","floor":5},{"not_picked":["All Out Attack","Leg Sweep"],"picked":"Flying Knee","floor":8},{"not_picked":["Deadly Poison","Outmaneuver"],"picked":"After Image","floor":12},{"not_picked":["Dagger Throw","Outmaneuver"],"picked":"Terror","floor":14}],"player_experience":217355,"relics_obtained":[{"floor":9,"key":"Bottled Flame"},{"floor":12,"key":"Ninja Scroll"}],"event_choices":[{"event_name":"Big Fish","player_choice":"Box","floor":2,"damage_taken":0},{"event_name":"Golden Idol","player_choice":"Lose Max HP","floor":4,"damage_taken":0},{"event_name":"Upgrade Shrine","player_choice":"Upgraded","floor":7,"damage_taken":0},{"event_name":"Liars Game","player_choice":"disagreed","floor":11,"damage_taken":0},{"event_name":"WeMeetAgain","player_choice":"Gold","floor":13,"damage_taken":0}],"is_beta":false,"boss_relics":[],"items_purged_floors":[],"is_endless":false,"potions_floor_spawned":[3,12],"killed_by":"Hexaghost","ascension_level":5}