{"gold_per_floor":[114,132,132,155,155,194,194,227,252,252,265,308,333,57,57,155,155,173,197,197,197,197],"floor_reached":22,"playtime":1738,"items_purged":[],"score":388,"play_id":"a3601620-91cd-455b-bdb1-dc1a12613b47","local_time":"20181223193306","is_ascension_mode":true,"campfire_choices":[{"floor":7.0,"key":"REST"},{"data":"Whirlwind","floor":15.0,"key":"SMITH"}],"neow_cost":"NONE","seed_source_timestamp":205133573369731,"circlet_count":0,"master_deck":["AscendersBane","Strike_R","Strike_R","Strike_R","Strike_R","Strike_R","Defend_R","Defend_R","Defend_R","Defend_R","Bash","Inflame","Headbutt+1","Pommel Strike+1","Shrug It Off","Feel No Pain","Sword Boomerang","Whirlwind+1","Demon Form","Headbutt+1","Uppercut+1","Writhe"],"special_seed":0,"relics":["Burning Blood","Golden Idol","Oddly Smooth Stone","Whetstone","Bag of Preparation","WingedGreaves","Molten Egg 2","Philosopher\u0027s Stone","The Courier"],"potions_floor_usage":[22],"damage_taken":[{"damage":5.0,"enemies":"Small Slimes","floor":1.0,"turns":5.0},{"damage":1.0,"enemies":"Cultist","floor":2.0,"turns":3.0},{"damage":6.0,"enemies":"2 Louse","floor":4.0,"turns":3.0},{"damage":28.0,"enemies":"Gremlin Nob","floor":6.0,"turns":4.0},{"damage":31.0,"enemies":"3 Sentries","floor":8.0,"turns":10.0},{"damage":9.0,"enemies":"Blue Slaver","floor":11.0,"turns":5.0},{"damage":27.0,"enemies":"Gremlin Nob","floor":12.0,"turns":4.0},{"damage":3.0,"enemies":"Large Slime","floor":13.0,"turns":5.0},{"damage":26.0,"enemies":"Slime Boss","floor":16.0,"turns":7.0},{"damage":34.0,"enemies":"Shell Parasite","floor":18.0,"turns":6.0},{"damage":0.0,"enemies":"Chosen","floor":19.0,"turns":3.0},{"damage":39,"enemies":"Colosseum Slavers","floor":21,"turns":5},{"damage":21,"enemies":"Shelled Parasite and Fungi","floor":22,"turns":2}],"seed_played":"7344316732816937370","potions_obtained":[{"floor":0.0,"key":"AttackPotion"},{"floor":0.0,"key":"Strength Potion"},{"floor":2.0,"key":"SkillPotion"},{"floor":11.0,"key":"Poison Potion"},{"floor":13.0,"key":"Explosive Potion"},{"floor":18.0,"key":"Explosive Potion"}],"is_trial":false,"path_per_floor":["M","M","?","M","?","E","R","E","T","?","M","E","M","$","R","B",null,"M","M","?","?","M"],"character_chosen":"IRONCLAD","items_purchased":["Molten Egg 2"],"campfire_rested":1,"item_purchase_floors":[14],"current_hp_per_floor":[69,74,48,48,53,31,55,30,30,80,77,56,59,59,59,39,70,42,48,48,15,0],"gold":197,"neow_bonus":"THREE_SMALL_POTIONS","is_prod":false,"is_daily":false,"chose_seed":false,"campfire_upgraded":1,"win_rate":0,"timestamp":1545622386,"path_taken":["M","M","?","M","?","E","R","E","T","?","M","E","?","$","R","BOSS","M","M","?","?","M"],"build_version":"2018-12-20","purchased_purges":0,"victory":false,"max_hp_per_floor":[75,75,75,75,80,80,80,80,80,80,80,80,80,80,80,80,80,80,80,80,80,80],"card_choices":[{"not_picked":["Anger","Headbutt"],"picked":"Inflame","floor":1.0},{"not_picked":["Clash","Flex"],"picked":"Headbutt","floor":2.0},{"not_picked":["Warcry","Blood for Blood"],"picked":"Pommel Strike","floor":4.0},{"not_picked":["Twin Strike","Thunderclap"],"picked":"Shrug It Off","floor":6.0},{"not_picked":["Twin Strike","Warcry"],"picked":"Feel No Pain","floor":8.0},{"not_picked":["Reckless Charge","Sever Soul"],"picked":"Sword Boomerang","floor":11.0},{"not_picked":["Dual Wield","Wild Strike","Exhume"],"picked":"SKIP","floor":12.0},{"not_picked":["Anger","Twin Strike"],"picked":"Whirlwind","floor":13.0},{"not_picked":["Double Tap","Barricade"],"picked":"Demon Form","floor":16.0},{"not_picked":["Perfected Strike+1","Cleave+1"],"picked":"Headbutt+1","floor":18.0},{"not_picked":["Evolve","Thunderclap+1"],"picked":"Uppercut+1","floor":19.0}],"player_experience":665973,"relics_obtained":[{"floor":6.0,"key":"Oddly Smooth Stone"},{"floor":8.0,"key":"Whetstone"},{"floor":9.0,"key":"Bag of Preparation"},{"floor":12.0,"key":"WingedGreaves"}],"event_choices":[{"damage_healed":0.0,"max_hp_gain":0.0,"max_hp_loss":0.0,"gold_gain":0.0,"event_name":"Golden Idol","player_choice":"Take Damage","floor":3.0,"gold_loss":0.0,"damage_taken":26.0,"relics_obtained":["Golden Idol"]},{"damage_healed":0.0,"max_hp_gain":5.0,"max_hp_loss":0.0,"gold_gain":0.0,"event_name":"Big Fish","player_choice":"Donut","floor":5.0,"gold_loss":0.0,"damage_taken":0.0},{"damage_healed":50.0,"max_hp_gain":0.0,"max_hp_loss":0.0,"gold_gain":0.0,"event_name":"Wheel of Change","player_choice":"Full Heal","floor":10.0,"gold_loss":0.0,"damage_taken":0.0},{"damage_healed":0.0,"max_hp_gain":0.0,"max_hp_loss":0.0,"gold_gain":0.0,"event_name":"The Mausoleum","player_choice":"Opened","floor":20.0,"gold_loss":0.0,"damage_taken":0.0,"relics_obtained":["The Courier"],"cards_obtained":["Writhe"]},{"damage_healed":0,"gold_gain":0,"player_choice":"Fight","damage_taken":0,"max_hp_gain":0,"max_hp_loss":0,"event_name":"Colosseum","floor":21,"gold_loss":0},{"damage_healed":0,"gold_gain":0,"player_choice":"Fled From Nobs","damage_taken":0,"max_hp_gain":0,"max_hp_loss":0,"event_name":"Colosseum","floor":21,"gold_loss":0}],"is_beta":false,"boss_relics":[{"not_picked":["White Beast Statue","Ectoplasm"],"picked":"Philosopher\u0027s Stone"}],"items_purged_floors":[],"is_endless":false,"potions_floor_spawned":[2,11,13,18],"killed_by":"Shelled Parasite and Fungi","ascension_level":18}