{"gold_per_floor":[118,81,95,25,44,79,79,79,134,168,168,201,130,155,155,259,259,274,287,15,15,15,15,45,45,45,45,55,72,106,106,106,210,210,220,230,13,13,31,62,62,77,103,103,113,41,58,0,0,0],"floor_reached":51,"playtime":3155,"items_purged":[],"score":865,"play_id":"eeec7f3b-fac3-4298-9905-8fd568186fa9","local_time":"20180806185021","is_ascension_mode":true,"campfire_choices":[{"data":"Corpse Explosion","floor":7,"key":"SMITH"},{"floor":11,"key":"REST"},{"floor":15,"key":"REST"},{"data":"Catalyst","floor":23,"key":"SMITH"},{"floor":25,"key":"REST"},{"floor":27,"key":"REST"},{"floor":32,"key":"REST"},{"floor":41,"key":"REST"},{"data":"Burst","floor":44,"key":"SMITH"},{"floor":49,"key":"REST"}],"neow_cost":"NONE","seed_source_timestamp":234990245537618,"circlet_count":0,"master_deck":["Defend_G+1","Defend_G+1","Defend_G+1","Defend_G+1","Defend_G+1","Strike_G+1","Strike_G+1","Strike_G+1","Survivor+1","Neutralize+1","Flying Knee+1","Noxious Fumes+1","Infinite Blades+1","Corpse Explosion+1","Sucker Punch+1","Crippling Poison+1","Crippling Poison+1","Infinite Blades+1","Catalyst+1","Deadly Poison+1","Venomology+1","Burst+1","Venomology+1","Bane+1","Flying Knee+1","Cloak And Dagger+1","Bandage Up+1","Necronomicurse","Predator+1","Accuracy+1","After Image+1","Cloak And Dagger+1","Catalyst+1","Finisher+1","Dark Shackles+1","PiercingWail+1","Venomology+1","Cloak And Dagger+1","Dodge and Roll+1","Infinite Blades+1","PiercingWail+1","Sucker Punch","Bane","Burst+1","Outmaneuver+1","Deadly Poison","Bane","Bouncing Flask","Flechettes+1"],"relics":["Ring of the Snake","Blood Vial","Letter Opener","Dream Catcher","Ornamental Fan","Vajra","Pen Nib","Astrolabe","Bronze Scales","Necronomicon","Lantern","Mercury Hourglass","Juzu Bracelet","Empty Cage","Potion Belt","Mark of the Bloom","Ancient Tea Set","Bag of Marbles","Red Mask"],"potions_floor_usage":[6,12,12,12,12,18,18,19,19,24,24,28,28,29,30,30,30,30,30,30,33,33,35,36,36,36,39,40,45,45,47,47,47,50,50,50,50,50,50,50],"damage_taken":[{"damage":15,"enemies":"Jaw Worm","floor":1,"turns":7},{"damage":9,"enemies":"Small Slimes","floor":3,"turns":5},{"damage":3,"enemies":"2 Louse","floor":5,"turns":3},{"damage":3,"enemies":"3 Sentries","floor":6,"turns":3},{"damage":14,"enemies":"Lagavulin","floor":10,"turns":6},{"damage":17,"enemies":"3 Sentries","floor":12,"turns":5},{"damage":16,"enemies":"Lagavulin","floor":14,"turns":4},{"damage":26,"enemies":"Slime Boss","floor":16,"turns":8},{"damage":13,"enemies":"3 Byrds","floor":18,"turns":4},{"damage":0,"enemies":"Chosen","floor":19,"turns":4},{"damage":33,"enemies":"Book of Stabbing","floor":24,"turns":4},{"damage":0,"enemies":"3 Cultists","floor":28,"turns":3},{"damage":29,"enemies":"Sentry and Sphere","floor":29,"turns":6},{"damage":33,"enemies":"Gremlin Leader","floor":30,"turns":7},{"damage":22,"enemies":"Collector","floor":33,"turns":7},{"damage":23,"enemies":"Flame Bruiser 1 Orb","floor":35,"turns":5},{"damage":12,"enemies":"3 Darklings","floor":36,"turns":5},{"damage":5,"enemies":"Transient","floor":39,"turns":5},{"damage":0,"enemies":"Giant Head","floor":40,"turns":7},{"damage":8,"enemies":"Spire Growth","floor":42,"turns":5},{"damage":0,"enemies":"Sphere and 2 Shapes","floor":45,"turns":3},{"damage":1,"enemies":"3 Darklings","floor":47,"turns":3},{"damage":8,"enemies":"Awakened One","floor":50,"turns":11}],"seed_played":"-3060040871243220016","potions_obtained":[{"floor":3,"key":"Strength Potion"},{"floor":5,"key":"AttackPotion"},{"floor":10,"key":"EntropicBrew"},{"floor":16,"key":"Energy Potion"},{"floor":29,"key":"Weak Potion"},{"floor":30,"key":"FairyPotion"},{"floor":36,"key":"Poison Potion"}],"is_trial":false,"path_per_floor":["M","$","M","$","M","E","R","?","T","E","R","E","$","E","R","B",null,"M","M","$","?","?","R","E","R","T","R","M","M","E","?","R","B",null,"M","M","$","?","M","E","R","M","T","R","M","$","M","?","R","B"],"character_chosen":"THE_SILENT","items_purchased":["Noxious Fumes","Infinite Blades","Infinite Blades","Bronze Scales","Cloak And Dagger","Bandage Up","Potion Belt","Infinite Blades","Deadly Poison","Bane"],"campfire_rested":7,"item_purchase_floors":[2,4,13,20,20,20,37,37,46,46],"current_hp_per_floor":[55,55,46,46,43,40,40,22,22,10,31,30,30,16,37,13,70,57,59,59,43,43,43,16,37,37,58,60,37,45,31,52,36,70,51,45,45,45,40,40,40,32,32,32,32,32,31,31,31,23],"gold":0,"neow_bonus":"TRANSFORM_CARD","is_prod":false,"is_daily":false,"chose_seed":false,"campfire_upgraded":3,"win_rate":0,"timestamp":1533599421,"path_taken":["M","$","M","$","M","E","R","?","T","E","R","E","?","E","R","BOSS","M","M","$","?","?","R","E","R","T","R","M","M","E","?","R","BOSS","M","M","$","?","M","E","R","M","T","R","M","$","M","?","R","BOSS"],"build_version":"2018-08-02","purchased_purges":0,"victory":true,"max_hp_per_floor":[70,70,70,70,70,70,70,70,70,70,70,70,70,70,70,70,70,70,70,70,70,70,70,70,70,70,70,70,70,70,70,70,70,70,70,70,70,70,70,70,70,70,70,70,70,70,70,70,70,70],"card_choices":[{"not_picked":["Sucker Punch","Dagger Spray"],"picked":"Flying Knee","floor":1},{"not_picked":["Choke","Dagger Throw"],"picked":"Dash","floor":3},{"not_picked":["Deflect","Prepared"],"picked":"Sucker Punch","floor":5},{"not_picked":["Cloak And Dagger","Skewer"],"picked":"Corpse Explosion","floor":6},{"not_picked":["Eviscerate","Blade Dance"],"picked":"Sucker Punch","floor":10},{"not_picked":["Tactician","Flying Knee"],"picked":"Crippling Poison","floor":11},{"not_picked":["Cloak And Dagger","Infinite Blades"],"picked":"Crippling Poison","floor":12},{"not_picked":["Crippling Poison","Skewer"],"picked":"Catalyst","floor":14},{"not_picked":["Dodge and Roll","Prepared"],"picked":"Deadly Poison","floor":15},{"not_picked":["Unload","Glass Knife"],"picked":"Venomology","floor":16},{"not_picked":["Endless Agony+1","Flying Knee"],"picked":"Bane","floor":18},{"not_picked":["Poisoned Stab+1","Cloak And Dagger"],"picked":"Flying Knee","floor":19},{"not_picked":["Acrobatics","Eviscerate"],"picked":"Predator","floor":24},{"not_picked":["Quick Slash+1","Endless Agony"],"picked":"Accuracy","floor":25},{"not_picked":["Flying Knee+1","Blade Dance"],"picked":"After Image","floor":27},{"not_picked":["Dodge and Roll","Prepared"],"picked":"Cloak And Dagger","floor":28},{"not_picked":["PiercingWail+1","Outmaneuver"],"picked":"Catalyst","floor":29},{"not_picked":["Blade Dance","Quick Slash"],"picked":"Finisher+1","floor":30},{"not_picked":["Backflip+1","Heel Hook"],"picked":"PiercingWail+1","floor":32},{"not_picked":["Burst","Glass Knife"],"picked":"Venomology","floor":33},{"not_picked":["Backstab+1","Acrobatics+1"],"picked":"Cloak And Dagger+1","floor":35},{"not_picked":["Acrobatics+1","Slice+1"],"picked":"Dodge and Roll+1","floor":36},{"not_picked":["Dodge and Roll+1","Dagger Spray+1"],"picked":"PiercingWail+1","floor":39},{"not_picked":["Underhanded Strike+1","Acrobatics+1"],"picked":"Sucker Punch","floor":40},{"not_picked":["Acrobatics","Choke"],"picked":"Bane","floor":41},{"not_picked":["Deadly Poison","Dagger Spray+1"],"picked":"Burst","floor":42},{"not_picked":["Quick Slash","Setup"],"picked":"Outmaneuver+1","floor":45},{"not_picked":["Deadly Poison+1","Dodge and Roll+1"],"picked":"Bouncing Flask","floor":47},{"not_picked":["Underhanded Strike","Choke+1"],"picked":"Flechettes+1","floor":49}],"player_experience":207862,"relics_obtained":[{"floor":6,"key":"Blood Vial"},{"floor":9,"key":"Dream Catcher"},{"floor":10,"key":"Ornamental Fan"},{"floor":12,"key":"Vajra"},{"floor":14,"key":"Pen Nib"},{"floor":21,"key":"Necronomicon"},{"floor":24,"key":"Lantern"},{"floor":26,"key":"Mercury Hourglass"},{"floor":30,"key":"Juzu Bracelet"},{"floor":40,"key":"Ancient Tea Set"},{"floor":43,"key":"Bag of Marbles"}],"event_choices":[{"event_name":"Scrap Ooze","player_choice":"success","floor":8,"damage_taken":18},{"event_name":"Cursed Tome","player_choice":"Obtained Book","floor":21,"damage_taken":0},{"event_name":"Addict","player_choice":"Ignored","floor":22,"damage_taken":0},{"event_name":"Knowing Skull","player_choice":"CARD ","floor":31,"damage_taken":0},{"event_name":"MindBloom","player_choice":"Upgrade","floor":38,"damage_taken":0},{"event_name":"Tomb of Lord Red Mask","player_choice":"Paid","floor":48,"damage_taken":0}],"is_beta":false,"boss_relics":[{"not_picked":["Velvet Choker","Sozu"],"picked":"Astrolabe"},{"not_picked":["Snecko Eye","HoveringKite"],"picked":"Empty Cage"}],"items_purged_floors":[],"is_endless":false,"potions_floor_spawned":[3,5,10,16,29,30,35,36,42,45],"ascension_level":2}