{"gold_per_floor":[112,112,112,112,132,168,168,204,227,241,241,201],"floor_reached":12,"playtime":523,"items_purged":[],"score":159,"play_id":"4bb3c0bb-fd17-4d26-8639-906947773bf2","local_time":"20181222204443","is_ascension_mode":true,"campfire_choices":[{"floor":7,"key":"REST"},{"data":"Defragment","floor":11,"key":"SMITH"}],"neow_cost":"NONE","seed_source_timestamp":124424933420773,"circlet_count":0,"master_deck":["AscendersBane","Strike_B","Strike_B+1","Strike_B+1","Strike_B","Defend_B","Defend_B","Defend_B","Defend_B","Zap","Dualcast","Ball Lightning","Pain","FTL","Defragment+1","Compile Driver","FTL"],"relics":["Cracked Core","Golden Idol","WarpedTongs","Centennial Puzzle","Sundial","Whetstone"],"potions_floor_usage":[6],"damage_taken":[{"damage":0,"enemies":"2 Louse","floor":1,"turns":4},{"damage":3,"enemies":"Small Slimes","floor":5,"turns":2},{"damage":37,"enemies":"3 Sentries","floor":6,"turns":5},{"damage":19,"enemies":"Lagavulin","floor":8,"turns":6},{"damage":4,"enemies":"Cultist","floor":10,"turns":2},{"damage":27,"enemies":"Exordium Thugs","floor":12,"turns":2}],"seed_played":"9221960938457746187","potions_obtained":[{"floor":5,"key":"Explosive Potion"},{"floor":6,"key":"Swift Potion"},{"floor":10,"key":"GamblersBrew"}],"is_trial":false,"path_per_floor":["M","?","?","?","M","E","R","E","T","M","R","M"],"character_chosen":"DEFECT","items_purchased":[],"campfire_rested":1,"item_purchase_floors":[],"current_hp_per_floor":[71,71,64,64,61,24,47,28,28,24,24,0],"gold":201,"neow_bonus":"TEN_PERCENT_HP_BONUS","is_prod":false,"is_daily":false,"chose_seed":false,"campfire_upgraded":1,"win_rate":0,"timestamp":1545540283,"path_taken":["M","?","?","?","M","E","R","E","T","M","R","M"],"build_version":"2018-12-20","purchased_purges":0,"victory":false,"max_hp_per_floor":[78,78,78,78,78,78,78,78,78,78,78,78],"card_choices":[{"not_picked":["Consume","Lockon"],"picked":"Ball Lightning","floor":1},{"not_picked":["Sweeping Beam","Rebound"],"picked":"FTL","floor":5},{"not_picked":["Go for the Eyes","Recycle"],"picked":"Defragment","floor":6},{"not_picked":["Double Energy","Heatsinks"],"picked":"Compile Driver","floor":8},{"not_picked":["White Noise","Hologram"],"picked":"FTL","floor":10}],"player_experience":654571,"relics_obtained":[{"floor":6,"key":"Centennial Puzzle"},{"floor":8,"key":"Sundial"},{"floor":9,"key":"Whetstone"}],"event_choices":[{"damage_healed":0,"gold_gain":0,"player_choice":"Take Wound","damage_taken":0,"relics_obtained":["Golden Idol"],"max_hp_gain":0,"max_hp_loss":0,"event_name":"Golden Idol","floor":2,"gold_loss":0,"cards_obtained":["Injury"]},{"cards_removed":["Injury"],"damage_healed":0,"gold_gain":0,"player_choice":"Card Removal","damage_taken":7,"max_hp_gain":0,"max_hp_loss":0,"event_name":"Golden Wing","floor":3,"gold_loss":0},{"damage_healed":0,"gold_gain":0,"player_choice":"Rummage","damage_taken":0,"relics_obtained":["WarpedTongs"],"max_hp_gain":0,"max_hp_loss":0,"event_name":"Accursed Blacksmith","floor":4,"gold_loss":0,"cards_obtained":["Pain"]}],"is_beta":false,"boss_relics":[],"items_purged_floors":[],"is_endless":false,"potions_floor_spawned":[5,6,10],"killed_by":"Exordium Thugs","ascension_level":17}