{"gold_per_floor":[209,226,22,22,38,38,38,70,70,70,102,115,126,126,126,224,224,205,205,225,225,500,500,21,37,37,37],"floor_reached":27,"playtime":1504,"items_purged":["Regret"],"score":434,"play_id":"0b59d985-b8dd-4b60-880e-2f543df61b58","local_time":"20180812221052","is_ascension_mode":true,"campfire_choices":[{"data":"Zap","floor":7,"key":"SMITH"},{"data":"Hologram","floor":10,"key":"SMITH"},{"data":"Defragment","floor":15,"key":"SMITH"},{"data":"RitualDagger","floor":23,"key":"SMITH"}],"neow_cost":"NONE","seed_source_timestamp":1764192227313652,"circlet_count":0,"master_deck":["Strike_B","Strike_B","Strike_B+1","Defend_B","Defend_B","Defend_B","Defend_B","Zap+1","Dualcast","AscendersBane","BootSequence","Cold Snap+1","Hologram+1","Undo","Capacitor","Defragment+1","Compile Driver","Self Repair","Buffer","Writhe","Stack","RitualDagger+1","Loop","Finesse","Stack+1"],"relics":["Cracked Core","ClockworkSouvenir","Matryoshka","Ancient Tea Set","Boot","Regal Pillow","Inserter","Potion Belt","Symbiotic Virus","Letter Opener","Ornamental Fan"],"potions_floor_usage":[8,27],"damage_taken":[{"damage":0,"enemies":"Cultist","floor":1,"turns":4},{"damage":2,"enemies":"Jaw Worm","floor":2,"turns":3},{"damage":0,"enemies":"Small Slimes","floor":5,"turns":3},{"damage":1,"enemies":"Lagavulin","floor":8,"turns":7},{"damage":15,"enemies":"3 Sentries","floor":11,"turns":8},{"damage":0,"enemies":"3 Louse","floor":12,"turns":4},{"damage":5,"enemies":"Blue Slaver","floor":13,"turns":4},{"damage":0,"enemies":"The Guardian","floor":16,"turns":11},{"damage":12,"enemies":"2 Thieves","floor":18,"turns":4},{"damage":0,"enemies":"Chosen","floor":20,"turns":6},{"damage":40,"enemies":"Snake Plant","floor":25,"turns":6},{"damage":38,"enemies":"3 Cultists","floor":27,"turns":4}],"seed_played":"-5508350116643014642","potions_obtained":[{"floor":1,"key":"Swift Potion"},{"floor":5,"key":"SkillPotion"},{"floor":13,"key":"Swift Potion"},{"floor":20,"key":"Strength Potion"}],"is_trial":false,"path_per_floor":["M","M","$","?","M","?","R","E","T","R","E","M","M","?","R","B",null,"M","?","M","?","?","R","$","M","T"],"character_chosen":"DEFECT","items_purchased":["ClockworkSouvenir","Symbiotic Virus","Loop","Finesse"],"campfire_rested":0,"item_purchase_floors":[3,24,24,24],"current_hp_per_floor":[68,66,66,51,51,44,44,43,43,43,28,28,23,23,23,30,64,59,59,66,60,60,60,60,27,27,0],"gold":37,"neow_bonus":"HUNDRED_GOLD","is_prod":false,"is_daily":false,"chose_seed":false,"campfire_upgraded":4,"win_rate":0,"timestamp":1534137052,"path_taken":["M","?","$","?","M","?","R","E","T","R","E","M","?","?","R","BOSS","M","?","M","?","?","R","$","M","T","M"],"build_version":"2018-08-09","purchased_purges":1,"victory":false,"max_hp_per_floor":[75,75,75,75,75,75,75,75,75,75,75,75,75,75,75,75,75,75,75,75,75,75,75,75,75,75,75],"card_choices":[{"not_picked":["Steam","Stack"],"picked":"BootSequence","floor":1},{"not_picked":["Redo","Conserve Battery"],"picked":"Cold Snap","floor":2},{"not_picked":["Chaos","Gash"],"picked":"Hologram","floor":5},{"not_picked":["White Noise","Conserve Battery"],"picked":"Undo","floor":8},{"not_picked":["Machine Learning","Consume"],"picked":"Capacitor","floor":11},{"not_picked":["Redo","Turbo"],"picked":"Defragment","floor":12},{"not_picked":["Rebound","Turbo"],"picked":"Compile Driver","floor":13},{"not_picked":["Multi-Cast","Machine Learning"],"picked":"Buffer","floor":16},{"not_picked":["Streamline","Rebound","Beam Cell"],"picked":"SKIP","floor":18},{"not_picked":["Steam","Coolheaded"],"picked":"Stack","floor":20},{"not_picked":["Chaos","Turbo"],"picked":"Stack+1","floor":25}],"player_experience":445133,"relics_obtained":[{"floor":8,"key":"Matryoshka"},{"floor":9,"key":"Ancient Tea Set"},{"floor":9,"key":"Boot"},{"floor":11,"key":"Regal Pillow"},{"floor":26,"key":"Letter Opener"},{"floor":26,"key":"Ornamental Fan"}],"event_choices":[{"event_name":"Shining Light","player_choice":"Entered Light","floor":4,"damage_taken":0},{"event_name":"Golden Wing","player_choice":"Card Removal","floor":6,"damage_taken":0},{"event_name":"Match and Keep!","player_choice":"1 cards matched","floor":14,"damage_taken":0},{"event_name":"The Mausoleum","player_choice":"Yes","floor":19,"damage_taken":0},{"event_name":"Nest","player_choice":"Joined the Cult","floor":21,"damage_taken":0},{"event_name":"Golden Shrine","player_choice":"Desecrate","floor":22,"damage_taken":0}],"is_beta":false,"boss_relics":[{"not_picked":["Ectoplasm","FrozenCore"],"picked":"Inserter"}],"items_purged_floors":[24],"is_endless":false,"potions_floor_spawned":[1,5,13,16,20],"killed_by":"3 Cultists","ascension_level":12}