{"gold_per_floor":[111,125,125,125,125,159,172,203,280,300,300,300,325,344,344,440,440,457,457,457,469,469,469,29,29],"floor_reached":25,"playtime":1359,"items_purged":[],"score":259,"play_id":"b249944a-fdeb-4777-8435-e40aba27d7de","local_time":"20190407165133","is_ascension_mode":false,"campfire_choices":[{"data":"Loop","floor":11,"key":"SMITH"},{"floor":15,"key":"REST"},{"data":"Tempest","floor":23,"key":"SMITH"}],"neow_cost":"NONE","seed_source_timestamp":503495058660456,"circlet_count":0,"master_deck":["Strike_B","Strike_B","Strike_B","Strike_B","Defend_B+1","Defend_B","Defend_B","Defend_B","Zap+1","Dualcast","Lockon+1","Sweeping Beam","Loop+1","Ball Lightning","Tempest+1","Echo Form","Thunder Strike"],"relics":["Cracked Core","NeowsBlessing","Peace Pipe","Dream Catcher","Centennial Puzzle","Pear","Strawberry","Nuclear Battery","Girya","War Paint"],"potions_floor_usage":[8,16,16],"damage_taken":[{"damage":0,"enemies":"Small Slimes","floor":1,"turns":1},{"damage":0,"enemies":"2 Louse","floor":2,"turns":1},{"damage":0,"enemies":"3 Sentries","floor":6,"turns":1},{"damage":13,"enemies":"Jaw Worm","floor":7,"turns":3},{"damage":13,"enemies":"Gremlin Nob","floor":8,"turns":4},{"damage":19,"enemies":"Exordium Wildlife","floor":10,"turns":5},{"damage":10,"enemies":"Looter","floor":14,"turns":2},{"damage":25,"enemies":"The Guardian","floor":16,"turns":7},{"damage":10,"enemies":"Chosen","floor":18,"turns":3},{"damage":37,"enemies":"Colosseum Slavers","floor":19,"turns":4},{"damage":35,"enemies":"2 Thieves","floor":21,"turns":4},{"damage":15,"enemies":"Centurion and Healer","floor":25,"turns":4}],"seed_played":"-8215913489988243433","potions_obtained":[{"floor":6,"key":"SpeedPotion"},{"floor":10,"key":"Energy Potion"},{"floor":14,"key":"LiquidBronze"},{"floor":16,"key":"FearPotion"},{"floor":18,"key":"Weak Potion"}],"is_trial":false,"path_per_floor":["?","?","?","T","?","?","?"],"character_chosen":"DEFECT","items_purchased":["Girya","War Paint"],"campfire_rested":1,"item_purchase_floors":[24,24],"current_hp_per_floor":[75,75,75,75,72,72,59,46,56,37,37,37,44,34,61,36,92,82,45,75,40,40,40,40,25],"gold":29,"neow_bonus":"THREE_ENEMY_KILL","is_prod":false,"is_daily":false,"chose_seed":false,"campfire_upgraded":2,"win_rate":0.0,"timestamp":1554666693,"path_taken":["M","M","?","$","?","E","M","E","T","M","R","?","?","M","R","BOSS","M","?","?","M","?","R","$","M"],"build_version":"2019-01-23","purchased_purges":0,"victory":false,"max_hp_per_floor":[75,75,75,75,75,75,75,75,85,85,85,85,92,92,92,92,92,92,92,92,92,92,92,92,92],"card_choices":[{"not_picked":["Rebound","Compile Driver","Streamline"],"picked":"SKIP","floor":1},{"not_picked":["BootSequence","Cold Snap","Barrage"],"picked":"SKIP","floor":2},{"not_picked":["Defragment","Fusion"],"picked":"Lockon","floor":6},{"not_picked":["Turbo","Gash"],"picked":"Sweeping Beam","floor":7},{"not_picked":["Genetic Algorithm","Capacitor"],"picked":"Loop","floor":8},{"not_picked":["Heatsinks","Chill"],"picked":"Ball Lightning","floor":10},{"not_picked":["Conserve Battery","Beam Cell"],"picked":"Tempest","floor":14},{"not_picked":["Steam","Chaos"],"picked":"Echo Form","floor":15},{"not_picked":["Machine Learning","Meteor Strike"],"picked":"Thunder Strike","floor":16},{"not_picked":["Barrage","Doom and Gloom","Capacitor"],"picked":"SKIP","floor":18},{"not_picked":["Sweeping Beam","Cold Snap+1","Fusion+1"],"picked":"SKIP","floor":21}],"player_experience":15365,"relics_obtained":[{"floor":6,"key":"Dream Catcher"},{"floor":8,"key":"Centennial Puzzle"},{"floor":9,"key":"Pear"},{"floor":13,"key":"Strawberry"}],"event_choices":[{"damage_healed":0,"gold_gain":0,"player_choice":"Leave","damage_taken":0,"max_hp_gain":0,"max_hp_loss":0,"event_name":"The Cleric","floor":3,"gold_loss":0},{"damage_healed":0,"gold_gain":0,"player_choice":"Success","damage_taken":3,"relics_obtained":["Peace Pipe"],"max_hp_gain":0,"max_hp_loss":0,"event_name":"Scrap Ooze","floor":5,"gold_loss":0},{"damage_healed":0,"gold_gain":0,"player_choice":"Grow","damage_taken":0,"max_hp_gain":0,"max_hp_loss":0,"event_name":"Living Wall","floor":12,"gold_loss":0,"cards_upgraded":["Lockon"]},{"damage_healed":0,"gold_gain":0,"player_choice":"Fight","damage_taken":0,"max_hp_gain":0,"max_hp_loss":0,"event_name":"Colosseum","floor":19,"gold_loss":0},{"damage_healed":0,"gold_gain":0,"player_choice":"Fled From Nobs","damage_taken":0,"max_hp_gain":0,"max_hp_loss":0,"event_name":"Colosseum","floor":19,"gold_loss":0},{"damage_healed":30,"gold_gain":0,"player_choice":"Heal","damage_taken":0,"max_hp_gain":0,"max_hp_loss":0,"event_name":"The Library","floor":20,"gold_loss":0},{"damage_healed":0,"gold_gain":0,"player_choice":"Ignored","damage_taken":0,"max_hp_gain":0,"max_hp_loss":0,"event_name":"Vampires","floor":22,"gold_loss":0}],"is_beta":false,"boss_relics":[{"not_picked":["Empty Cage","Inserter"],"picked":"Nuclear Battery"}],"items_purged_floors":[],"is_endless":false,"potions_floor_spawned":[6,10,14,16,18,19],"killed_by":"Centurion and Healer","ascension_level":0}