{"gold_per_floor":[111,36,36,48,66,66,92,92,92,92,102,132,132,150,150,222,222,240,250,1,14,14,14,44,62,62,62,62,80,111,123,123,201,201,217,217,15,65,65,65,97,150,150,164,9,19,19,37,37,37],"floor_reached":50,"playtime":3592,"items_purged":["Strike_G"],"score":960,"play_id":"87007cec-5813-48f1-b83c-c641fc2f5c7c","local_time":"20180823123512","is_ascension_mode":true,"campfire_choices":[{"data":"Neutralize","floor":6.0,"key":"SMITH"},{"data":"Dagger Spray","floor":8.0,"key":"SMITH"},{"data":"Skewer","floor":10.0,"key":"SMITH"},{"data":"Crippling Poison","floor":15.0,"key":"SMITH"},{"data":"All Out Attack","floor":23.0,"key":"SMITH"},{"data":"Underhanded Strike","floor":28.0,"key":"SMITH"},{"floor":32.0,"key":"REST"},{"data":"Corpse Explosion","floor":40,"key":"SMITH"},{"data":"Dash","floor":47,"key":"SMITH"},{"floor":49,"key":"REST"}],"neow_cost":"NONE","seed_source_timestamp":539740097875714,"circlet_count":0,"master_deck":["Defend_G","Defend_G","Defend_G+1","Defend_G","Defend_G","Strike_G","Strike_G","Survivor+1","Neutralize+1","AscendersBane","Flying Knee","Skewer+1","Crippling Poison+1","Dagger Spray+1","All Out Attack+1","Bullet Time","Underhanded Strike+1","Underhanded Strike","Underhanded Strike","Corpse Explosion+1","Underhanded Strike","Flechettes","Dash","Noxious Fumes","Dash+1"],"special_seed":0,"relics":["Velvet Choker","Meat on the Bone","Bottled Lightning","Paper Crane","Snecko Eye","Singing Bowl","Bag of Preparation","Darkstone Periapt","Strawberry","Empty Cage","Potion Belt","Nunchaku","Matryoshka"],"potions_floor_usage":[50,50,50,50],"damage_taken":[{"damage":0.0,"enemies":"Cultist","floor":1.0,"turns":5.0},{"damage":0.0,"enemies":"2 Louse","floor":4.0,"turns":3.0},{"damage":0.0,"enemies":"Small Slimes","floor":5.0,"turns":3.0},{"damage":25.0,"enemies":"3 Sentries","floor":7.0,"turns":9.0},{"damage":1.0,"enemies":"2 Fungi Beasts","floor":11.0,"turns":3.0},{"damage":12.0,"enemies":"Lagavulin","floor":12.0,"turns":6.0},{"damage":0.0,"enemies":"3 Louse","floor":14.0,"turns":3.0},{"damage":2.0,"enemies":"Slime Boss","floor":16.0,"turns":7.0},{"damage":0.0,"enemies":"2 Thieves","floor":18.0,"turns":3.0},{"damage":0.0,"enemies":"Spheric Guardian","floor":19.0,"turns":3.0},{"damage":13.0,"enemies":"Snake Plant","floor":21.0,"turns":4.0},{"damage":18.0,"enemies":"Gremlin Leader","floor":24.0,"turns":5.0},{"damage":0.0,"enemies":"Centurion and Healer","floor":25.0,"turns":4.0},{"damage":0.0,"enemies":"Snecko","floor":29.0,"turns":2.0},{"damage":15.0,"enemies":"Book of Stabbing","floor":30.0,"turns":5.0},{"damage":21.0,"enemies":"Sentry and Sphere","floor":31.0,"turns":5.0},{"damage":52.0,"enemies":"Champ","floor":33.0,"turns":10.0},{"damage":0.0,"enemies":"Flame Bruiser 1 Orb","floor":35.0,"turns":4.0},{"damage":51,"enemies":"Nemesis","floor":41,"turns":8},{"damage":0,"floor":42,"turns":3},{"damage":3,"enemies":"Orb Walker","floor":44,"turns":3},{"damage":16,"enemies":"Transient","floor":46,"turns":5},{"damage":0,"enemies":"Sphere and 2 Shapes","floor":48,"turns":3},{"damage":100,"enemies":"Time Eater","floor":50,"turns":16}],"seed_played":"2496551130894672905","potions_obtained":[{"floor":4.0,"key":"GamblersBrew"},{"floor":11.0,"key":"GhostInAJar"},{"floor":16.0,"key":"Fruit Juice"},{"floor":19.0,"key":"Explosive Potion"},{"floor":21.0,"key":"Strength Potion"},{"floor":30.0,"key":"Block Potion"},{"floor":33.0,"key":"EssenceOfSteel"},{"floor":35.0,"key":"GamblersBrew"},{"floor":41,"key":"SteroidPotion"}],"is_trial":false,"path_per_floor":["M","$","?","M","M","R","E","R","T","R","M","E","?","M","R","B",null,"M","M","$","M","?","R","E","M","T","?","R","M","E","M","R","B",null,"M","?","$","?","$","R","E","?","T","M","$","M","R","M","R"],"character_chosen":"THE_SILENT","items_purchased":["GhostInAJar","Singing Bowl","GhostInAJar","Underhanded Strike","Noxious Fumes","GhostInAJar"],"campfire_rested":2,"item_purchase_floors":[2,20,37,37,45,45],"current_hp_per_floor":[59,59,59,59,59,59,34,34,34,34,45,45,25,37,37,40,63,63,63,63,52,45,45,41,43,43,43,43,43,49,42,68,28,73,75,75,75,66,66,66,29,41,41,50,50,46,46,60,88,0],"gold":37,"neow_bonus":"BOSS_RELIC","is_prod":false,"is_daily":false,"chose_seed":false,"campfire_upgraded":8,"win_rate":0,"timestamp":1535052912,"path_taken":["M","$","?","?","M","R","E","R","T","R","M","E","?","M","R","BOSS","M","M","$","M","?","R","E","M","T","?","R","?","E","M","R","BOSS","M","?","?","?","$","R","E","?","T","M","$","M","R","?","R","BOSS"],"build_version":"2018-08-16","purchased_purges":1,"victory":false,"max_hp_per_floor":[66,66,66,66,66,66,66,66,66,66,66,66,66,66,66,71,71,71,71,71,73,73,73,75,77,77,77,77,77,86,88,88,88,88,90,90,90,90,90,90,92,92,92,92,92,92,92,94,94,94],"card_choices":[{"not_picked":["Outmaneuver","Backflip"],"picked":"Flying Knee","floor":1.0},{"not_picked":["Quick Slash","Flying Knee"],"picked":"Skewer","floor":4.0},{"not_picked":["Escape Plan","Heel Hook"],"picked":"Crippling Poison","floor":5.0},{"not_picked":["Slice","Expertise"],"picked":"Dagger Spray","floor":7.0},{"not_picked":["Flying Knee","Grand Finale"],"picked":"Masterful Stab","floor":11.0},{"not_picked":["Poisoned Stab","Cloak And Dagger"],"picked":"All Out Attack","floor":12.0},{"not_picked":["Skewer","Deadly Poison","Poisoned Stab"],"picked":"SKIP","floor":14.0},{"not_picked":["Night Terror","Envenom"],"picked":"Bullet Time","floor":16.0},{"not_picked":["Deadly Poison","Backflip+1"],"picked":"Underhanded Strike","floor":18.0},{"not_picked":["Dagger Spray","Masterful Stab+1"],"picked":"Underhanded Strike","floor":19.0},{"not_picked":["Calculated Gamble","Sucker Punch","PiercingWail"],"picked":"Singing Bowl","floor":21.0},{"not_picked":["Dagger Spray","Unload","Bane"],"picked":"Singing Bowl","floor":24.0},{"not_picked":["Well Laid Plans","Finisher","Cloak And Dagger+1"],"picked":"Singing Bowl","floor":25.0},{"not_picked":["Backstab+1","Calculated Gamble+1"],"picked":"Underhanded Strike","floor":29.0},{"not_picked":["Well Laid Plans","Endless Agony","All Out Attack"],"picked":"Singing Bowl","floor":30.0},{"not_picked":["Deadly Poison","Outmaneuver","Unload"],"picked":"Singing Bowl","floor":31.0},{"not_picked":["Night Terror","Phantasmal Killer"],"picked":"Corpse Explosion","floor":33.0},{"not_picked":["Caltrops","Reflex","Escape Plan+1"],"picked":"Singing Bowl","floor":35.0},{"not_picked":["Dagger Throw","Deflect","Poisoned Stab"],"picked":"Singing Bowl","floor":41},{"not_picked":["Acrobatics+1","Cloak And Dagger"],"picked":"Flechettes","floor":42},{"not_picked":["Bane+1","Calculated Gamble"],"picked":"Dash","floor":44},{"not_picked":["Cloak And Dagger","Quick Slash"],"picked":"Dash","floor":46},{"not_picked":["Slice","Deflect","Calculated Gamble"],"picked":"Singing Bowl","floor":48}],"player_experience":578837,"relics_obtained":[{"floor":7.0,"key":"Meat on the Bone"},{"floor":9.0,"key":"Bottled Lightning"},{"floor":12.0,"key":"Paper Crane"},{"floor":24.0,"key":"Bag of Preparation"},{"floor":26.0,"key":"Darkstone Periapt"},{"floor":30.0,"key":"Strawberry"},{"floor":41,"key":"Potion Belt"},{"floor":42,"key":"Nunchaku"},{"floor":43,"key":"Matryoshka"}],"event_choices":[{"event_name":"Liars Game","player_choice":"disagreed","floor":3.0,"damage_taken":0.0},{"event_name":"Shining Light","player_choice":"Entered Light","floor":13.0,"damage_taken":0.0},{"event_name":"Knowing Skull","player_choice":"","floor":22.0,"damage_taken":0.0},{"event_name":"Ghosts","player_choice":"Ignored","floor":27.0,"damage_taken":0.0},{"event_name":"Falling","player_choice":"Removed Attack","floor":36.0,"damage_taken":0.0},{"event_name":"FaceTrader","player_choice":"Touch","floor":38,"damage_taken":0},{"event_name":"Mysterious Sphere","player_choice":"Fight","floor":42,"damage_taken":0}],"is_beta":false,"boss_relics":[{"not_picked":["Runic Dome","Lizard Tail"],"picked":"Snecko Eye"},{"not_picked":["Runic Pyramid","Busted Crown"],"picked":"Empty Cage"}],"items_purged_floors":[37],"is_endless":false,"potions_floor_spawned":[4,11,14,16,19,21,30,33,35,41],"killed_by":"Time Eater","ascension_level":15}