{"gold_per_floor":[115,135,135,151,151,151,178,178,252,287,300,320,355,4,4,81,81,92,92,5,40,58,58,83,183,208,222,222,222,222,236,236,312,312,331,19,19,241,251,251,267,300,375,393,405,27,27,40,40,40],"floor_reached":50,"playtime":3275,"items_purged":["Strike_R","Strike_R"],"score":1145,"play_id":"f203446a-59f4-4c5f-bcf5-ca51a74afd6b","local_time":"20190414011509","is_ascension_mode":true,"campfire_choices":[{"data":"Bash","floor":6.0,"key":"SMITH"},{"floor":8.0,"key":"REST"},{"data":"Disarm","floor":15.0,"key":"SMITH"},{"floor":23.0,"key":"REST"},{"data":"Uppercut","floor":28,"key":"SMITH"},{"data":"Carnage","floor":30,"key":"SMITH"},{"floor":32,"key":"REST"},{"floor":40,"key":"REST"},{"floor":49,"key":"REST"}],"neow_cost":"NONE","seed_source_timestamp":326532322904100,"circlet_count":0,"master_deck":["AscendersBane","Strike_R+1","Strike_R+1","Strike_R+1","Defend_R+1","Defend_R+1","Defend_R+1","Defend_R+1","Bash+1","Twin Strike","Sword Boomerang","Spot Weakness","Reaper","Feed","Carnage+1","Metallicize","Pummel","Disarm+1","Exhume","Shockwave","Uppercut+1","Uppercut","Feel No Pain","Cleave+1","True Grit","Uppercut","Pommel Strike+1","Pummel+1","Uppercut+1","Battle Trance","True Grit","Sword Boomerang","Body Slam+1","Body Slam+1","Battle Trance","Sword Boomerang"],"special_seed":0,"relics":["Burning Blood","Omamori","Sundial","Letter Opener","Smiling Mask","Art of War","OrangePellets","Velvet Choker","Red Mask","Blue Candle","FossilizedHelix","Ornamental Fan","Red Skull","Orrery","Brimstone","Bronze Scales","Regal Pillow","Bag of Preparation"],"potions_floor_usage":[25,33,33,42,42,45,50],"damage_taken":[{"damage":4.0,"enemies":"Jaw Worm","floor":1.0,"turns":5.0},{"damage":4.0,"enemies":"Small Slimes","floor":2.0,"turns":3.0},{"damage":1.0,"enemies":"Cultist","floor":4.0,"turns":3.0},{"damage":35.0,"enemies":"3 Sentries","floor":7.0,"turns":7.0},{"damage":31.0,"enemies":"Lagavulin","floor":10.0,"turns":4.0},{"damage":7.0,"enemies":"2 Fungi Beasts","floor":11.0,"turns":4.0},{"damage":14.0,"enemies":"3 Louse","floor":12.0,"turns":3.0},{"damage":41.0,"enemies":"3 Sentries","floor":13.0,"turns":9.0},{"damage":60.0,"enemies":"The Guardian","floor":16.0,"turns":12.0},{"damage":39.0,"enemies":"2 Thieves","floor":18.0,"turns":5.0},{"damage":18.0,"enemies":"Masked Bandits","floor":21.0,"turns":4.0},{"damage":25.0,"enemies":"Chosen","floor":22.0,"turns":5.0},{"damage":61.0,"enemies":"Gremlin Leader","floor":24.0,"turns":11.0},{"damage":25,"enemies":"Colosseum Slavers","floor":25,"turns":3},{"damage":16,"enemies":"Colosseum Nobs","floor":25,"turns":5},{"damage":7,"enemies":"Centurion and Healer","floor":27,"turns":9},{"damage":0,"enemies":"Snake Plant","floor":31,"turns":2},{"damage":78,"enemies":"Automaton","floor":33,"turns":11},{"damage":62,"enemies":"3 Darklings","floor":35,"turns":13},{"damage":27,"enemies":"3 Shapes","floor":39,"turns":3},{"damage":12,"enemies":"3 Darklings","floor":41,"turns":3},{"damage":93,"enemies":"Reptomancer","floor":42,"turns":5},{"damage":41,"enemies":"Jaw Worm Horde","floor":44,"turns":3},{"damage":66,"enemies":"Sphere and 2 Shapes","floor":45,"turns":5},{"damage":20,"enemies":"Spire Growth","floor":48,"turns":3},{"damage":124,"enemies":"Donu and Deca","floor":50,"turns":6}],"seed_played":"6891807138654739091","potions_obtained":[{"floor":2.0,"key":"Strength Potion"},{"floor":7.0,"key":"SkillPotion"},{"floor":10.0,"key":"GamblersBrew"},{"floor":22.0,"key":"FearPotion"},{"floor":25,"key":"GamblersBrew"},{"floor":27,"key":"Strength Potion"},{"floor":33,"key":"LiquidBronze"},{"floor":35,"key":"PowerPotion"},{"floor":44,"key":"Block Potion"}],"is_trial":false,"path_per_floor":["M","M","?","M","?","R","E","R","T","E","M","M","E","$","R","B",null,"M","?","$","?","M","R","E","?","T","M","R","?","R","M","R","B",null,"M","$","?","?","M","R","M","E","T","M","M","$","?","M","R","B"],"character_chosen":"IRONCLAD","items_purchased":["Disarm","OrangePellets","Uppercut","Brimstone","True Grit","Sword Boomerang","Regal Pillow","Bag of Preparation","AttackPotion"],"campfire_rested":5,"item_purchase_floors":[14,14,20,36,36,36,46,46,46],"current_hp_per_floor":[77,79,79,82,77,77,48,72,72,57,74,69,58,58,58,19,73,49,49,49,64,49,78,37,32,32,44,44,44,44,50,80,21,83,44,44,44,44,56,87,81,45,45,55,37,37,37,39,87,0],"gold":40,"neow_bonus":"TEN_PERCENT_HP_BONUS","is_prod":false,"is_daily":false,"chose_seed":false,"campfire_upgraded":4,"win_rate":0,"timestamp":1555218909,"path_taken":["M","M","?","M","?","R","E","R","T","E","M","M","E","$","R","BOSS","M","?","$","?","M","R","E","?","T","M","R","?","R","?","R","BOSS","M","$","?","?","M","R","M","E","T","M","M","$","?","M","R","BOSS"],"build_version":"2019-01-23","purchased_purges":2,"victory":false,"max_hp_per_floor":[82,82,82,82,82,82,82,82,82,82,85,88,91,91,91,91,91,91,91,91,97,97,97,97,100,100,103,103,103,103,103,103,103,103,106,106,101,101,104,104,104,104,104,107,110,110,110,110,110,110],"card_choices":[{"not_picked":["Sword Boomerang","Perfected Strike"],"picked":"Twin Strike","floor":1.0},{"not_picked":["Heavy Blade","Perfected Strike"],"picked":"Sword Boomerang","floor":2.0},{"not_picked":["Clothesline","Wild Strike"],"picked":"Spot Weakness","floor":4.0},{"not_picked":["Pommel Strike","Wild Strike"],"picked":"Reaper","floor":7.0},{"not_picked":["Havoc","Clash"],"picked":"Feed","floor":10.0},{"not_picked":["Clash","True Grit"],"picked":"Carnage","floor":11.0},{"not_picked":["Pommel Strike","Seeing Red"],"picked":"Metallicize","floor":12.0},{"not_picked":["Havoc","Blood for Blood"],"picked":"Pummel","floor":13.0},{"not_picked":["Brutality","Juggernaut"],"picked":"Exhume","floor":16.0},{"not_picked":["Clash","Twin Strike"],"picked":"Shockwave","floor":18.0},{"not_picked":["Havoc","Seeing Red"],"picked":"Uppercut","floor":21.0},{"not_picked":["Dropkick","Twin Strike"],"picked":"Feel No Pain","floor":22.0},{"not_picked":["Bloodletting","Body Slam"],"picked":"Cleave+1","floor":24.0},{"not_picked":["Body Slam","Headbutt"],"picked":"True Grit","floor":25},{"not_picked":["Havoc","Perfected Strike"],"picked":"Uppercut","floor":27},{"not_picked":["Flex+1","Headbutt","Dual Wield"],"picked":"SKIP","floor":31},{"not_picked":["Twin Strike","Body Slam"],"picked":"Pommel Strike+1","floor":34},{"not_picked":["Body Slam","Cleave"],"picked":"Pummel+1","floor":34},{"not_picked":["Thunderclap","Iron Wave"],"picked":"Uppercut+1","floor":34},{"not_picked":["Shrug It Off","Wild Strike+1"],"picked":"Battle Trance","floor":35},{"not_picked":["Flex","Bludgeon","Rampage"],"picked":"SKIP","floor":39},{"not_picked":["Metallicize","Armaments"],"picked":"Body Slam+1","floor":41},{"not_picked":["Sword Boomerang","Clothesline"],"picked":"Body Slam+1","floor":42},{"not_picked":["Clothesline","Clash","Body Slam"],"picked":"SKIP","floor":44},{"not_picked":["Anger","Bloodletting","Dropkick"],"picked":"SKIP","floor":45},{"not_picked":["Whirlwind","Entrench+1"],"picked":"Sword Boomerang","floor":48}],"player_experience":865467,"relics_obtained":[{"floor":7.0,"key":"Sundial"},{"floor":9.0,"key":"Letter Opener"},{"floor":10.0,"key":"Smiling Mask"},{"floor":13.0,"key":"Art of War"},{"floor":21.0,"key":"Red Mask"},{"floor":24.0,"key":"Blue Candle"},{"floor":25,"key":"FossilizedHelix"},{"floor":25,"key":"Ornamental Fan"},{"floor":26,"key":"Red Skull"},{"floor":42,"key":"Bronze Scales"}],"event_choices":[{"damage_healed":0.0,"max_hp_gain":0.0,"max_hp_loss":0.0,"gold_gain":0.0,"event_name":"Liars Game","player_choice":"Ignored","floor":3.0,"gold_loss":0.0,"damage_taken":0.0},{"damage_healed":0.0,"max_hp_gain":0.0,"max_hp_loss":0.0,"gold_gain":0.0,"event_name":"Scrap Ooze","player_choice":"Success","floor":5.0,"gold_loss":0.0,"damage_taken":5.0,"relics_obtained":["Omamori"]},{"damage_healed":0.0,"max_hp_gain":0.0,"max_hp_loss":0.0,"gold_gain":0.0,"event_name":"Forgotten Altar","player_choice":"Smashed Altar","floor":19.0,"gold_loss":0.0,"damage_taken":0.0,"cards_obtained":["Decay"]},{"damage_healed":0.0,"max_hp_gain":0.0,"max_hp_loss":0.0,"gold_gain":0.0,"event_name":"Masked Bandits","player_choice":"Fought Bandits","floor":21.0,"gold_loss":0.0,"damage_taken":0.0},{"damage_healed":0,"gold_gain":0,"player_choice":"Fight","damage_taken":0,"max_hp_gain":0,"max_hp_loss":0,"event_name":"Colosseum","floor":25,"gold_loss":0},{"damage_healed":0,"gold_gain":0,"player_choice":"Fought Nobs","damage_taken":0,"max_hp_gain":0,"max_hp_loss":0,"event_name":"Colosseum","floor":25,"gold_loss":0},{"damage_healed":0,"gold_gain":0,"player_choice":"Simplicity","damage_taken":0,"max_hp_gain":0,"max_hp_loss":0,"event_name":"Back to Basics","floor":29,"gold_loss":0,"cards_upgraded":["Strike_R","Strike_R","Strike_R","Defend_R","Defend_R","Defend_R","Defend_R"]},{"damage_healed":0,"gold_gain":0,"player_choice":"Max HP","damage_taken":0,"max_hp_gain":0,"max_hp_loss":5,"event_name":"Winding Halls","floor":37,"gold_loss":0},{"damage_healed":0,"gold_gain":222,"player_choice":"Wore Mask","damage_taken":0,"max_hp_gain":0,"max_hp_loss":0,"event_name":"Tomb of Lord Red Mask","floor":38,"gold_loss":0},{"damage_healed":0,"gold_gain":0,"player_choice":"Copied","damage_taken":0,"max_hp_gain":0,"max_hp_loss":0,"event_name":"Duplicator","floor":47,"gold_loss":0,"cards_obtained":["Battle Trance"]}],"is_beta":false,"boss_relics":[{"not_picked":["Pandora\u0027s Box","Empty Cage"],"picked":"Velvet Choker"},{"not_picked":["Eternal Feather","Astrolabe"],"picked":"Orrery"}],"items_purged_floors":[14,20],"is_endless":false,"potions_floor_spawned":[2,7,10,22,25,27,33,35,39,41,44],"killed_by":"Donu and Deca","ascension_level":20}