{"gold_per_floor":[114,114,126,146,73,73,100,116,116,116,116],"floor_reached":11,"playtime":1154,"items_purged":[],"score":95,"play_id":"155bd1d8-fb1e-4d53-ac92-17c8721dae7d","local_time":"20180916120103","is_ascension_mode":true,"campfire_choices":[{"data":"Endless Agony","floor":6,"key":"SMITH"}],"neow_cost":"","seed_source_timestamp":446284221965133,"circlet_count":0,"master_deck":["Defend_G","Defend_G","Defend_G","Defend_G+1","Defend_G","Strike_G","Strike_G","Strike_G+1","Strike_G","Strike_G","Survivor","Neutralize","Catalyst","Caltrops","Endless Agony+1","Catalyst","Doppelganger","Outmaneuver"],"relics":["Ring of the Snake","Mercury Hourglass","Frozen Egg 2"],"potions_floor_usage":[10,10,11],"damage_taken":[{"damage":1,"enemies":"Small Slimes","floor":1,"turns":4},{"damage":1,"enemies":"2 Louse","floor":3,"turns":3},{"damage":3,"enemies":"Jaw Worm","floor":4,"turns":4},{"damage":29,"enemies":"3 Sentries","floor":7,"turns":11},{"damage":10,"enemies":"Exordium Thugs","floor":8,"turns":4},{"damage":10,"enemies":"Lagavulin","floor":10,"turns":3},{"damage":6,"enemies":"Gremlin Gang","floor":11,"turns":1}],"seed_played":"5130335200759404122","potions_obtained":[{"floor":1,"key":"SmokeBomb"},{"floor":3,"key":"SkillPotion"},{"floor":7,"key":"EssenceOfSteel"}],"is_trial":false,"path_per_floor":["M","?","M","M","$","R","E","M","T","E"],"character_chosen":"THE_SILENT","items_purchased":["Catalyst"],"campfire_rested":0,"item_purchase_floors":[5],"current_hp_per_floor":[69,55,54,51,51,51,22,12,12,2,0],"gold":116,"neow_bonus":"","is_prod":false,"is_daily":false,"chose_seed":false,"campfire_upgraded":1,"win_rate":0,"timestamp":1537117263,"path_taken":["M","?","M","M","$","R","E","M","T","E","?"],"build_version":"2018-09-06","purchased_purges":0,"victory":false,"max_hp_per_floor":[70,70,70,70,70,70,70,70,70,70,70],"card_choices":[{"not_picked":["Poisoned Stab","Riddle With Holes"],"picked":"Catalyst","floor":1},{"not_picked":["All Out Attack","Bane"],"picked":"Caltrops","floor":3},{"not_picked":["Accuracy","Quick Slash"],"picked":"Endless Agony","floor":4},{"not_picked":["Outmaneuver","Blur"],"picked":"Doppelganger","floor":7},{"not_picked":["Reflex","Accuracy"],"picked":"Outmaneuver","floor":8}],"player_experience":359796,"relics_obtained":[{"floor":7,"key":"Mercury Hourglass"},{"floor":9,"key":"Frozen Egg 2"}],"event_choices":[{"event_name":"Shining Light","player_choice":"Entered Light","floor":2,"damage_taken":0}],"is_beta":false,"boss_relics":[],"items_purged_floors":[],"is_endless":false,"potions_floor_spawned":[1,3,7,10],"killed_by":"Gremlin Gang","ascension_level":3}