{"gold_per_floor":[115,131,143,143,143,176,176,210,237,276,295,336,3,68,68,187,187,202,175,175],"floor_reached":20,"playtime":1224,"items_purged":[],"score":265,"play_id":"ab01563b-bd40-4b0e-b9eb-8456628e619f","local_time":"20180727004059","is_ascension_mode":true,"campfire_choices":[{"floor":15,"key":"REST"}],"neow_cost":"NONE","seed_source_timestamp":304659272353112,"circlet_count":0,"master_deck":["Strike_R","Strike_R","Strike_R","Strike_R","Defend_R","Defend_R+1","Defend_R+1","Bash","Flame Barrier","Rampage","Headbutt","Iron Wave","Iron Wave","Limit Break","Body Slam","Sever Soul","Ghostly Armor","Impervious","Pommel Strike"],"relics":["Burning Blood","War Paint","Golden Idol","Bag of Marbles","Centennial Puzzle","Ancient Tea Set","Torii","Girya","Tiny Chest","Eternal Feather"],"potions_floor_usage":[6,10,10,10,12,20],"damage_taken":[{"damage":4,"enemies":"Jaw Worm","floor":1,"turns":6},{"damage":0,"enemies":"2 Louse","floor":2,"turns":3},{"damage":0,"enemies":"Small Slimes","floor":3,"turns":3},{"damage":9,"enemies":"Gremlin Nob","floor":6,"turns":4},{"damage":7,"enemies":"3 Sentries","floor":8,"turns":7},{"damage":11,"enemies":"Gremlin Nob","floor":10,"turns":3},{"damage":0,"enemies":"Looter","floor":11,"turns":3},{"damage":30,"enemies":"Lagavulin","floor":12,"turns":8},{"damage":17,"enemies":"Gremlin Nob","floor":14,"turns":4},{"damage":56,"enemies":"Hexaghost","floor":16,"turns":12},{"damage":24,"enemies":"Chosen","floor":18,"turns":5},{"damage":22,"enemies":"2 Thieves","floor":19,"turns":5},{"damage":39,"enemies":"3 Cultists","floor":20,"turns":5}],"seed_played":"4316856839167367067","potions_obtained":[{"floor":1,"key":"FearPotion"},{"floor":6,"key":"GamblersBrew"},{"floor":11,"key":"Dexterity Potion"},{"floor":19,"key":"Fruit Juice"}],"is_trial":false,"path_per_floor":["M","M","M","?","?","E","?","E","T","E","M","E","$","E","R","B",null,"M","M"],"character_chosen":"IRONCLAD","items_purchased":["Girya","Sever Soul"],"campfire_rested":1,"item_purchase_floors":[13,13],"current_hp_per_floor":[80,80,80,73,73,70,70,69,69,64,70,46,46,35,57,7,57,39,23,0],"gold":175,"neow_bonus":"THREE_SMALL_POTIONS","is_prod":false,"is_daily":false,"chose_seed":false,"campfire_upgraded":0,"win_rate":0,"timestamp":1532677259,"path_taken":["M","M","M","?","?","E","?","E","T","E","M","E","$","E","R","BOSS","M","M","?"],"build_version":"2018-07-26","purchased_purges":0,"victory":false,"max_hp_per_floor":[80,80,80,80,80,80,74,74,74,74,74,74,74,74,74,74,74,74,74,79],"card_choices":[{"not_picked":["Warcry","Fire Breathing"],"picked":"Flame Barrier","floor":1},{"not_picked":["Flex","Dual Wield"],"picked":"Rampage","floor":2},{"not_picked":["Entrench","Spot Weakness"],"picked":"Headbutt","floor":3},{"not_picked":["Sword Boomerang","Body Slam"],"picked":"Iron Wave","floor":6},{"not_picked":["Armaments","Feel No Pain"],"picked":"Iron Wave","floor":8},{"not_picked":["Wild Strike","Body Slam"],"picked":"Limit Break","floor":10},{"not_picked":["Heavy Blade","Rage","Wild Strike"],"picked":"SKIP","floor":11},{"not_picked":["Power Through","Cleave"],"picked":"Body Slam","floor":12},{"not_picked":["Perfected Strike","Thunderclap"],"picked":"Ghostly Armor","floor":14},{"not_picked":["Brutality","Fiend Fire"],"picked":"Impervious","floor":16},{"not_picked":["Dual Wield","Headbutt+1"],"picked":"Pommel Strike","floor":18},{"not_picked":["Uppercut","Twin Strike","Cleave+1"],"picked":"SKIP","floor":19}],"player_experience":208258,"relics_obtained":[{"floor":6,"key":"War Paint"},{"floor":8,"key":"Bag of Marbles"},{"floor":9,"key":"Centennial Puzzle"},{"floor":10,"key":"Ancient Tea Set"},{"floor":12,"key":"Torii"},{"floor":14,"key":"Tiny Chest"}],"event_choices":[{"event_name":"Golden Wing","player_choice":"Card Removal","floor":4,"damage_taken":0},{"event_name":"Living Wall","player_choice":"Forget","floor":5,"damage_taken":0},{"event_name":"Golden Idol","player_choice":"Lose Max HP","floor":7,"damage_taken":0}],"is_beta":false,"boss_relics":[{"not_picked":["Cursed Key","Busted Crown"],"picked":"Eternal Feather"}],"items_purged_floors":[],"is_endless":false,"potions_floor_spawned":[1,3,6,11,19],"killed_by":"3 Cultists","ascension_level":5}