{"gold_per_floor":[117,117,130,130,150,150,175,185,239,239],"floor_reached":10,"playtime":448,"items_purged":[],"score":136,"play_id":"25caf201-3ebe-47da-ac7d-a75a4e8527cc","local_time":"20190406021002","is_ascension_mode":true,"campfire_choices":[{"data":"All Out Attack","floor":6,"key":"SMITH"}],"neow_cost":"NONE","seed_source_timestamp":92020415643500,"circlet_count":0,"master_deck":["AscendersBane","Defend_G","Defend_G","Defend_G","Defend_G","Defend_G","Strike_G","Strike_G","Strike_G","Strike_G","Strike_G","Survivor","Neutralize+1","Quick Slash","Footwork","All Out Attack+1","Malaise","Blur"],"relics":["Ring of the Snake","Darkstone Periapt","Smiling Mask"],"potions_floor_usage":[10],"damage_taken":[{"damage":1,"enemies":"Small Slimes","floor":1,"turns":5},{"damage":0,"enemies":"2 Louse","floor":3,"turns":5},{"damage":6,"enemies":"Cultist","floor":5,"turns":5},{"damage":33,"enemies":"3 Sentries","floor":7,"turns":7},{"damage":12,"enemies":"3 Louse","floor":8,"turns":3},{"damage":35,"enemies":"Gremlin Nob","floor":10,"turns":4}],"seed_played":"7135015334847761298","potions_obtained":[{"floor":5,"key":"EssenceOfSteel"},{"floor":7,"key":"Weak Potion"}],"is_trial":false,"path_per_floor":["M","?","M","?","M","R","E","M","T","E"],"character_chosen":"THE_SILENT","items_purchased":[],"campfire_rested":0,"item_purchase_floors":[],"current_hp_per_floor":[64,69,69,69,63,63,30,18,18,0],"gold":239,"neow_bonus":"TEN_PERCENT_HP_BONUS","is_prod":false,"is_daily":false,"chose_seed":false,"campfire_upgraded":1,"win_rate":0,"timestamp":1554531002,"path_taken":["M","?","M","?","M","R","E","M","T","E"],"build_version":"2019-01-23","purchased_purges":0,"victory":false,"max_hp_per_floor":[72,77,77,77,77,77,77,77,77,77],"card_choices":[{"not_picked":["Prepared","Underhanded Strike"],"picked":"Quick Slash","floor":1},{"not_picked":["Setup","Infinite Blades"],"picked":"Footwork","floor":3},{"not_picked":["Catalyst","Backflip"],"picked":"All Out Attack","floor":5},{"not_picked":["Riddle With Holes","Flying Knee"],"picked":"Malaise","floor":7},{"not_picked":["Bane","Deflect"],"picked":"Blur","floor":8}],"player_experience":826770,"relics_obtained":[{"floor":7,"key":"Darkstone Periapt"},{"floor":9,"key":"Smiling Mask"}],"event_choices":[{"damage_healed":0,"gold_gain":0,"player_choice":"Donut","damage_taken":0,"max_hp_gain":5,"max_hp_loss":0,"event_name":"Big Fish","floor":2,"gold_loss":0},{"damage_healed":0,"gold_gain":0,"player_choice":"Grow","damage_taken":0,"max_hp_gain":0,"max_hp_loss":0,"event_name":"Living Wall","floor":4,"gold_loss":0,"cards_upgraded":["Neutralize"]}],"is_beta":false,"boss_relics":[],"items_purged_floors":[],"is_endless":false,"potions_floor_spawned":[5,7],"killed_by":"Gremlin Nob","ascension_level":20}