{"gold_per_floor":[363,363,381,252,272,306,306,306,306,321,352,352,378,438,438,543,543,563,578,592,86,86],"floor_reached":22,"playtime":2941,"items_purged":["Decay","Strike_B"],"score":326,"play_id":"2b6de184-89b0-4967-8aea-22cbc1ccaca5","local_time":"20190324122546","is_ascension_mode":true,"campfire_choices":[{"floor":7.0,"key":"REST"},{"floor":15.0,"key":"REST"}],"neow_cost":"CURSE","seed_source_timestamp":0,"circlet_count":0,"master_deck":["AscendersBane","Strike_B","Strike_B+1","Strike_B","Defend_B","Defend_B","Defend_B","Defend_B","Zap+1","Dualcast","Rebound","Compile Driver","Go for the Eyes+1","Streamline","FTL","Electrodynamics","Static Discharge","Coolheaded","Hyperbeam","Turbo","Steam","Coolheaded+1","Steam","Turbo"],"special_seed":0,"relics":["Cracked Core","Centennial Puzzle","Bottled Flame","Ice Cream","Frozen Egg 2","Blood Vial","Inserter","Incense Burner"],"potions_floor_usage":[20,22],"damage_taken":[{"damage":0.0,"enemies":"Small Slimes","floor":1.0,"turns":3.0},{"damage":1.0,"enemies":"2 Louse","floor":3.0,"turns":3.0},{"damage":7.0,"enemies":"Jaw Worm","floor":5.0,"turns":2.0},{"damage":25.0,"enemies":"Lagavulin","floor":6.0,"turns":5.0},{"damage":0.0,"enemies":"Large Slime","floor":10.0,"turns":4.0},{"damage":10.0,"enemies":"3 Sentries","floor":11.0,"turns":3.0},{"damage":12.0,"enemies":"Gremlin Nob","floor":13.0,"turns":3.0},{"damage":13.0,"enemies":"Gremlin Nob","floor":14.0,"turns":3.0},{"damage":24.0,"enemies":"Hexaghost","floor":16.0,"turns":8.0},{"damage":24.0,"enemies":"Spheric Guardian","floor":18.0,"turns":4.0},{"damage":22,"enemies":"2 Thieves","floor":19,"turns":2},{"damage":16,"enemies":"Cultist and Chosen","floor":20,"turns":7},{"damage":10,"enemies":"Snecko","floor":22,"turns":3}],"seed_played":"1912258722611939955","potions_obtained":[{"floor":1.0,"key":"AttackPotion"},{"floor":3.0,"key":"FocusPotion"},{"floor":13.0,"key":"PowerPotion"},{"floor":16.0,"key":"Strength Potion"},{"floor":18.0,"key":"Ancient Potion"},{"floor":20,"key":"Poison Potion"}],"is_trial":false,"path_per_floor":["M","?","M","$","M","E","R","?","T","M","E","?","E","?","R","B",null,"M","M","M","$","M"],"character_chosen":"DEFECT","items_purchased":["Go for the Eyes","Incense Burner","Steam","Turbo"],"campfire_rested":2,"item_purchase_floors":[4,21,21,21],"current_hp_per_floor":[68,53,52,52,45,20,42,42,42,42,32,32,20,7,29,7,58,36,16,2,2,0],"gold":86,"neow_bonus":"TWO_FIFTY_GOLD","is_prod":false,"is_daily":false,"chose_seed":false,"campfire_upgraded":0,"win_rate":0,"timestamp":1553444746,"path_taken":["M","?","M","$","M","E","R","?","T","M","E","?","E","?","R","BOSS","M","M","M","$","M"],"build_version":"2019-01-23","purchased_purges":2,"victory":false,"max_hp_per_floor":[75,75,75,75,75,75,75,75,75,75,75,75,75,75,75,75,75,75,75,75,75,75],"card_choices":[{"not_picked":["Gash","Double Energy"],"picked":"Rebound","floor":1.0},{"not_picked":["Force Field","Reprogram"],"picked":"Compile Driver","floor":3.0},{"not_picked":["Tempest","Gash"],"picked":"Streamline","floor":5.0},{"not_picked":["Stack","Redo"],"picked":"FTL","floor":6.0},{"not_picked":["Chill","Cold Snap"],"picked":"Electrodynamics","floor":10.0},{"not_picked":["Chill","Loop"],"picked":"Static Discharge","floor":11.0},{"not_picked":["Recycle","Blizzard","Amplify"],"picked":"SKIP","floor":13.0},{"not_picked":["Compile Driver","Rip and Tear"],"picked":"Coolheaded","floor":14.0},{"not_picked":["Machine Learning+1","Electrodynamics+1"],"picked":"Hyperbeam","floor":16.0},{"not_picked":["Undo","Stack"],"picked":"Turbo","floor":18.0},{"not_picked":["Melter","Rip and Tear"],"picked":"Steam","floor":19},{"not_picked":["Tempest","Rebound"],"picked":"Coolheaded+1","floor":20}],"player_experience":1997789,"relics_obtained":[{"floor":6.0,"key":"Centennial Puzzle"},{"floor":9.0,"key":"Bottled Flame"},{"floor":11.0,"key":"Ice Cream"},{"floor":13.0,"key":"Frozen Egg 2"},{"floor":14.0,"key":"Blood Vial"}],"event_choices":[{"damage_healed":0.0,"max_hp_gain":0.0,"max_hp_loss":0.0,"gold_gain":0.0,"event_name":"Shining Light","player_choice":"Entered Light","floor":2.0,"gold_loss":0.0,"damage_taken":15.0,"cards_upgraded":["Zap","Strike_B"]},{"damage_healed":0.0,"max_hp_gain":0.0,"max_hp_loss":0.0,"gold_gain":0.0,"event_name":"Living Wall","player_choice":"Grow","floor":8.0,"gold_loss":0.0,"damage_taken":0.0,"cards_upgraded":["Go for the Eyes"]},{"damage_healed":0.0,"max_hp_gain":0.0,"max_hp_loss":0.0,"gold_gain":0.0,"event_name":"Liars Game","player_choice":"Ignored","floor":12.0,"gold_loss":0.0,"damage_taken":0.0},{"damage_healed":0.0,"max_hp_gain":0.0,"max_hp_loss":0.0,"gold_gain":30.0,"event_name":"Dead Adventurer","player_choice":"Searched \u00273\u0027 times","floor":14.0,"gold_loss":0.0,"damage_taken":0.0}],"is_beta":false,"boss_relics":[{"not_picked":["Runic Pyramid","Lizard Tail"],"picked":"Inserter"}],"items_purged_floors":[4,21],"is_endless":false,"potions_floor_spawned":[1,3,13,16,18,20],"killed_by":"Snecko","ascension_level":12}