{"gold_per_floor":[114,129,204,220,220,220,236,236,313,313,333,333,44,75,87,170,182,182,32,32,32,32,32,32,32,32,32,32,32,32,32,32,32,32,32,32,32,32,32,32,32,32,32,32,32,32,32,32,32,32],"floor_reached":51,"playtime":3998,"items_purged":["Strike_B"],"score":1332,"play_id":"3c125df6-36f5-45a7-b5a5-434b35e838fc","local_time":"20180815234255","is_ascension_mode":true,"campfire_choices":[{"data":"Streamline","floor":6.0,"key":"SMITH"},{"data":"All For One","floor":10.0,"key":"SMITH"},{"data":"Steam","floor":12.0,"key":"SMITH"},{"data":"Go for the Eyes","floor":15.0,"key":"SMITH"},{"floor":24.0,"key":"REST"},{"data":"Go for the Eyes","floor":28.0,"key":"SMITH"},{"floor":32,"key":"REST"},{"floor":41,"key":"REST"},{"floor":45,"key":"REST"},{"floor":49,"key":"REST"}],"neow_cost":"NONE","seed_source_timestamp":2026302120459994,"circlet_count":0,"master_deck":["Strike_B","Strike_B","Strike_B","Defend_B","Defend_B","Defend_B","Defend_B","Zap+1","Dualcast","AscendersBane","Steam+1","Streamline+1","All For One+1","FTL","Compile Driver","Go for the Eyes+1","All For One","Streamline+1","Glacier+1","Compile Driver","Go for the Eyes+1","Compile Driver+1","Reinforced Body+1","Conserve Battery+1","Chill+1","Defragment+1","Electrodynamics+1","Compile Driver","Steam+1","Stack+1","BootSequence+1"],"special_seed":0,"relics":["Cracked Core","Happy Flower","Toxic Egg 2","Turnip","MawBank","Ectoplasm","Frozen Egg 2","Centennial Puzzle","Cables","Ice Cream","Fusion Hammer","Mango","Sundial","Pen Nib","Symbiotic Virus","Bird Faced Urn","FaceOfCleric","Potion Belt"],"potions_floor_usage":[29,33,36,44,44,50],"damage_taken":[{"damage":2.0,"enemies":"Jaw Worm","floor":1.0,"turns":3.0},{"damage":0.0,"enemies":"Small Slimes","floor":2.0,"turns":4.0},{"damage":0.0,"enemies":"Cultist","floor":4.0,"turns":3.0},{"damage":29.0,"enemies":"Gremlin Gang","floor":7.0,"turns":5.0},{"damage":0.0,"enemies":"Large Slime","floor":11.0,"turns":3.0},{"damage":18.0,"enemies":"Gremlin Nob","floor":14.0,"turns":3.0},{"damage":7.0,"enemies":"Hexaghost","floor":16.0,"turns":8.0},{"damage":0.0,"enemies":"Chosen","floor":18.0,"turns":3.0},{"damage":6.0,"enemies":"Shell Parasite","floor":20.0,"turns":4.0},{"damage":8.0,"enemies":"Sentry and Sphere","floor":21.0,"turns":5.0},{"damage":0.0,"enemies":"Chosen and Byrds","floor":22.0,"turns":5.0},{"damage":13.0,"enemies":"Slavers","floor":23.0,"turns":5.0},{"damage":8.0,"enemies":"Gremlin Leader","floor":25.0,"turns":6.0},{"damage":4.0,"enemies":"Cultist and Chosen","floor":27.0,"turns":4.0},{"damage":11,"enemies":"Slavers","floor":29,"turns":4},{"damage":6,"enemies":"Snake Plant","floor":30,"turns":4},{"damage":36,"enemies":"Automaton","floor":33,"turns":9},{"damage":0,"enemies":"3 Shapes","floor":35,"turns":5},{"damage":0,"floor":36,"turns":7},{"damage":3,"enemies":"Flame Bruiser 1 Orb","floor":37,"turns":4},{"damage":0,"enemies":"3 Darklings","floor":38,"turns":4},{"damage":0,"enemies":"Flame Bruiser 2 Orb","floor":39,"turns":3},{"damage":3,"enemies":"Giant Head","floor":40,"turns":9},{"damage":23,"enemies":"Nemesis","floor":42,"turns":5},{"damage":9,"enemies":"Giant Head","floor":44,"turns":6},{"damage":3,"enemies":"2 Orb Walkers","floor":47,"turns":4},{"damage":0,"enemies":"Maw","floor":48,"turns":5},{"damage":38,"enemies":"Donu and Deca","floor":50,"turns":8}],"seed_played":"-1168407955909188170","potions_obtained":[{"floor":1.0,"key":"Dexterity Potion"},{"floor":7.0,"key":"SteroidPotion"},{"floor":16.0,"key":"EssenceOfSteel"},{"floor":25.0,"key":"SmokeBomb"},{"floor":27.0,"key":"FearPotion"},{"floor":30,"key":"EssenceOfSteel"},{"floor":33,"key":"SkillPotion"},{"floor":39,"key":"SmokeBomb"},{"floor":40,"key":"FearPotion"},{"floor":42,"key":"SkillPotion"},{"floor":48,"key":"LiquidBronze"}],"is_trial":false,"path_per_floor":["M","M","?","M","?","R","M","?","T","R","M","R","$","E","R","B",null,"M","$","M","M","M","E","R","E","T","M","R","E","M","$","R","B",null,"M","?","M","M","M","E","R","E","T","E","R","?","E","M","R","B"],"character_chosen":"DEFECT","items_purchased":["Turnip","Glacier+1"],"campfire_rested":5,"item_purchase_floors":[13,19],"current_hp_per_floor":[66,66,55,55,55,55,26,26,26,26,26,26,26,8,8,1,57,57,57,51,43,43,30,52,44,44,40,40,29,23,23,45,9,59,59,73,70,70,70,67,89,66,66,57,83,83,85,90,91,54],"gold":32,"neow_bonus":"RANDOM_COMMON_RELIC","is_prod":false,"is_daily":false,"chose_seed":false,"campfire_upgraded":5,"win_rate":0,"timestamp":1534401775,"path_taken":["M","M","?","M","?","R","M","?","T","R","M","R","$","E","R","BOSS","M","?","M","M","?","E","R","E","T","M","R","E","M","$","R","BOSS","M","?","?","M","M","E","R","E","T","E","R","?","E","M","R","BOSS"],"build_version":"2018-08-09","purchased_purges":1,"victory":true,"max_hp_per_floor":[75,75,75,75,75,75,75,75,75,75,75,75,75,75,75,75,75,75,75,75,75,75,75,75,75,75,75,75,75,75,75,75,75,75,75,89,89,89,89,89,89,89,89,89,89,89,90,91,91,92],"card_choices":[{"not_picked":["Aggregate","Stack"],"picked":"Steam","floor":1.0},{"not_picked":["Sweeping Beam","Steam"],"picked":"Streamline","floor":2.0},{"not_picked":["Glacier","Stack"],"picked":"All For One","floor":4.0},{"not_picked":["Gash","Sweeping Beam"],"picked":"FTL","floor":7.0},{"not_picked":["Sweeping Beam","Steam+1"],"picked":"Compile Driver","floor":11.0},{"not_picked":["Sweeping Beam","Static Discharge"],"picked":"Go for the Eyes","floor":14.0},{"not_picked":["Hyperbeam","Core Surge"],"picked":"All For One","floor":16.0},{"not_picked":["Static Discharge","Stack+1"],"picked":"Streamline+1","floor":18.0},{"not_picked":["Leap+1","Recycle+1"],"picked":"Compile Driver","floor":20.0},{"not_picked":["Sweeping Beam","Rebound+1"],"picked":"Go for the Eyes","floor":21.0},{"not_picked":["Beam Cell","Go for the Eyes+1"],"picked":"Compile Driver+1","floor":22.0},{"not_picked":["Fusion+1","Cold Snap"],"picked":"Reinforced Body+1","floor":23.0},{"not_picked":["Aggregate+1","Heatsinks+1","Rip and Tear"],"picked":"SKIP","floor":25.0},{"not_picked":["Leap+1","Sweeping Beam"],"picked":"Conserve Battery+1","floor":27.0},{"not_picked":["Doom and Gloom","Thunder Strike"],"picked":"Chill+1","floor":29},{"not_picked":["Steam+1","Reinforced Body+1"],"picked":"Defragment+1","floor":30},{"not_picked":["Thunder Strike","Fission+1"],"picked":"Electrodynamics+1","floor":33},{"not_picked":["Sweeping Beam+1","Ball Lightning"],"picked":"Compile Driver","floor":35},{"not_picked":["Rainbow+1","Blizzard","Gash"],"picked":"SKIP","floor":37},{"not_picked":["Compile Driver","Streamline"],"picked":"Steam+1","floor":38},{"not_picked":["Fusion+1","Double Energy+1"],"picked":"Stack+1","floor":39},{"not_picked":["Steam Power+1","Steam+1","Redo+1"],"picked":"SKIP","floor":40},{"not_picked":["Steam+1","Streamline","Cold Snap+1"],"picked":"SKIP","floor":42},{"not_picked":["Chaos+1","Rebound+1"],"picked":"BootSequence+1","floor":44},{"not_picked":["Force Field+1","Rainbow+1","Ball Lightning"],"picked":"SKIP","floor":47},{"not_picked":["Steam+1","Rebound","Beam Cell"],"picked":"SKIP","floor":48}],"player_experience":467699,"relics_obtained":[{"floor":9.0,"key":"Toxic Egg 2"},{"floor":14.0,"key":"MawBank"},{"floor":23.0,"key":"Frozen Egg 2"},{"floor":25.0,"key":"Centennial Puzzle"},{"floor":26.0,"key":"Cables"},{"floor":29,"key":"Ice Cream"},{"floor":36,"key":"Mango"},{"floor":40,"key":"Sundial"},{"floor":42,"key":"Pen Nib"},{"floor":43,"key":"Symbiotic Virus"},{"floor":44,"key":"Bird Faced Urn"},{"floor":47,"key":"Potion Belt"}],"event_choices":[{"event_name":"World of Goop","player_choice":"Gather Gold","floor":3.0,"damage_taken":0.0},{"event_name":"The Woman in Blue","player_choice":"Bought 0 Potions","floor":5.0,"damage_taken":0.0},{"event_name":"Accursed Blacksmith","player_choice":"Forge","floor":8.0,"damage_taken":0.0},{"event_name":"MindBloom","player_choice":"Fight","floor":36,"damage_taken":0},{"event_name":"FaceTrader","player_choice":"Trade","floor":46,"damage_taken":0}],"is_beta":false,"boss_relics":[{"not_picked":["Tiny House","Runic Dome"],"picked":"Ectoplasm"},{"not_picked":["Orrery","Eternal Feather"],"picked":"Fusion Hammer"}],"items_purged_floors":[19],"is_endless":false,"potions_floor_spawned":[1,7,16,25,27,30,33,39,40,42,48],"ascension_level":13}