{"gold_per_floor":[113,188,188,9,9,44,44,25,25,25,41,76,76,251,251,251],"floor_reached":16,"playtime":1023,"items_purged":[],"score":161,"play_id":"b5126e7c-9686-4ec9-98d9-a9c8b633bfad","local_time":"20190105205816","is_ascension_mode":true,"campfire_choices":[{"data":"Eviscerate","floor":7,"key":"SMITH"},{"data":"Cloak And Dagger","floor":15,"key":"SMITH"}],"neow_cost":"NONE","seed_source_timestamp":232608607019367,"circlet_count":0,"master_deck":["Defend_G","Defend_G","Defend_G","Defend_G","Defend_G","Strike_G","Strike_G","Strike_G","Strike_G","Survivor","Neutralize","Eviscerate+1","Tactician","Deadly Poison+1","Poisoned Stab","Quick Slash","Dagger Throw","Riddle With Holes","Cloak And Dagger+1","Doubt"],"relics":["Ring of the Snake","NeowsBlessing","Art of War","The Courier","Pear","Meat on the Bone"],"potions_floor_usage":[16],"damage_taken":[{"damage":0,"enemies":"Cultist","floor":1,"turns":1},{"damage":0,"enemies":"3 Sentries","floor":6,"turns":2},{"damage":0,"enemies":"Small Slimes","floor":11,"turns":1},{"damage":21,"enemies":"Lagavulin","floor":12,"turns":6},{"damage":49,"enemies":"The Guardian","floor":16,"turns":8}],"seed_played":"8005587154773963861","potions_obtained":[{"floor":1,"key":"Swift Potion"},{"floor":6,"key":"FearPotion"},{"floor":12,"key":"AttackPotion"}],"is_trial":false,"path_per_floor":["M","?","?","$","?","E","R","$","T","?","M","E","?","?","R","B"],"character_chosen":"THE_SILENT","items_purchased":["Tactician","Deadly Poison","Poisoned Stab","Dagger Throw"],"campfire_rested":0,"item_purchase_floors":[4,4,4,8],"current_hp_per_floor":[70,59,56,56,56,56,56,56,66,66,66,45,45,45,45,0],"gold":251,"neow_bonus":"THREE_ENEMY_KILL","is_prod":false,"is_daily":false,"chose_seed":false,"campfire_upgraded":2,"win_rate":0,"timestamp":1546743496,"path_taken":["M","?","?","$","?","E","R","?","T","?","?","E","?","?","R","BOSS"],"build_version":"2019-01-03v4","purchased_purges":0,"victory":false,"max_hp_per_floor":[70,70,70,70,70,70,70,70,80,80,80,80,80,80,80,80],"card_choices":[{"not_picked":["PiercingWail","Flying Knee"],"picked":"Eviscerate","floor":1},{"not_picked":["PiercingWail","Expertise"],"picked":"Quick Slash","floor":6},{"not_picked":["Dagger Spray","Dash"],"picked":"Riddle With Holes","floor":11},{"not_picked":["Sucker Punch","Blade Dance"],"picked":"Cloak And Dagger","floor":12}],"player_experience":681001,"relics_obtained":[{"floor":6,"key":"The Courier"},{"floor":9,"key":"Pear"},{"floor":12,"key":"Meat on the Bone"}],"event_choices":[{"damage_healed":0,"gold_gain":75,"player_choice":"Gather Gold","damage_taken":11,"max_hp_gain":0,"max_hp_loss":0,"event_name":"World of Goop","floor":2,"gold_loss":0},{"damage_healed":0,"gold_gain":0,"player_choice":"Success","damage_taken":3,"relics_obtained":["Art of War"],"max_hp_gain":0,"max_hp_loss":0,"event_name":"Scrap Ooze","floor":3,"gold_loss":0},{"cards_removed":["Strike_G"],"damage_healed":0,"gold_gain":0,"player_choice":"Forget","damage_taken":0,"max_hp_gain":0,"max_hp_loss":0,"event_name":"Living Wall","floor":5,"gold_loss":0},{"damage_healed":0,"gold_gain":0,"player_choice":"Forge","damage_taken":0,"max_hp_gain":0,"max_hp_loss":0,"event_name":"Accursed Blacksmith","floor":10,"gold_loss":0,"cards_upgraded":["Deadly Poison"]},{"damage_healed":0,"gold_gain":0,"player_choice":"Ignored","damage_taken":0,"max_hp_gain":0,"max_hp_loss":0,"event_name":"Golden Idol","floor":13,"gold_loss":0},{"damage_healed":0,"gold_gain":175,"player_choice":"AGREE","damage_taken":0,"max_hp_gain":0,"max_hp_loss":0,"event_name":"Liars Game","floor":14,"gold_loss":0,"cards_obtained":["Doubt"]}],"is_beta":false,"boss_relics":[],"items_purged_floors":[],"is_endless":false,"potions_floor_spawned":[1,6,12],"killed_by":"The Guardian","ascension_level":5}