{"gold_per_floor":[218,236,55,55,73,73,92,92,92,110,130,159,159,186,186,260,260,270,270,289,289,289,289,304,314,314,314,348,363,374,27,27,105,105,123,123,137,155,169,169,94,369,369,369,429,429,429,53,53,53],"floor_reached":50,"playtime":3383,"items_purged":["Strike_R","Regret"],"score":929,"play_id":"32f029ac-491b-4944-b406-dcb400ceacc9","local_time":"20180826010802","is_ascension_mode":true,"campfire_choices":[{"data":"Bash","floor":6.0,"key":"SMITH"},{"data":"Shockwave","floor":8.0,"key":"SMITH"},{"data":"Blood for Blood","floor":13.0,"key":"SMITH"},{"data":"Immolate","floor":15.0,"key":"SMITH"},{"data":"True Grit","floor":23.0,"key":"SMITH"},{"floor":27.0,"key":"REST"},{"floor":32.0,"key":"REST"},{"data":"Demon Form","floor":40.0,"key":"SMITH"},{"floor":44.0,"key":"REST"},{"floor":49,"key":"REST"}],"neow_cost":"NONE","seed_source_timestamp":0,"circlet_count":0,"master_deck":["Strike_R","Strike_R","Strike_R","Strike_R","Defend_R","Defend_R","Defend_R","Bash+1","AscendersBane","Clothesline+1","Anger","Second Wind","Shockwave+1","Thunderclap","Blood for Blood+1","Clothesline","Immolate+1","Demon Form+1","True Grit+1","Flame Barrier+1","Cleave","True Grit","Disarm","Reaper","Shrug It Off","Violence","Panacea","Clothesline","Flame Barrier"],"special_seed":0,"relics":["Black Blood","Anchor","Calipers","Nunchaku","Meat on the Bone","Cursed Key","NlothsMask","Charon\u0027s Ashes","Champion Belt","Tiny Chest","Strange Spoon"],"potions_floor_usage":[50,50],"damage_taken":[{"damage":1.0,"enemies":"Cultist","floor":1.0,"turns":3.0},{"damage":11.0,"enemies":"Small Slimes","floor":2.0,"turns":5.0},{"damage":0.0,"enemies":"Jaw Worm","floor":5.0,"turns":4.0},{"damage":11.0,"enemies":"Exordium Wildlife","floor":7.0,"turns":4.0},{"damage":3.0,"enemies":"Looter","floor":10.0,"turns":3.0},{"damage":9.0,"enemies":"3 Louse","floor":11.0,"turns":4.0},{"damage":10.0,"enemies":"Lagavulin","floor":12.0,"turns":6.0},{"damage":18.0,"enemies":"Gremlin Nob","floor":14.0,"turns":4.0},{"damage":28.0,"enemies":"Slime Boss","floor":16.0,"turns":8.0},{"damage":21.0,"enemies":"Shell Parasite","floor":18.0,"turns":3.0},{"damage":14.0,"enemies":"3 Byrds","floor":20.0,"turns":5.0},{"damage":15.0,"enemies":"Snake Plant","floor":24.0,"turns":4.0},{"damage":30.0,"enemies":"Cultist and Chosen","floor":25.0,"turns":5.0},{"damage":29.0,"enemies":"Book of Stabbing","floor":28.0,"turns":5.0},{"damage":6.0,"enemies":"Snecko","floor":29.0,"turns":5.0},{"damage":23.0,"enemies":"Chosen and Byrds","floor":30.0,"turns":4.0},{"damage":46.0,"enemies":"Collector","floor":33.0,"turns":10.0},{"damage":17.0,"enemies":"Orb Walker","floor":35.0,"turns":4.0},{"damage":8.0,"enemies":"3 Shapes","floor":37.0,"turns":6.0},{"damage":35.0,"enemies":"3 Darklings","floor":38.0,"turns":5.0},{"damage":51.0,"enemies":"Sphere and 2 Shapes","floor":39.0,"turns":6.0},{"damage":53,"enemies":"Nemesis","floor":45,"turns":7},{"damage":106,"enemies":"Time Eater","floor":50,"turns":11}],"seed_played":"2730770374666847360","potions_obtained":[{"floor":5.0,"key":"Poison Potion"},{"floor":7.0,"key":"Swift Potion"},{"floor":10.0,"key":"Poison Potion"},{"floor":18.0,"key":"Poison Potion"},{"floor":24.0,"key":"AttackPotion"},{"floor":28.0,"key":"SpeedPotion"},{"floor":33.0,"key":"AttackPotion"},{"floor":37.0,"key":"Poison Potion"},{"floor":38.0,"key":"AttackPotion"}],"is_trial":false,"path_per_floor":["M","M","$","?","M","R","M","R","T","M","M","E","R","E","R","B",null,"M","?","M","?","?","R","M","M","T","R","E","M","M","$","R","B",null,"M","?","M","M","M","R","$","?","T","R","E","?","T","$","R"],"character_chosen":"IRONCLAD","items_purchased":["Anchor","Champion Belt","Flame Barrier","Strange Spoon"],"campfire_rested":4,"item_purchase_floors":[3,31,48,48],"current_hp_per_floor":[73,68,68,68,74,74,69,69,69,72,69,65,65,53,53,43,67,52,67,59,59,38,38,41,29,29,53,42,54,49,49,73,45,71,73,63,65,73,44,44,44,44,44,68,38,38,38,38,62,0],"gold":53,"neow_bonus":"HUNDRED_GOLD","is_prod":false,"is_daily":false,"chose_seed":false,"campfire_upgraded":6,"win_rate":0,"timestamp":1535270882,"path_taken":["M","M","$","?","M","R","?","R","T","M","M","E","R","E","R","BOSS","M","?","M","?","?","R","M","M","T","R","E","?","M","$","R","BOSS","M","?","M","M","?","R","$","?","T","R","E","?","?","$","R","BOSS"],"build_version":"2018-08-16","purchased_purges":2,"victory":false,"max_hp_per_floor":[75,75,75,75,75,75,75,75,75,75,75,75,75,75,75,75,75,75,75,75,75,80,80,80,80,80,80,80,80,80,80,80,80,80,80,80,80,80,80,80,80,80,80,80,80,80,80,80,80,80],"card_choices":[{"not_picked":["Thunderclap","Wild Strike"],"picked":"Clothesline","floor":1.0},{"not_picked":["Havoc","Dropkick"],"picked":"Anger","floor":2.0},{"not_picked":["Fire Breathing","Power Through"],"picked":"Second Wind","floor":5.0},{"not_picked":["Sever Soul","Entrench"],"picked":"Shockwave","floor":7.0},{"not_picked":["Combust","Rupture"],"picked":"Thunderclap","floor":10.0},{"not_picked":["Intimidate","Clash"],"picked":"Blood for Blood","floor":11.0},{"not_picked":["Hemokinesis","Spot Weakness"],"picked":"Clothesline","floor":12.0},{"not_picked":["Iron Wave","Burning Pact"],"picked":"Immolate","floor":14.0},{"not_picked":["Double Tap","Exhume"],"picked":"Demon Form","floor":16.0},{"not_picked":["Clothesline","Warcry"],"picked":"True Grit","floor":18.0},{"not_picked":["Pommel Strike","Shrug It Off"],"picked":"Flame Barrier+1","floor":20.0},{"not_picked":["Wild Strike","Clothesline","Infernal Blade"],"picked":"SKIP","floor":24.0},{"not_picked":["Perfected Strike","Heavy Blade"],"picked":"Cleave","floor":25.0},{"not_picked":["Bludgeon","Havoc+1"],"picked":"True Grit","floor":28.0},{"not_picked":["Headbutt","Flex"],"picked":"Disarm","floor":29.0},{"not_picked":["Twin Strike","Headbutt","Flex+1"],"picked":"SKIP","floor":30.0},{"not_picked":["Fiend Fire","Berserk"],"picked":"Reaper","floor":33.0},{"not_picked":["Searing Blow","Burning Pact"],"picked":"Shrug It Off","floor":35.0},{"not_picked":["Panacea","Chrysalis"],"picked":"Violence","floor":36.0},{"not_picked":["Discovery","Mind Blast"],"picked":"Panacea","floor":36.0},{"not_picked":["Headbutt","Heavy Blade"],"picked":"Clothesline","floor":37.0},{"not_picked":["Headbutt","Clash","Havoc"],"picked":"SKIP","floor":38.0},{"not_picked":["Heavy Blade","Seeing Red","Clash"],"picked":"SKIP","floor":39.0},{"not_picked":["Twin Strike","Havoc","Iron Wave"],"picked":"SKIP","floor":45}],"player_experience":620613,"relics_obtained":[{"floor":9.0,"key":"Calipers"},{"floor":12.0,"key":"Nunchaku"},{"floor":14.0,"key":"Meat on the Bone"},{"floor":28.0,"key":"Charon\u0027s Ashes"},{"floor":45,"key":"Tiny Chest"}],"event_choices":[{"event_name":"Accursed Blacksmith","player_choice":"Forge","floor":4.0,"damage_taken":0.0},{"event_name":"The Library","player_choice":"Heal","floor":19.0,"damage_taken":0.0},{"event_name":"FaceTrader","player_choice":"Trade","floor":21.0,"damage_taken":0.0},{"event_name":"Forgotten Altar","player_choice":"Shed Blood","floor":22.0,"damage_taken":0.0},{"event_name":"SensoryStone","player_choice":"Memory 3","floor":36.0,"damage_taken":0.0},{"event_name":"Golden Shrine","player_choice":"Desecrate","floor":42.0,"damage_taken":0.0},{"event_name":"Falling","player_choice":"Removed Skill","floor":46,"damage_taken":0}],"is_beta":false,"boss_relics":[{"not_picked":["Astrolabe","Orrery"],"picked":"Cursed Key"},{"not_picked":["Sozu","Mark of Pain"],"picked":"Black Blood"}],"items_purged_floors":[41,48],"is_endless":false,"potions_floor_spawned":[5,7,10,11,18,24,28,33,37,38],"killed_by":"Time Eater","ascension_level":17}