{"gold_per_floor":[114,189,189,206,216,216,241,241,288,288,299,299,311,261,261,261],"floor_reached":16,"playtime":443,"items_purged":[],"score":160,"play_id":"a8f97d9f-56b0-4723-9769-7e0fa61d31da","local_time":"20180812222919","is_ascension_mode":true,"campfire_choices":[{"data":"Sunder","floor":6,"key":"SMITH"},{"floor":8,"key":"REST"},{"data":"Zap","floor":10,"key":"SMITH"},{"data":"Loop","floor":12,"key":"SMITH"},{"data":"Cold Snap","floor":15,"key":"SMITH"}],"neow_cost":"","seed_source_timestamp":1766361873642912,"circlet_count":0,"master_deck":["Strike_B","Strike_B","Strike_B","Defend_B","Defend_B","Defend_B","Defend_B","Zap+1","Dualcast","AscendersBane","Cold Snap+1","Genetic Algorithm","Sunder+1","Loop+1","BootSequence"],"relics":["Cracked Core","Strawberry","Ornamental Fan","Blood Vial"],"potions_floor_usage":[16],"damage_taken":[{"damage":7,"enemies":"Jaw Worm","floor":1,"turns":3},{"damage":0,"enemies":"Small Slimes","floor":4,"turns":3},{"damage":7,"enemies":"2 Louse","floor":5,"turns":2},{"damage":27,"enemies":"Gremlin Nob","floor":7,"turns":4},{"damage":5,"enemies":"Looter","floor":11,"turns":3},{"damage":0,"enemies":"Large Slime","floor":13,"turns":5},{"damage":38,"enemies":"The Guardian","floor":16,"turns":9}],"seed_played":"2459925856525180547","potions_obtained":[{"floor":4,"key":"Ancient Potion"},{"floor":5,"key":"Strength Potion"}],"is_trial":false,"path_per_floor":["M","?","?","M","M","R","E","R","T","R","M","R","M","?","R"],"character_chosen":"DEFECT","items_purchased":[],"campfire_rested":1,"item_purchase_floors":[],"current_hp_per_floor":[61,50,45,45,38,38,11,35,35,35,32,32,34,34,34,0],"gold":261,"neow_bonus":"","is_prod":false,"is_daily":false,"chose_seed":false,"campfire_upgraded":4,"win_rate":0,"timestamp":1534138159,"path_taken":["M","?","?","M","M","R","E","R","T","R","M","R","?","?","R","BOSS"],"build_version":"2018-08-09","purchased_purges":0,"victory":false,"max_hp_per_floor":[75,75,82,82,82,82,82,82,82,82,82,82,82,82,82,82],"card_choices":[{"not_picked":["Barrage","Conserve Battery"],"picked":"Cold Snap","floor":1},{"not_picked":["Steam","Steam Power"],"picked":"Genetic Algorithm","floor":4},{"not_picked":["Redo","Genetic Algorithm"],"picked":"Sunder","floor":5},{"not_picked":["Aggregate","Redo","Hello World"],"picked":"SKIP","floor":7},{"not_picked":["Redo","Capacitor"],"picked":"Loop","floor":11},{"not_picked":["Gash","Hologram"],"picked":"BootSequence","floor":13}],"player_experience":447267,"relics_obtained":[{"floor":7,"key":"Ornamental Fan"},{"floor":9,"key":"Blood Vial"}],"event_choices":[{"event_name":"World of Goop","player_choice":"Gather Gold","floor":2,"damage_taken":0},{"event_name":"Scrap Ooze","player_choice":"success","floor":3,"damage_taken":12},{"event_name":"The Cleric","player_choice":"Card Removal","floor":14,"damage_taken":0}],"is_beta":false,"boss_relics":[],"items_purged_floors":[],"is_endless":false,"potions_floor_spawned":[4,5,11],"killed_by":"The Guardian","ascension_level":12}