{"gold_per_floor":[113,129,144,45,65,65,90,90,90,122,76,76],"floor_reached":12,"playtime":916,"items_purged":["Strike_G"],"score":101,"play_id":"269c7eaa-24ce-4e01-a20a-4fcd1b5c2bde","local_time":"20180723101307","is_ascension_mode":true,"campfire_choices":[{"data":"Adrenaline","floor":6,"key":"SMITH"},{"data":"Neutralize","floor":8,"key":"SMITH"}],"neow_cost":"NONE","seed_source_timestamp":640045498633878,"circlet_count":0,"master_deck":["Defend_G","Defend_G","Defend_G","Defend_G","Defend_G","Strike_G","Strike_G","Strike_G","Strike_G","Survivor","Neutralize+1","Adrenaline+1","Backflip","Escape Plan","Quick Slash","Concentrate"],"relics":["Ring of the Snake","Molten Egg 2","Paper Crane","Blood Vial"],"potions_floor_usage":[7],"damage_taken":[{"damage":0,"enemies":"Jaw Worm","floor":1,"turns":5},{"damage":0,"enemies":"2 Louse","floor":2,"turns":4},{"damage":0,"enemies":"Small Slimes","floor":3,"turns":5},{"damage":0,"enemies":"Looter","floor":5,"turns":3},{"damage":41,"enemies":"Lagavulin","floor":7,"turns":8},{"damage":16,"enemies":"Gremlin Nob","floor":10,"turns":5},{"damage":17,"enemies":"Lagavulin","floor":12,"turns":5}],"seed_played":"1706475091508697753","potions_obtained":[{"floor":3,"key":"SmokeBomb"},{"floor":5,"key":"SteroidPotion"}],"is_trial":false,"path_per_floor":["M","M","M","$","M","R","E","R","T","E","?"],"character_chosen":"THE_SILENT","items_purchased":["Quick Slash"],"campfire_rested":0,"item_purchase_floors":[4],"current_hp_per_floor":[70,70,70,70,70,70,29,29,29,13,13,0],"gold":76,"neow_bonus":"ONE_RANDOM_RARE_CARD","is_prod":false,"is_daily":false,"chose_seed":false,"campfire_upgraded":2,"win_rate":0,"timestamp":1532365987,"path_taken":["M","M","M","$","M","R","E","R","T","E","?","E"],"build_version":"2018-07-19v2","purchased_purges":1,"victory":false,"max_hp_per_floor":[70,70,70,70,70,70,70,70,70,70,70,70],"card_choices":[{"not_picked":["Underhanded Strike","Catalyst"],"picked":"Backflip","floor":1},{"not_picked":["Dagger Throw","PiercingWail"],"picked":"Escape Plan","floor":2},{"not_picked":["Slice","Dodge and Roll","Dagger Spray"],"picked":"SKIP","floor":3},{"not_picked":["Sucker Punch","Slice","Skewer"],"picked":"SKIP","floor":5},{"not_picked":["Slice","Flechettes"],"picked":"Concentrate","floor":7},{"not_picked":["Poisoned Stab+1","Bane+1","Setup"],"picked":"SKIP","floor":10}],"player_experience":137364,"relics_obtained":[{"floor":7,"key":"Molten Egg 2"},{"floor":9,"key":"Paper Crane"},{"floor":10,"key":"Blood Vial"}],"event_choices":[{"event_name":"World of Goop","player_choice":"Left","floor":11,"damage_taken":0}],"is_beta":false,"boss_relics":[],"items_purged_floors":[4],"is_endless":false,"potions_floor_spawned":[3,5],"killed_by":"Lagavulin","ascension_level":3}