{"gold_per_floor":[117,117,137,156,156,192,142,317,342,342,357,357,45,78,78,206,206,222,212,162,176,195,195,195,228,228,247,247,34,34,69,69,171,171,188,188,240,259,259,284,294,329,329,349,382,382,400,500,500,500],"floor_reached":51,"playtime":5040,"items_purged":["Doubt"],"score":923,"play_id":"389d64fc-171e-46c4-b218-da91e191340b","local_time":"20181224124536","is_ascension_mode":true,"campfire_choices":[{"data":"Armaments","floor":12.0,"key":"SMITH"},{"data":"Searing Blow","floor":15.0,"key":"SMITH"},{"data":"Demon Form","floor":23,"key":"SMITH"},{"data":"Blind","floor":32,"key":"SMITH"},{"data":"Barricade","floor":46,"key":"SMITH"},{"data":"Impervious","floor":49,"key":"SMITH"}],"neow_cost":"NONE","seed_source_timestamp":0,"circlet_count":0,"master_deck":["Strike_R","Strike_R","Defend_R","Defend_R","Defend_R+1","Bash+1","Dramatic Entrance","Searing Blow+1","Armaments+1","Demon Form+1","Burning Pact+1","Inflame+1","Blind+1","J.A.X.","Impervious+1","Impervious+1","Pommel Strike+1","Iron Wave+1","Barricade+1","Seeing Red+1","Dual Wield+1","Metallicize+1","Headbutt+1","Headbutt+1","Feel No Pain+1"],"special_seed":0,"relics":["Burning Blood","Bloody Idol","Centennial Puzzle","Happy Flower","Thread and Needle","Mango","Mark of Pain","Potion Belt","Charon\u0027s Ashes","Kunai","Astrolabe","Nunchaku","Pocketwatch","Dream Catcher","Pear","Magic Flower","Unceasing Top"],"potions_floor_usage":[25,25,25,40,42,44,50,50],"damage_taken":[{"damage":0.0,"enemies":"2 Louse","floor":1.0,"turns":2.0},{"damage":20.0,"enemies":"Jaw Worm","floor":3.0,"turns":4.0},{"damage":0.0,"enemies":"Small Slimes","floor":4.0,"turns":2.0},{"damage":11.0,"enemies":"Lagavulin","floor":6.0,"turns":7.0},{"damage":6.0,"enemies":"Gremlin Gang","floor":11.0,"turns":4.0},{"damage":17.0,"enemies":"3 Sentries","floor":14.0,"turns":9.0},{"damage":82.0,"enemies":"Slime Boss","floor":16.0,"turns":17.0},{"damage":42,"enemies":"3 Byrds","floor":18,"turns":7},{"damage":10,"enemies":"2 Thieves","floor":19,"turns":4},{"damage":25,"enemies":"Sentry and Sphere","floor":21,"turns":7},{"damage":1,"enemies":"Cultist and Chosen","floor":22,"turns":6},{"damage":17,"enemies":"Slavers","floor":25,"turns":7},{"damage":14,"enemies":"Snake Plant","floor":27,"turns":3},{"damage":12,"enemies":"Book of Stabbing","floor":31,"turns":5},{"damage":55,"enemies":"Automaton","floor":33,"turns":8},{"damage":1,"enemies":"Orb Walker","floor":35,"turns":4},{"damage":64,"enemies":"2 Orb Walkers","floor":37,"turns":6},{"damage":7,"enemies":"3 Shapes","floor":38,"turns":5},{"damage":10,"enemies":"Nemesis","floor":40,"turns":11},{"damage":11,"enemies":"Jaw Worm Horde","floor":41,"turns":5},{"damage":0,"enemies":"Reptomancer","floor":42,"turns":7},{"damage":8,"enemies":"Transient","floor":44,"turns":5},{"damage":11,"enemies":"Giant Head","floor":45,"turns":9},{"damage":0,"enemies":"Maw","floor":47,"turns":8},{"damage":3,"enemies":"Mind Bloom Boss Battle","floor":48,"turns":4},{"damage":9,"enemies":"Donu and Deca","floor":50,"turns":10}],"seed_played":"761122232073082796","potions_obtained":[{"floor":1.0,"key":"Weak Potion"},{"floor":3.0,"key":"Strength Potion"},{"floor":6.0,"key":"Strength Potion"},{"floor":18,"key":"SpeedPotion"},{"floor":19,"key":"Swift Potion"},{"floor":22,"key":"Poison Potion"},{"floor":25,"key":"Explosive Potion"},{"floor":35,"key":"Weak Potion"},{"floor":38,"key":"SkillPotion"},{"floor":42,"key":"SkillPotion"},{"floor":45,"key":"Regen Potion"},{"floor":48,"key":"Block Potion"}],"is_trial":false,"path_per_floor":["M","?","M","M","?","E","?","?","T","?","M","R","$","E","R","B",null,"M","M","?","M","M","R","?","E","T","M","?","$","?","E","R","B",null,"M","?","?","M","?","E","M","E","T","M","E","R","M","?","R","B",null],"character_chosen":"IRONCLAD","items_purchased":["Thread and Needle","Blind","SteroidPotion"],"campfire_rested":0,"item_purchase_floors":[13,29,29],"current_hp_per_floor":[80,60,46,52,36,31,31,31,31,80,80,80,80,83,83,7,94,58,54,54,35,40,40,40,34,34,31,62,62,62,61,61,17,94,94,94,41,45,45,46,46,57,67,70,70,70,84,95,95,95],"gold":500,"neow_bonus":"RANDOM_COLORLESS","is_prod":false,"is_daily":false,"chose_seed":false,"campfire_upgraded":6,"win_rate":0,"timestamp":1545623136,"path_taken":["M","?","M","M","?","E","?","?","T","?","M","R","$","E","R","BOSS","M","?","?","?","M","R","?","E","T","M","?","$","?","E","R","BOSS","M","?","?","M","?","E","M","E","T","M","E","R","?","?","R","BOSS"],"build_version":"2018-12-20","purchased_purges":1,"victory":true,"max_hp_per_floor":[80,80,80,80,80,80,80,80,80,80,80,80,80,94,94,94,94,94,94,94,94,94,94,94,94,94,94,94,94,94,94,94,94,94,94,94,94,94,94,94,94,94,104,104,104,104,104,104,104,104],"card_choices":[{"not_picked":["Dropkick","Heavy Blade"],"picked":"Searing Blow","floor":1.0},{"not_picked":["Carnage","True Grit"],"picked":"Spot Weakness","floor":3.0},{"not_picked":["Flame Barrier","Seeing Red"],"picked":"Thunderclap","floor":4.0},{"not_picked":["Twin Strike","Body Slam","Warcry"],"picked":"SKIP","floor":6.0},{"not_picked":["Shrug It Off","Feel No Pain"],"picked":"Armaments","floor":11.0},{"not_picked":["Pommel Strike","Searing Blow","Intimidate"],"picked":"SKIP","floor":14.0},{"not_picked":["Limit Break","Dark Embrace"],"picked":"Demon Form","floor":16.0},{"not_picked":["Thunderclap","Sword Boomerang","Armaments"],"picked":"SKIP","floor":18},{"not_picked":["Fire Breathing+1","Searing Blow"],"picked":"Burning Pact+1","floor":19},{"not_picked":["Perfected Strike","Bloodletting","Clothesline"],"picked":"SKIP","floor":21},{"not_picked":["Flex","Perfected Strike","True Grit"],"picked":"SKIP","floor":22},{"not_picked":["Body Slam+1","Battle Trance"],"picked":"Inflame+1","floor":25},{"not_picked":["Dropkick","Perfected Strike","Heavy Blade"],"picked":"SKIP","floor":27},{"not_picked":["Berserk","Clash","Rampage"],"picked":"SKIP","floor":31},{"not_picked":["Fiend Fire","Feed"],"picked":"Impervious","floor":33},{"not_picked":["Perfected Strike","Headbutt","Thunderclap"],"picked":"SKIP","floor":35},{"not_picked":["Spot Weakness","Corruption+1"],"picked":"Barricade","floor":37},{"not_picked":["Warcry+1","Pommel Strike"],"picked":"Seeing Red+1","floor":38},{"not_picked":["Seeing Red","Searing Blow+1"],"picked":"Dual Wield+1","floor":40},{"not_picked":["Pommel Strike","Armaments+1","Dropkick+1"],"picked":"SKIP","floor":41},{"not_picked":["Perfected Strike+1","Barricade"],"picked":"Metallicize+1","floor":42},{"not_picked":["Clash","Fire Breathing+1"],"picked":"Headbutt+1","floor":44},{"not_picked":["Flex","Burning Pact","Anger+1"],"picked":"SKIP","floor":45},{"not_picked":["Ghostly Armor+1","Pommel Strike+1"],"picked":"Headbutt+1","floor":47},{"not_picked":["Anger","Iron Wave+1"],"picked":"Feel No Pain+1","floor":48}],"player_experience":29274,"relics_obtained":[{"floor":6.0,"key":"Centennial Puzzle"},{"floor":9.0,"key":"Happy Flower"},{"floor":14.0,"key":"Mango"},{"floor":25,"key":"Potion Belt"},{"floor":26,"key":"Charon\u0027s Ashes"},{"floor":31,"key":"Kunai"},{"floor":37,"key":"Nunchaku"},{"floor":40,"key":"Pocketwatch"},{"floor":42,"key":"Dream Catcher"},{"floor":43,"key":"Pear"},{"floor":45,"key":"Magic Flower"},{"floor":48,"key":"Unceasing Top"}],"event_choices":[{"damage_healed":0.0,"max_hp_gain":0.0,"max_hp_loss":0.0,"gold_gain":0.0,"event_name":"Golden Idol","player_choice":"Take Damage","floor":2.0,"gold_loss":0.0,"damage_taken":20.0,"relics_obtained":["Golden Idol"]},{"damage_healed":0.0,"max_hp_gain":0.0,"max_hp_loss":0.0,"gold_gain":0.0,"event_name":"Shining Light","player_choice":"Entered Light","floor":5.0,"gold_loss":0.0,"damage_taken":16.0,"cards_upgraded":["Defend_R","Bash"]},{"cards_removed":["Strike_R"],"damage_healed":0.0,"max_hp_gain":0.0,"max_hp_loss":0.0,"gold_gain":0.0,"event_name":"The Cleric","player_choice":"Card Removal","floor":7.0,"gold_loss":50.0,"damage_taken":0.0},{"damage_healed":0.0,"max_hp_gain":0.0,"max_hp_loss":0.0,"gold_gain":175.0,"event_name":"Liars Game","player_choice":"AGREE","floor":8.0,"gold_loss":0.0,"damage_taken":0.0,"cards_obtained":["Doubt"]},{"cards_removed":["Spot Weakness"],"damage_healed":49.0,"max_hp_gain":0.0,"max_hp_loss":0.0,"gold_gain":0.0,"event_name":"Bonfire Elementals","player_choice":"Offered Uncommon","floor":10.0,"gold_loss":0.0,"damage_taken":0.0},{"damage_healed":0,"gold_gain":0,"player_choice":"Bet on Murderer","damage_taken":0,"max_hp_gain":0,"max_hp_loss":0,"event_name":"The Joust","floor":20,"gold_loss":50},{"damage_healed":0,"gold_gain":0,"player_choice":"Gave Idol","damage_taken":0,"relics_obtained":["Bloody Idol"],"max_hp_gain":0,"max_hp_loss":0,"event_name":"Forgotten Altar","floor":24,"relics_lost":["Golden Idol"],"gold_loss":0},{"damage_healed":31,"gold_gain":0,"player_choice":"Heal","damage_taken":0,"max_hp_gain":0,"max_hp_loss":0,"event_name":"The Library","floor":28,"gold_loss":0},{"damage_healed":0,"gold_gain":0,"player_choice":"Obtain J.A.X.","damage_taken":0,"max_hp_gain":0,"max_hp_loss":0,"event_name":"Drug Dealer","floor":30,"gold_loss":0,"cards_obtained":["J.A.X."]},{"cards_removed":["Thunderclap"],"damage_healed":0,"gold_gain":0,"player_choice":"Removed Attack","damage_taken":0,"max_hp_gain":0,"max_hp_loss":0,"event_name":"Falling","floor":36,"gold_loss":0},{"damage_healed":0,"gold_gain":0,"player_choice":"Fight","damage_taken":0,"max_hp_gain":0,"max_hp_loss":0,"event_name":"Mysterious Sphere","floor":37,"gold_loss":0},{"damage_healed":0,"gold_gain":0,"player_choice":"Ignored","damage_taken":0,"max_hp_gain":0,"max_hp_loss":0,"event_name":"The Moai Head","floor":39,"gold_loss":0},{"damage_healed":0,"gold_gain":0,"player_choice":"Fight","damage_taken":0,"max_hp_gain":0,"max_hp_loss":0,"event_name":"MindBloom","floor":48,"gold_loss":0}],"is_beta":false,"boss_relics":[{"not_picked":["Ectoplasm","Black Blood"],"picked":"Mark of Pain"},{"not_picked":["Snecko Eye","Sozu"],"picked":"Astrolabe"}],"items_purged_floors":[29],"is_endless":false,"potions_floor_spawned":[1,3,6,18,19,22,25,35,38,42,45,48],"ascension_level":1}