{"gold_per_floor":[110,129,279,14,14,14,29,54,54,89,89,89,89,107,107,186,186,106,106,21,21,21,21,21,21],"floor_reached":25,"playtime":1889,"items_purged":["Doubt"],"score":422,"play_id":"31145ef6-317e-43f4-8ffd-ac5f2a28b6c8","local_time":"20190405124408","is_ascension_mode":true,"campfire_choices":[{"data":"Flame Barrier","floor":6.0,"key":"SMITH"},{"data":"Iron Wave","floor":11.0,"key":"SMITH"},{"data":"True Grit","floor":13.0,"key":"SMITH"},{"floor":15.0,"key":"REST"},{"floor":23,"key":"REST"}],"neow_cost":"NONE","seed_source_timestamp":42069129888100,"circlet_count":0,"master_deck":["AscendersBane","Strike_R","Strike_R","Strike_R","Strike_R","Defend_R","Defend_R","Defend_R","Defend_R","Bash+1","True Grit+1","Flame Barrier+1","Perfected Strike","Anger","Ghostly Armor","Iron Wave+1","Twin Strike","Impervious","Clothesline","Thunderclap","Thunderclap+1"],"special_seed":0,"relics":["Burning Blood","Bronze Scales","Champion Belt","Dodecahedron","Orichalcum","Ectoplasm","Mummified Hand"],"potions_floor_usage":[25,25],"damage_taken":[{"damage":4.0,"enemies":"Jaw Worm","floor":1.0,"turns":4.0},{"damage":1.0,"enemies":"2 Louse","floor":2.0,"turns":3.0},{"damage":6.0,"enemies":"Cultist","floor":7.0,"turns":4.0},{"damage":57.0,"enemies":"Gremlin Nob","floor":8.0,"turns":5.0},{"damage":25.0,"enemies":"3 Sentries","floor":10.0,"turns":10.0},{"damage":3.0,"enemies":"Large Slime","floor":14.0,"turns":5.0},{"damage":13.0,"enemies":"The Guardian","floor":16.0,"turns":15.0},{"damage":0.0,"enemies":"2 Thieves","floor":18.0,"turns":4.0},{"damage":20.0,"enemies":"Chosen","floor":21.0,"turns":5.0},{"damage":40,"enemies":"Shelled Parasite and Fungi","floor":22,"turns":7},{"damage":8,"enemies":"Centurion and Healer","floor":24,"turns":7},{"damage":50,"enemies":"Gremlin Leader","floor":25,"turns":9}],"seed_played":"4276882497793589389","potions_obtained":[{"floor":2.0,"key":"SkillPotion"},{"floor":8.0,"key":"Regen Potion"},{"floor":10.0,"key":"Dexterity Potion"},{"floor":12.0,"key":"SkillPotion"},{"floor":16.0,"key":"Weak Potion"},{"floor":18.0,"key":"Poison Potion"},{"floor":24,"key":"AttackPotion"}],"is_trial":false,"path_per_floor":["M","M","?","$","?","R","M","E","T","E","R","?","R","M","R","B",null,"M","$","?","M","M","R","M","E"],"character_chosen":"IRONCLAD","items_purchased":["Bronze Scales","Perfected Strike"],"campfire_rested":2,"item_purchase_floors":[4,4],"current_hp_per_floor":[70,75,75,75,68,68,68,17,17,13,13,13,13,16,38,31,64,70,70,70,56,22,44,42,0],"gold":21,"neow_bonus":"UPGRADE_CARD","is_prod":false,"is_daily":false,"chose_seed":false,"campfire_upgraded":3,"win_rate":0,"timestamp":1554482648,"path_taken":["M","M","?","$","?","R","M","E","T","E","R","?","R","M","R","BOSS","M","$","?","M","M","R","M","E"],"build_version":"2019-01-23","purchased_purges":1,"victory":false,"max_hp_per_floor":[75,75,75,75,75,75,75,75,75,75,75,75,75,75,75,75,75,75,75,75,75,75,75,75,75],"card_choices":[{"not_picked":["Flex","Dual Wield"],"picked":"True Grit","floor":1.0},{"not_picked":["Combust","Shockwave"],"picked":"Flame Barrier","floor":2.0},{"not_picked":["Feel No Pain","True Grit"],"picked":"Anger","floor":7.0},{"not_picked":["Hemokinesis","Thunderclap"],"picked":"Ghostly Armor","floor":8.0},{"not_picked":["Wild Strike","Body Slam"],"picked":"Iron Wave","floor":10.0},{"not_picked":["Intimidate","Sword Boomerang"],"picked":"Twin Strike","floor":14.0},{"not_picked":["Offering","Berserk"],"picked":"Impervious","floor":16.0},{"not_picked":["Warcry+1","Rage"],"picked":"Clothesline","floor":18.0},{"not_picked":["Seeing Red","Sword Boomerang"],"picked":"Thunderclap","floor":21},{"not_picked":["Infernal Blade","Perfected Strike"],"picked":"Thunderclap+1","floor":22},{"not_picked":["Twin Strike","Fire Breathing","Flex"],"picked":"SKIP","floor":24}],"player_experience":809962,"relics_obtained":[{"floor":8.0,"key":"Champion Belt"},{"floor":9.0,"key":"Dodecahedron"},{"floor":10.0,"key":"Orichalcum"}],"event_choices":[{"damage_healed":0.0,"max_hp_gain":0.0,"max_hp_loss":0.0,"gold_gain":150.0,"event_name":"Liars Game","player_choice":"AGREE","floor":3.0,"gold_loss":0.0,"damage_taken":0.0,"cards_obtained":["Doubt"]},{"cards_removed":["Strike_R"],"damage_healed":0.0,"max_hp_gain":0.0,"max_hp_loss":0.0,"gold_gain":0.0,"event_name":"Golden Wing","player_choice":"Card Removal","floor":5.0,"gold_loss":0.0,"damage_taken":7.0},{"damage_healed":0.0,"max_hp_gain":0.0,"max_hp_loss":0.0,"gold_gain":0.0,"event_name":"Lab","player_choice":"Got Potions","floor":12.0,"gold_loss":0.0,"damage_taken":0.0},{"damage_healed":0.0,"max_hp_gain":0.0,"max_hp_loss":0.0,"gold_gain":0.0,"event_name":"Addict","player_choice":"Obtained Relic","floor":20.0,"gold_loss":85.0,"damage_taken":0.0,"relics_obtained":["Mummified Hand"]}],"is_beta":false,"boss_relics":[{"not_picked":["Runic Pyramid","Fusion Hammer"],"picked":"Ectoplasm"}],"items_purged_floors":[4],"is_endless":false,"potions_floor_spawned":[2,8,10,16,18,22,24],"killed_by":"Gremlin Leader","ascension_level":20}