{"gold_per_floor":[113,113,113,63,78,103,103,137,164,164,38,52,85,96,96,198,198,214,214,231,243,43,43,68,68,68,128,128,128,159,170,170,271,321,339,390,402,37,37,68,68,94,121,0,0,18,35,63,63,63],"floor_reached":51,"playtime":8113,"items_purged":["Zap","Barrage","Redo"],"score":995,"play_id":"2c331edd-c277-4016-a8a1-acc1237ff7b0","local_time":"20180722205251","is_ascension_mode":true,"campfire_choices":[{"data":"Dualcast","floor":7.0,"key":"SMITH"},{"data":"Coolheaded","floor":10.0,"key":"SMITH"},{"floor":15.0,"key":"REST"},{"data":"Aggregate","floor":23.0,"key":"SMITH"},{"floor":25.0,"key":"REST"},{"data":"Conserve Battery","floor":28.0,"key":"SMITH"},{"data":"Turbo","floor":32.0,"key":"SMITH"},{"data":"Coolheaded","floor":41,"key":"SMITH"},{"floor":49,"key":"REST"}],"neow_cost":"NONE","seed_source_timestamp":0,"circlet_count":0,"master_deck":["Dualcast+1","Coolheaded+1","Streamline","Streamline","Genetic Algorithm","Cold Snap","BootSequence","Genetic Algorithm","Coolheaded+1","Conserve Battery+1","Coolheaded+1","Core Surge","Hologram+1","Aggregate+1","Flash of Steel","Hologram+1","Turbo+1","Machine Learning","Turbo+1","Machine Learning","Blizzard","Hologram"],"special_seed":0,"relics":["Pandora\u0027s Box","Lantern","Sundial","Bronze Scales","Pen Nib","White Beast Statue","DataDisk","Singing Bowl","Tiny Chest","Bag of Preparation","Girya","Tiny House","Prayer Wheel","Blood Vial","Juzu Bracelet","Centennial Puzzle","Molten Egg 2","Dream Catcher","Red Mask","Bottled Tornado"],"potions_floor_usage":[33,33,36,40,40,42,50,50,50],"damage_taken":[{"damage":25.0,"enemies":"Small Slimes","floor":1.0,"turns":3.0},{"damage":8.0,"enemies":"Jaw Worm","floor":5.0,"turns":4.0},{"damage":4.0,"enemies":"3 Sentries","floor":6.0,"turns":7.0},{"damage":2.0,"enemies":"Lagavulin","floor":8.0,"turns":7.0},{"damage":0.0,"enemies":"2 Louse","floor":12.0,"turns":3.0},{"damage":8.0,"enemies":"Gremlin Nob","floor":13.0,"turns":4.0},{"damage":14.0,"enemies":"Gremlin Gang","floor":14.0,"turns":5.0},{"damage":0.0,"enemies":"Slime Boss","floor":16.0,"turns":11.0},{"damage":0.0,"enemies":"3 Byrds","floor":18.0,"turns":2.0},{"damage":1.0,"enemies":"Chosen","floor":20.0,"turns":5.0},{"damage":28.0,"enemies":"3 Cultists","floor":21.0,"turns":7.0},{"damage":29.0,"enemies":"Book of Stabbing","floor":24.0,"turns":6.0},{"damage":0.0,"enemies":"Slavers","floor":27.0,"turns":7.0},{"damage":24.0,"enemies":"Gremlin Leader","floor":30.0,"turns":9.0},{"damage":0.0,"enemies":"Snake Plant","floor":31.0,"turns":4.0},{"damage":1,"enemies":"Collector","floor":33,"turns":11},{"damage":0,"enemies":"3 Shapes","floor":35,"turns":4},{"damage":27,"floor":36,"turns":11},{"damage":0,"enemies":"3 Darklings","floor":37,"turns":6},{"damage":14,"enemies":"Nemesis","floor":40,"turns":7},{"damage":2,"enemies":"Giant Head","floor":42,"turns":8},{"damage":12,"enemies":"Transient","floor":46,"turns":5},{"damage":0,"enemies":"Spire Growth","floor":47,"turns":4},{"damage":0,"enemies":"Nemesis","floor":48,"turns":9},{"damage":102,"enemies":"Time Eater","floor":50,"turns":13}],"seed_played":"473114062016832212","potions_obtained":[{"floor":1.0,"key":"Weak Potion"},{"floor":6.0,"key":"PowerPotion"},{"floor":8.0,"key":"EssenceOfSteel"},{"floor":13.0,"key":"FocusPotion"},{"floor":14.0,"key":"LiquidBronze"},{"floor":18.0,"key":"Block Potion"},{"floor":20.0,"key":"Poison Potion"},{"floor":21.0,"key":"SteroidPotion"},{"floor":24.0,"key":"Regen Potion"},{"floor":27.0,"key":"SteroidPotion"},{"floor":30.0,"key":"FearPotion"},{"floor":31.0,"key":"Block Potion"},{"floor":33,"key":"FearPotion"},{"floor":34,"key":"SpeedPotion"},{"floor":35,"key":"Block Potion"},{"floor":36,"key":"Poison Potion"},{"floor":37,"key":"SteroidPotion"},{"floor":40,"key":"Regen Potion"},{"floor":42,"key":"GamblersBrew"},{"floor":46,"key":"SkillPotion"},{"floor":48,"key":"SteroidPotion"}],"is_trial":false,"path_per_floor":["M","?","?","?","M","E","R","E","T","R","$","M","E","M","R","B",null,"M","?","M","M","$","R","E","R","T","E","R","T","E","M","R","B",null,"M","?","M","$","T","E","R","E","T","?","$","M","M","E","R","B"],"character_chosen":"DEFECT","items_purchased":["Coolheaded","Flash of Steel","Blizzard","Blood Vial","Hologram"],"campfire_rested":3,"item_purchase_floors":[11,22,38,38,38],"current_hp_per_floor":[50,43,68,68,60,56,56,54,54,54,54,54,46,32,54,54,75,75,75,74,46,46,46,17,39,39,56,56,56,34,34,34,33,86,86,61,63,63,63,53,53,70,70,70,70,64,70,74,106,4],"gold":63,"neow_bonus":"BOSS_RELIC","is_prod":false,"is_daily":false,"chose_seed":false,"campfire_upgraded":6,"win_rate":0,"timestamp":1532317971,"path_taken":["M","?","?","?","M","E","R","E","T","R","$","M","E","?","R","BOSS","M","?","?","M","$","R","E","R","T","E","R","?","E","M","R","BOSS","M","?","M","$","?","E","R","E","T","?","$","M","M","E","R","BOSS"],"build_version":"2018-07-19v2","purchased_purges":3,"victory":true,"max_hp_per_floor":[75,75,75,75,75,75,75,75,75,75,75,75,75,75,75,75,75,75,75,75,75,75,75,75,75,75,77,77,77,79,79,79,79,86,86,88,90,90,90,92,92,94,94,94,94,98,102,104,106,106],"card_choices":[{"not_picked":["Static Discharge","Barrage"],"picked":"Cold Snap","floor":1.0},{"not_picked":["Gash","Streamline","Capacitor"],"picked":"SKIP","floor":5.0},{"not_picked":["Aggregate","Chaos"],"picked":"BootSequence","floor":6.0},{"not_picked":["White Noise","Melter"],"picked":"Genetic Algorithm","floor":8.0},{"not_picked":["Cold Snap","Compile Driver"],"picked":"Conserve Battery","floor":12.0},{"not_picked":["Gash","FTL"],"picked":"Coolheaded","floor":13.0},{"not_picked":["Rebound","Beam Cell","Redo"],"picked":"SKIP","floor":14.0},{"not_picked":["Multi-Cast","Hyperbeam"],"picked":"Core Surge","floor":16.0},{"not_picked":["Beam Cell","Leap+1"],"picked":"Hologram+1","floor":18.0},{"not_picked":["Steam","Go for the Eyes","Steam Power"],"picked":"SKIP","floor":20.0},{"not_picked":["Rip and Tear","Chill+1"],"picked":"Aggregate","floor":21.0},{"not_picked":["Defragment","Hyperbeam"],"picked":"Hologram+1","floor":24.0},{"not_picked":["White Noise","Consume","Gash+1"],"picked":"Singing Bowl","floor":27.0},{"not_picked":["Storm","Fission","Steam+1"],"picked":"Singing Bowl","floor":30.0},{"not_picked":["Redo","Stack"],"picked":"Turbo","floor":31.0},{"not_picked":["Biased Cognition","Fission"],"picked":"Machine Learning","floor":33},{"not_picked":["Redo","Reinforced Body+1","Streamline"],"picked":"Singing Bowl","floor":34},{"not_picked":["Fusion","Stack+1"],"picked":"Turbo+1","floor":35},{"not_picked":["Chaos+1","Rip and Tear","Double Energy+1"],"picked":"Singing Bowl","floor":36},{"not_picked":["Recycle","Static Discharge+1"],"picked":"Machine Learning","floor":37},{"not_picked":["Rebound","Storm+1","Beam Cell"],"picked":"Singing Bowl","floor":37},{"not_picked":["Undo+1","Stack","Conserve Battery+1"],"picked":"Singing Bowl","floor":40},{"not_picked":["Tempest","Steam+1","Melter+1"],"picked":"Singing Bowl","floor":42},{"not_picked":["Stack+1","Gash+1","Hologram"],"picked":"Singing Bowl","floor":46},{"not_picked":["Ball Lightning+1","Beam Cell+1","Gash+1"],"picked":"Singing Bowl","floor":46},{"not_picked":["Rip and Tear+1","Go for the Eyes+1","Steam Power"],"picked":"Singing Bowl","floor":47},{"not_picked":["Biased Cognition","Tempest","Heatsinks+1"],"picked":"Singing Bowl","floor":47},{"not_picked":["Steam Power+1","Ball Lightning+1","Tempest+1"],"picked":"Singing Bowl","floor":48},{"not_picked":["Rebound+1","Rip and Tear+1","Reinforced Body+1"],"picked":"Singing Bowl","floor":49}],"player_experience":116355,"relics_obtained":[{"floor":6.0,"key":"Lantern"},{"floor":8.0,"key":"Sundial"},{"floor":9.0,"key":"Bronze Scales"},{"floor":13.0,"key":"Pen Nib"},{"floor":24.0,"key":"DataDisk"},{"floor":26.0,"key":"Singing Bowl"},{"floor":27.0,"key":"Tiny Chest"},{"floor":29.0,"key":"Bag of Preparation"},{"floor":30.0,"key":"Girya"},{"floor":36,"key":"Prayer Wheel"},{"floor":39,"key":"Juzu Bracelet"},{"floor":40,"key":"Centennial Puzzle"},{"floor":42,"key":"Molten Egg 2"},{"floor":43,"key":"Dream Catcher"},{"floor":48,"key":"Bottled Tornado"}],"event_choices":[{"event_name":"Golden Wing","player_choice":"Card Removal","floor":2.0,"damage_taken":0.0},{"event_name":"Big Fish","player_choice":"Banana","floor":3.0,"damage_taken":0.0},{"event_name":"The Cleric","player_choice":"Card Removal","floor":4.0,"damage_taken":0.0},{"event_name":"Vampires","player_choice":"Ignored","floor":19.0,"damage_taken":0.0},{"event_name":"Mysterious Sphere","player_choice":"Fight","floor":36,"damage_taken":0},{"event_name":"Tomb of Lord Red Mask","player_choice":"Paid","floor":44,"damage_taken":0}],"is_beta":false,"boss_relics":[{"not_picked":["Calling Bell","Lizard Tail"],"picked":"White Beast Statue"},{"not_picked":["Coffee Dripper","Snecko Eye"],"picked":"Tiny House"}],"items_purged_floors":[11,22,38],"is_endless":false,"potions_floor_spawned":[1,6,8,13,14,18,20,21,24,27,30,31,33,35,36,37,40,42,46,47,48],"ascension_level":2}