{"gold_per_floor":[119,369,369,383,18,18,54,72,72,100,147,159,190,235,247,390,402,437,449,478,490,502,514,560,589,673,685,728,754,15,32,32,134,134,154,154,169,519,533,558,573,599,599,632,632,643,675,688,688,688],"floor_reached":51,"playtime":7067,"items_purged":["Regret","Strike_B+1"],"score":1133,"play_id":"a77a1a79-3441-4e12-b12f-557a3777a474","local_time":"20180806010216","is_ascension_mode":true,"campfire_choices":[{"data":"Zap","floor":6.0,"key":"SMITH"},{"data":"Auto Shields","floor":12,"key":"SMITH"},{"data":"Loop","floor":15,"key":"SMITH"},{"data":"Electrodynamics","floor":23,"key":"SMITH"},{"data":"Capacitor","floor":27,"key":"SMITH"},{"floor":32,"key":"REST"},{"data":"Coolheaded","floor":45,"key":"SMITH"},{"data":"Machine Learning","floor":49,"key":"SMITH"}],"neow_cost":"NONE","seed_source_timestamp":0,"circlet_count":0,"master_deck":["Strike_B+1","Strike_B+1","Strike_B+1","Defend_B+1","Defend_B+1","Defend_B+1","Defend_B+1","Zap+1","Dualcast","Auto Shields+1","Compile Driver","Cold Snap","Reinforced Body","FTL","Ball Lightning","Glacier","Steam","Loop+1","Electrodynamics+1","Glacier","Coolheaded+1","Compile Driver","Capacitor+1","Coolheaded+1","Echo Form","Coolheaded+1","Steam+1","Hologram+1","Seek+1","Master of Strategy+1","Thinking Ahead+1","Blind+1","Stack+1","Compile Driver","Hologram+1","Steam+1","Skim+1","Machine Learning+1","Ball Lightning+1"],"special_seed":0,"relics":["Cracked Core","Bloody Idol","Runic Capacitor","Question Card","MawBank","Singing Bowl","Dream Catcher","Runic Dome","Calipers","Bag of Marbles","Toxic Egg 2","Art of War","Membership Card","Thread and Needle","Nuclear Battery","Old Coin","Bird Faced Urn","Cables","Orichalcum","Unceasing Top","Emotion Chip"],"potions_floor_usage":[7,7,16,33,33,33,47,50,50,50],"damage_taken":[{"damage":2.0,"enemies":"Jaw Worm","floor":1.0,"turns":4.0},{"damage":1.0,"enemies":"Cultist","floor":4.0,"turns":3.0},{"damage":6,"enemies":"Gremlin Nob","floor":7,"turns":3},{"damage":0,"enemies":"2 Louse","floor":8,"turns":3},{"damage":0,"enemies":"Looter","floor":10,"turns":2},{"damage":11,"enemies":"Lagavulin","floor":11,"turns":7},{"damage":0,"enemies":"2 Fungi Beasts","floor":13,"turns":4},{"damage":9,"enemies":"Gremlin Nob","floor":14,"turns":4},{"damage":1,"enemies":"Hexaghost","floor":16,"turns":9},{"damage":0,"enemies":"Spheric Guardian","floor":18,"turns":3},{"damage":0,"enemies":"3 Byrds","floor":20,"turns":4},{"damage":36,"enemies":"Gremlin Leader","floor":24,"turns":7},{"damage":0,"enemies":"Snecko","floor":25,"turns":5},{"damage":47,"enemies":"Slavers","floor":28,"turns":6},{"damage":8,"enemies":"3 Cultists","floor":29,"turns":6},{"damage":11,"enemies":"Snake Plant","floor":31,"turns":4},{"damage":3,"enemies":"Champ","floor":33,"turns":8},{"damage":0,"enemies":"Orb Walker","floor":35,"turns":4},{"damage":22,"enemies":"3 Darklings","floor":37,"turns":3},{"damage":9,"floor":38,"turns":4},{"damage":0,"enemies":"Flame Bruiser 2 Orb","floor":39,"turns":5},{"damage":6,"enemies":"Giant Head","floor":40,"turns":12},{"damage":0,"enemies":"Maw","floor":41,"turns":8},{"damage":33,"enemies":"2 Orb Walkers","floor":42,"turns":5},{"damage":0,"enemies":"Nemesis","floor":44,"turns":6},{"damage":3,"enemies":"Spire Growth","floor":46,"turns":7},{"damage":5,"enemies":"Giant Head","floor":47,"turns":11},{"damage":0,"enemies":"Sphere and 2 Shapes","floor":48,"turns":5},{"damage":20,"enemies":"Donu and Deca","floor":50,"turns":7}],"seed_played":"2205106994481915142","potions_obtained":[{"floor":4.0,"key":"Explosive Potion"},{"floor":8,"key":"LiquidBronze"},{"floor":16,"key":"Ancient Potion"},{"floor":25,"key":"Fire Potion"},{"floor":28,"key":"Regen Potion"},{"floor":29,"key":"GamblersBrew"},{"floor":39,"key":"SpeedPotion"},{"floor":42,"key":"Strength Potion"},{"floor":46,"key":"Swift Potion"},{"floor":47,"key":"Energy Potion"},{"floor":48,"key":"Weak Potion"}],"is_trial":false,"path_per_floor":["M","?","?","M","$","R","E","M","T","M","E","R","M","E","R","B",null,"M","?","M","?","?","R","E","M","T","R","E","M","$","M","R","B",null,"M","?","M","?","M","E","M","E","T","E","R","M","E","M","R","B"],"character_chosen":"DEFECT","items_purchased":["Runic Capacitor","Cold Snap","Fire Potion","Membership Card","Thread and Needle","Echo Form","Coolheaded+1","Steam+1","FocusPotion"],"campfire_rested":1,"item_purchase_floors":[5,5,5,30,30,30,30,30,30],"current_hp_per_floor":[73,73,73,72,72,72,66,66,66,66,55,55,55,46,46,45,68,68,68,76,76,76,76,45,55,65,70,35,37,42,36,61,78,80,82,72,55,56,61,60,75,55,55,70,70,82,88,88,88,74],"gold":688,"neow_bonus":"TEN_PERCENT_HP_BONUS","is_prod":false,"is_daily":false,"chose_seed":false,"campfire_upgraded":7,"win_rate":0,"timestamp":1533542536,"path_taken":["M","?","?","M","$","R","E","M","T","?","E","R","M","E","R","BOSS","M","?","M","?","?","R","E","M","T","R","E","M","?","M","R","BOSS","M","?","M","?","M","E","M","E","T","E","R","?","E","M","R","BOSS"],"build_version":"2018-08-02","purchased_purges":2,"victory":true,"max_hp_per_floor":[82,82,76,76,76,76,76,76,76,76,76,76,76,76,76,76,76,76,76,76,76,76,76,76,76,76,76,78,78,78,78,80,80,80,82,82,82,82,82,82,84,84,84,86,86,88,88,88,88,88],"card_choices":[{"not_picked":["Beam Cell","Scrape"],"picked":"Auto Shields","floor":1.0},{"not_picked":["Storm","Leap"],"picked":"Compile Driver","floor":4.0},{"not_picked":["White Noise","Redo"],"picked":"Reinforced Body","floor":7},{"not_picked":["BootSequence","Conserve Battery","Chill"],"picked":"FTL","floor":8},{"not_picked":["Go for the Eyes","Sweeping Beam","Thunder Strike"],"picked":"Ball Lightning","floor":10},{"not_picked":["Lockon","Stack","Steam"],"picked":"Glacier","floor":11},{"not_picked":["Conserve Battery","Tempest","Stack"],"picked":"Steam","floor":13},{"not_picked":["Reprogram","Blizzard","Heatsinks"],"picked":"Loop","floor":14},{"not_picked":["Buffer","Seek","Amplify"],"picked":"Electrodynamics","floor":16},{"not_picked":["Coolheaded","Redo","Beam Cell"],"picked":"Glacier","floor":18},{"not_picked":["Undo","Barrage","Leap"],"picked":"Coolheaded","floor":20},{"not_picked":["Go for the Eyes","White Noise","Scrape"],"picked":"Compile Driver","floor":24},{"not_picked":["White Noise+1","Rebound","Hologram"],"picked":"Capacitor","floor":25},{"not_picked":["Fission+1","Lockon+1","Beam Cell+1","Steam Power+1"],"picked":"Singing Bowl","floor":28},{"not_picked":["Beam Cell+1","Doom and Gloom","Turbo+1"],"picked":"Coolheaded+1","floor":29},{"not_picked":["Recycle+1","Genetic Algorithm+1","Redo+1"],"picked":"Hologram+1","floor":31},{"not_picked":["Barrage","Leap+1","Gash","Beam Cell"],"picked":"Singing Bowl","floor":32},{"not_picked":["Biased Cognition","Meteor Strike","Reboot+1"],"picked":"Seek+1","floor":33},{"not_picked":["Beam Cell+1","Ball Lightning","Rebound","Redo+1"],"picked":"Singing Bowl","floor":35},{"not_picked":["Secret Weapon+1","Panacea+1","Good Instincts+1"],"picked":"Master of Strategy+1","floor":36},{"not_picked":["Dark Shackles+1","Jack Of All Trades+1","Purity+1"],"picked":"Thinking Ahead+1","floor":36},{"not_picked":["Magnetism","Good Instincts+1","Dark Shackles+1"],"picked":"Blind+1","floor":36},{"not_picked":["Scrape","BootSequence+1","Beam Cell"],"picked":"Stack+1","floor":37},{"not_picked":["Leap+1","Go for the Eyes","Conserve Battery+1"],"picked":"Compile Driver","floor":38},{"not_picked":["Beam Cell","Ball Lightning","Hyperbeam"],"picked":"Hologram+1","floor":39},{"not_picked":["Chaos+1","Beam Cell+1","Turbo+1"],"picked":"Steam+1","floor":40},{"not_picked":["Leap+1","Redo+1","Undo+1","Rebound"],"picked":"Singing Bowl","floor":41},{"not_picked":["Beam Cell","Reprogram+1","Doom and Gloom+1"],"picked":"Skim+1","floor":42},{"not_picked":["Leap+1","Undo+1","Storm","Rebound+1"],"picked":"Singing Bowl","floor":44},{"not_picked":["Turbo+1","Tempest+1","Leap+1","Auto Shields+1"],"picked":"Singing Bowl","floor":46},{"not_picked":["Streamline+1","Rip and Tear+1","Chill+1"],"picked":"Machine Learning","floor":47},{"not_picked":["Coolheaded+1","Sweeping Beam+1","Gash+1"],"picked":"Ball Lightning+1","floor":48}],"player_experience":312796,"relics_obtained":[{"floor":7,"key":"Question Card"},{"floor":9,"key":"MawBank"},{"floor":11,"key":"Singing Bowl"},{"floor":14,"key":"Dream Catcher"},{"floor":24,"key":"Bag of Marbles"},{"floor":26,"key":"Toxic Egg 2"},{"floor":28,"key":"Art of War"},{"floor":38,"key":"Old Coin"},{"floor":40,"key":"Bird Faced Urn"},{"floor":42,"key":"Cables"},{"floor":43,"key":"Orichalcum"},{"floor":44,"key":"Unceasing Top"},{"floor":47,"key":"Emotion Chip"}],"event_choices":[{"event_name":"Golden Shrine","player_choice":"Desecrate","floor":2.0,"damage_taken":0.0},{"event_name":"Golden Idol","player_choice":"Lose Max HP","floor":3.0,"damage_taken":0.0},{"event_name":"Forgotten Altar","player_choice":"Gave Idol","floor":19,"damage_taken":0},{"event_name":"The Mausoleum","player_choice":"Yes","floor":21,"damage_taken":0},{"event_name":"Back to Basics","player_choice":"Simplicity","floor":22,"damage_taken":0},{"event_name":"SensoryStone","player_choice":"Memory 3","floor":36,"damage_taken":0},{"event_name":"Mysterious Sphere","player_choice":"Fight","floor":38,"damage_taken":0}],"is_beta":false,"boss_relics":[{"not_picked":["Lizard Tail","White Beast Statue"],"picked":"Runic Dome"},{"not_picked":["Coffee Dripper","Velvet Choker"],"picked":"Nuclear Battery"}],"items_purged_floors":[5,30],"is_endless":false,"potions_floor_spawned":[4,8,16,25,28,29,31,39,42,46,47,48],"ascension_level":7}