{"gold_per_floor":[117,192,192,192,211,211,21,36,36,36,36,36,65,81,81,182,182,201,218,218,218,229,229,254,254,254,61,72,99,112,130,130,229,229,245,258,274,292,292],"floor_reached":39,"playtime":2809,"items_purged":["Strike_G"],"score":515,"play_id":"1763cb85-3891-4666-ac29-5375c0007996","local_time":"20180723201000","is_ascension_mode":true,"campfire_choices":[{"data":"Noxious Fumes","floor":6.0,"key":"SMITH"},{"data":"Neutralize","floor":10.0,"key":"SMITH"},{"floor":12.0,"key":"REST"},{"data":"Catalyst","floor":15.0,"key":"SMITH"},{"data":"Doppelganger","floor":23.0,"key":"SMITH"},{"floor":25.0,"key":"REST"},{"floor":32.0,"key":"REST"}],"neow_cost":"","seed_source_timestamp":24606770246838,"circlet_count":0,"master_deck":["Defend_G","Defend_G","Defend_G","Defend_G","Defend_G","Strike_G","Strike_G","Strike_G","Strike_G","Survivor","Neutralize+1","Poisoned Stab","Noxious Fumes+1","Catalyst+1","Crippling Poison","Poisoned Stab","Deflect","Deflect","Doppelganger+1","Cloak And Dagger+1","Sucker Punch+1","Bane","Distraction+1","Crippling Poison+1","Adrenaline+1","Poisoned Stab","Malaise+1","Catalyst+1","Noxious Fumes+1","Caltrops","Outmaneuver+1"],"special_seed":0,"relics":["Ring of the Snake","Pantograph","Matryoshka","Gremlin Horn","Bottled Tornado","Anchor","Sozu","Regal Pillow","Orichalcum","Toxic Egg 2","TwistedFunnel","Oddly Smooth Stone","Cursed Key"],"potions_floor_usage":[],"damage_taken":[{"damage":0.0,"enemies":"2 Louse","floor":1.0,"turns":5.0},{"damage":4.0,"enemies":"Jaw Worm","floor":5.0,"turns":4.0},{"damage":0.0,"enemies":"Small Slimes","floor":8.0,"turns":3.0},{"damage":19.0,"enemies":"Gremlin Nob","floor":13.0,"turns":4.0},{"damage":0.0,"enemies":"Blue Slaver","floor":14.0,"turns":2.0},{"damage":2.0,"enemies":"Hexaghost","floor":16.0,"turns":7.0},{"damage":0.0,"enemies":"Chosen","floor":18.0,"turns":4.0},{"damage":26.0,"enemies":"3 Byrds","floor":19.0,"turns":4.0},{"damage":10.0,"enemies":"Centurion and Healer","floor":22.0,"turns":5.0},{"damage":44.0,"enemies":"Slavers","floor":24.0,"turns":5.0},{"damage":5.0,"enemies":"3 Cultists","floor":28.0,"turns":4.0},{"damage":7.0,"enemies":"Gremlin Leader","floor":29.0,"turns":4.0},{"damage":8.0,"enemies":"Chosen and Byrds","floor":30.0,"turns":3.0},{"damage":0.0,"enemies":"Centurion and Healer","floor":31.0,"turns":3.0},{"damage":13.0,"enemies":"Automaton","floor":33.0,"turns":5.0},{"damage":23,"enemies":"3 Darklings","floor":35,"turns":4},{"damage":0,"enemies":"3 Shapes","floor":36,"turns":3},{"damage":21,"enemies":"Maw","floor":37,"turns":5},{"damage":2,"enemies":"4 Shapes","floor":38,"turns":3},{"damage":33,"enemies":"Spire Growth","floor":39,"turns":3}],"seed_played":"6104719435140500481","potions_obtained":[{"floor":13.0,"key":"Regen Potion"},{"floor":14.0,"key":"EssenceOfSteel"}],"is_trial":false,"path_per_floor":["M","?","?","?","M","R","$","M","T","R","T","R","E","M","R","B",null,"M","M","?","?","M","R","E","R","T","$","M","E","M","M","R","B",null,"M","M","M","M"],"character_chosen":"THE_SILENT","items_purchased":["Catalyst","Crippling Poison","TwistedFunnel"],"campfire_rested":3,"item_purchase_floors":[7,7,27],"current_hp_per_floor":[70,59,59,52,48,48,48,48,48,48,48,69,50,50,50,68,70,70,44,44,44,48,48,4,40,40,40,35,28,20,20,56,57,70,47,47,26,24,0],"gold":292,"neow_bonus":"","is_prod":false,"is_daily":false,"chose_seed":false,"campfire_upgraded":4,"win_rate":0,"timestamp":1532401800,"path_taken":["M","?","?","?","M","R","$","M","T","R","?","R","E","M","R","BOSS","M","?","?","?","M","R","E","R","T","$","?","E","M","M","R","BOSS","M","M","M","M","?"],"build_version":"2018-07-19v2","purchased_purges":1,"victory":false,"max_hp_per_floor":[70,70,70,70,70,70,70,70,70,70,70,70,70,70,70,70,70,70,70,70,70,70,70,70,70,70,70,70,70,70,70,70,70,70,70,70,70,70,70],"card_choices":[{"not_picked":["Underhanded Strike","Deadly Poison"],"picked":"Poisoned Stab","floor":1.0},{"not_picked":["PiercingWail","Dodge and Roll"],"picked":"Noxious Fumes","floor":5.0},{"not_picked":["Bouncing Flask","Deflect"],"picked":"Poisoned Stab","floor":8.0},{"not_picked":["Dagger Throw","Blade Dance"],"picked":"Deflect","floor":13.0},{"not_picked":["Predator","All Out Attack"],"picked":"Deflect","floor":14.0},{"not_picked":["Wraith Form v2","Phantasmal Killer"],"picked":"Doppelganger","floor":16.0},{"not_picked":["Dagger Spray","Dagger Throw","Tactician+1"],"picked":"SKIP","floor":18.0},{"not_picked":["Tactician+1","Dagger Throw"],"picked":"Cloak And Dagger+1","floor":19.0},{"not_picked":["Dagger Throw","Dodge and Roll"],"picked":"Sucker Punch+1","floor":22.0},{"not_picked":["Expertise","PiercingWail+1"],"picked":"Bane","floor":24.0},{"not_picked":["Dodge and Roll+1","Flying Knee"],"picked":"Distraction+1","floor":28.0},{"not_picked":["Underhanded Strike","Setup+1"],"picked":"Crippling Poison+1","floor":29.0},{"not_picked":["Bane+1","Distraction+1"],"picked":"Adrenaline+1","floor":30.0},{"not_picked":["Acrobatics+1","Leg Sweep+1"],"picked":"Poisoned Stab","floor":31.0},{"not_picked":["After Image","Night Terror+1"],"picked":"Malaise+1","floor":33.0},{"not_picked":["Skewer+1","Slice+1"],"picked":"Catalyst+1","floor":35},{"not_picked":["Predator+1","Setup+1"],"picked":"Noxious Fumes+1","floor":36},{"not_picked":["Slice","Dagger Throw"],"picked":"Caltrops","floor":37},{"not_picked":["Dagger Spray","Reflex+1"],"picked":"Outmaneuver+1","floor":38}],"player_experience":148838,"relics_obtained":[{"floor":9.0,"key":"Matryoshka"},{"floor":11.0,"key":"Gremlin Horn"},{"floor":11.0,"key":"Bottled Tornado"},{"floor":13.0,"key":"Anchor"},{"floor":24.0,"key":"Regal Pillow"},{"floor":26.0,"key":"Orichalcum"},{"floor":26.0,"key":"Toxic Egg 2"},{"floor":29.0,"key":"Oddly Smooth Stone"}],"event_choices":[{"event_name":"World of Goop","player_choice":"Gather Gold","floor":2.0,"damage_taken":0.0},{"event_name":"Big Fish","player_choice":"Box","floor":3.0,"damage_taken":0.0},{"event_name":"Golden Wing","player_choice":"Card Removal","floor":4.0,"damage_taken":0.0},{"event_name":"Drug Dealer","player_choice":"Ignored","floor":20.0,"damage_taken":0.0},{"event_name":"Cursed Tome","player_choice":"Ignored","floor":21.0,"damage_taken":0.0}],"is_beta":false,"boss_relics":[{"not_picked":["Eternal Feather","Astrolabe"],"picked":"Sozu"},{"not_picked":["White Beast Statue","Orrery"],"picked":"Cursed Key"}],"items_purged_floors":[7],"is_endless":false,"potions_floor_spawned":[13,14,18,22,24,30,33,36,38],"killed_by":"Spire Growth","ascension_level":3}