{"gold_per_floor":[109,129,179,239,253,253,253,284,310,321,334,334,352,380,380,453,453,453,393,393],"floor_reached":20,"playtime":933,"items_purged":[],"score":353,"play_id":"cc3438f8-d3f5-41a0-b8ac-02e39bdbfe71","local_time":"20190413140000","is_ascension_mode":true,"campfire_choices":[{"data":"Inflame","floor":6.0,"key":"SMITH"},{"floor":12.0,"key":"REST"},{"data":"Rampage","floor":15.0,"key":"SMITH"}],"neow_cost":"NONE","seed_source_timestamp":322721437716500,"circlet_count":0,"master_deck":["AscendersBane","Strike_R","Strike_R","Strike_R","Strike_R","Strike_R","Defend_R","Defend_R","Defend_R","Defend_R","Bash+1","Shrug It Off","True Grit","Inflame+1","Anger","Sword Boomerang","Rampage+1","Evolve","Immolate","Limit Break","Pommel Strike+1","Inflame"],"special_seed":0,"relics":["Burning Blood","Ancient Tea Set","PreservedInsect","Dream Catcher","Ginger","Ectoplasm"],"potions_floor_usage":[18,18],"damage_taken":[{"damage":7.0,"enemies":"Cultist","floor":1.0,"turns":4.0},{"damage":8.0,"enemies":"2 Louse","floor":2.0,"turns":3.0},{"damage":12.0,"enemies":"Small Slimes","floor":5.0,"turns":6.0},{"damage":25.0,"enemies":"3 Sentries","floor":8.0,"turns":9.0},{"damage":9.0,"enemies":"Red Slaver","floor":10.0,"turns":4.0},{"damage":9.0,"enemies":"Blue Slaver","floor":11.0,"turns":4.0},{"damage":6.0,"enemies":"3 Louse","floor":13.0,"turns":3.0},{"damage":8.0,"enemies":"Gremlin Nob","floor":14.0,"turns":3.0},{"damage":46.0,"enemies":"Hexaghost","floor":16.0,"turns":9.0},{"damage":10,"enemies":"3 Byrds","floor":18,"turns":4},{"damage":17,"enemies":"2 Thieves","floor":19,"turns":3},{"damage":46,"enemies":"Colosseum Slavers","floor":20,"turns":3}],"seed_played":"-6487942738494087337","potions_obtained":[{"floor":8.0,"key":"GamblersBrew"},{"floor":11.0,"key":"SneckoOil"},{"floor":16.0,"key":"Fire Potion"},{"floor":18,"key":"Dexterity Potion"}],"is_trial":false,"path_per_floor":["M","M","T","?","M","R","?","E","T","M","M","R","M","E","R","B",null,"M","M","?"],"character_chosen":"IRONCLAD","items_purchased":[],"campfire_rested":1,"item_purchase_floors":[],"current_hp_per_floor":[67,65,65,65,59,59,59,40,40,37,34,56,56,54,54,14,60,56,45,0],"gold":393,"neow_bonus":"UPGRADE_CARD","is_prod":false,"is_daily":false,"chose_seed":false,"campfire_upgraded":2,"win_rate":0,"timestamp":1555189200,"path_taken":["M","M","?","?","M","R","?","E","T","M","?","R","M","E","R","BOSS","M","M","?"],"build_version":"2019-01-23","purchased_purges":0,"victory":false,"max_hp_per_floor":[75,75,75,75,75,75,75,75,75,75,75,75,75,75,75,75,75,75,75,75],"card_choices":[{"not_picked":["Warcry","Wild Strike"],"picked":"Shrug It Off","floor":1.0},{"not_picked":["Havoc","Twin Strike"],"picked":"True Grit","floor":2.0},{"not_picked":["Cleave","Flex"],"picked":"Inflame","floor":5.0},{"not_picked":["Rage","Pummel"],"picked":"Sword Boomerang","floor":8.0},{"not_picked":["Heavy Blade","Corruption"],"picked":"Rampage","floor":10.0},{"not_picked":["Rampage","Perfected Strike"],"picked":"Evolve","floor":11.0},{"not_picked":["Headbutt","Iron Wave"],"picked":"Immolate","floor":12.0},{"not_picked":["Anger","Havoc","Iron Wave"],"picked":"SKIP","floor":13.0},{"not_picked":["Thunderclap","Anger","Immolate"],"picked":"SKIP","floor":14.0},{"not_picked":["Double Tap","Impervious"],"picked":"Limit Break","floor":16.0},{"not_picked":["Shockwave","Armaments"],"picked":"Pommel Strike+1","floor":18},{"not_picked":["Twin Strike","Iron Wave"],"picked":"Inflame","floor":19}],"player_experience":547503,"relics_obtained":[{"floor":3.0,"key":"Ancient Tea Set"},{"floor":8.0,"key":"PreservedInsect"},{"floor":9.0,"key":"Dream Catcher"},{"floor":14.0,"key":"Ginger"}],"event_choices":[{"damage_healed":0.0,"max_hp_gain":0.0,"max_hp_loss":0.0,"gold_gain":60.0,"event_name":"Golden Wing","player_choice":"Gained Gold","floor":4.0,"gold_loss":0.0,"damage_taken":0.0},{"damage_healed":0.0,"max_hp_gain":0.0,"max_hp_loss":0.0,"gold_gain":0.0,"event_name":"Match and Keep!","player_choice":"1 cards matched","floor":7.0,"gold_loss":0.0,"damage_taken":0.0,"cards_obtained":["Anger"]},{"damage_healed":0,"gold_gain":0,"player_choice":"Fight","damage_taken":0,"max_hp_gain":0,"max_hp_loss":0,"event_name":"Colosseum","floor":20,"gold_loss":0}],"is_beta":false,"boss_relics":[{"not_picked":["Philosopher\u0027s Stone","Pandora\u0027s Box"],"picked":"Ectoplasm"}],"items_purged_floors":[],"is_endless":false,"potions_floor_spawned":[8,11,16,18],"killed_by":"Colosseum Slavers","ascension_level":18}