{"gold_per_floor":[119,132,207,207,54,54,69,85,85,115,132,132,164,264,264,368,368,379,396,396,14,14,14,14,46,108,134,161,173,209,241,253,360,372,404,430,458,44,58,58,68,68,68,68,79,110,121,140,140,140],"floor_reached":50,"playtime":8842,"items_purged":["Strike_R"],"score":583,"play_id":"f1026f4c-8c0b-4a80-8fa9-3a2690a28f31","local_time":"20180729221205","is_ascension_mode":false,"campfire_choices":[{"data":"Bash","floor":6.0,"key":"SMITH"},{"data":"Armaments","floor":12.0,"key":"SMITH"},{"data":"Searing Blow","floor":15.0,"key":"SMITH"},{"floor":24.0,"key":"REST"},{"floor":29.0,"key":"REST"},{"floor":32,"key":"REST"},{"floor":40,"key":"REST"},{"floor":44,"key":"REST"},{"floor":49,"key":"REST"}],"neow_cost":"NONE","seed_source_timestamp":0,"circlet_count":0,"master_deck":["Strike_R","Strike_R","Strike_R","Defend_R","Defend_R","Defend_R","Bash+1","Perfected Strike","Cleave","Armaments+1","Twin Strike","Demon Form","Uppercut","Searing Blow+1","Evolve","Reckless Charge","Flame Barrier","Reckless Charge+1","Wild Strike","Impervious","Heavy Blade","Headbutt","Reaper","Flame Barrier+1","Armaments+1","Inflame","True Grit+1","Whirlwind+1","Decay","Iron Wave+1","Iron Wave+1","Feel No Pain+1"],"special_seed":0,"relics":["Burning Blood","Orichalcum","Happy Flower","Darkstone Periapt","Smiling Mask","Regal Pillow","White Beast Statue","Nunchaku","MawBank","Centennial Puzzle","Cursed Key","Bird Faced Urn","Turnip","Question Card"],"potions_floor_usage":[33,36,37,37,45,45,46,46,47,50,50],"damage_taken":[{"damage":1.0,"enemies":"Jaw Worm","floor":1.0,"turns":5.0},{"damage":1.0,"enemies":"Small Slimes","floor":2.0,"turns":3.0},{"damage":0.0,"enemies":"Cultist","floor":7.0,"turns":3.0},{"damage":0.0,"enemies":"3 Louse","floor":8.0,"turns":2.0},{"damage":10.0,"enemies":"3 Sentries","floor":10.0,"turns":4.0},{"damage":0.0,"enemies":"Lots of Slimes","floor":11.0,"turns":1.0},{"damage":10.0,"enemies":"Lagavulin","floor":13.0,"turns":7.0},{"damage":27.0,"enemies":"Hexaghost","floor":16.0,"turns":6.0},{"damage":29.0,"enemies":"3 Byrds","floor":18.0,"turns":6.0},{"damage":18.0,"enemies":"Shell Parasite","floor":19.0,"turns":5.0},{"damage":61.0,"enemies":"Gremlin Leader","floor":25.0,"turns":6.0},{"damage":30.0,"enemies":"Snake Plant","floor":27.0,"turns":4.0},{"damage":8.0,"enemies":"Centurion and Healer","floor":28.0,"turns":5.0},{"damage":18.0,"enemies":"Sentry and Sphere","floor":30.0,"turns":5.0},{"damage":24,"enemies":"Snake Plant","floor":31,"turns":5},{"damage":55,"enemies":"Collector","floor":33,"turns":9},{"damage":50,"enemies":"Flame Bruiser 1 Orb","floor":35,"turns":5},{"damage":36,"enemies":"3 Shapes","floor":36,"turns":5},{"damage":48,"enemies":"Flame Bruiser 2 Orb","floor":37,"turns":7},{"damage":5,"enemies":"Sphere and 2 Shapes","floor":39,"turns":6},{"damage":30,"enemies":"Transient","floor":41,"turns":5},{"damage":34,"enemies":"Spire Growth","floor":45,"turns":5},{"damage":80,"enemies":"Giant Head","floor":46,"turns":8},{"damage":22,"enemies":"3 Darklings","floor":47,"turns":4},{"damage":31,"enemies":"Sphere and 2 Shapes","floor":48,"turns":6},{"damage":114,"enemies":"Time Eater","floor":50,"turns":8}],"seed_played":"-3208401818806028163","potions_obtained":[{"floor":7.0,"key":"FearPotion"},{"floor":11.0,"key":"SpeedPotion"},{"floor":16.0,"key":"LiquidBronze"},{"floor":18.0,"key":"BloodPotion"},{"floor":19.0,"key":"EntropicBrew"},{"floor":25.0,"key":"Strength Potion"},{"floor":27.0,"key":"Energy Potion"},{"floor":28.0,"key":"Fire Potion"},{"floor":30,"key":"SteroidPotion"},{"floor":33,"key":"LiquidBronze"},{"floor":35,"key":"SteroidPotion"},{"floor":36,"key":"Energy Potion"},{"floor":37,"key":"EssenceOfSteel"},{"floor":39,"key":"PowerPotion"},{"floor":41,"key":"Strength Potion"},{"floor":45,"key":"Energy Potion"},{"floor":46,"key":"Fire Potion"},{"floor":47,"key":"SteroidPotion"},{"floor":48,"key":"LiquidBronze"}],"is_trial":false,"path_per_floor":["M","M","?","?","$","R","M","M","T","E","M","R","E","?","R","B",null,"M","M","?","$","?","$","R","E","T","M","M","R","M","M","R","B",null,"M","M","M","$","M","R","M","?","T","R","M","E","M","M","R"],"character_chosen":"IRONCLAD","items_purchased":["Happy Flower","Flame Barrier","Nunchaku","Inflame","Bird Faced Urn"],"campfire_rested":6,"item_purchase_floors":[5,21,21,38,38],"current_hp_per_floor":[80,80,69,69,69,69,75,80,80,76,80,80,76,76,76,55,80,61,52,52,52,35,35,77,34,34,13,11,55,43,25,69,20,98,68,58,19,19,27,74,59,59,65,114,98,30,36,23,72,0],"gold":140,"neow_bonus":"RANDOM_COMMON_RELIC","is_prod":false,"is_daily":false,"chose_seed":false,"campfire_upgraded":3,"win_rate":0,"timestamp":1532927525,"path_taken":["M","M","?","?","$","R","M","?","T","E","M","R","E","?","R","BOSS","M","M","?","$","?","?","R","E","T","M","M","R","M","M","R","BOSS","M","M","?","$","M","R","M","?","T","R","M","E","M","?","R","BOSS"],"build_version":"2018-07-26","purchased_purges":1,"victory":false,"max_hp_per_floor":[80,80,80,80,80,80,80,80,80,80,80,80,80,80,80,80,80,84,87,87,87,92,92,92,95,95,98,98,98,98,98,98,98,98,98,102,105,105,108,108,108,108,114,114,114,114,114,114,114,114],"card_choices":[{"not_picked":["Cleave","Anger"],"picked":"Perfected Strike","floor":1.0},{"not_picked":["Warcry","Heavy Blade"],"picked":"Cleave","floor":2.0},{"not_picked":["Perfected Strike","Reckless Charge"],"picked":"Armaments","floor":7.0},{"not_picked":["Clash","Armaments"],"picked":"Twin Strike","floor":8.0},{"not_picked":["Burning Pact","Body Slam"],"picked":"Demon Form","floor":10.0},{"not_picked":["Havoc","Second Wind"],"picked":"Uppercut","floor":11.0},{"not_picked":["Wild Strike","Dual Wield"],"picked":"Searing Blow","floor":13.0},{"not_picked":["Reaper","Barricade"],"picked":"Feed","floor":16.0},{"not_picked":["Sentinel","Wild Strike+1"],"picked":"Evolve","floor":18.0},{"not_picked":["Flex","Havoc+1"],"picked":"Reckless Charge","floor":19.0},{"not_picked":["Searing Blow","Disarm"],"picked":"Reckless Charge+1","floor":25.0},{"not_picked":["Anger+1","Headbutt"],"picked":"Wild Strike","floor":27.0},{"not_picked":["Havoc+1","Rage"],"picked":"Impervious","floor":28.0},{"not_picked":["Wild Strike+1","Disarm"],"picked":"Heavy Blade","floor":30},{"not_picked":["Fiend Fire","Iron Wave"],"picked":"Headbutt","floor":31},{"not_picked":["Offering","Barricade"],"picked":"Reaper","floor":33},{"not_picked":["Perfected Strike","Uppercut"],"picked":"Flame Barrier+1","floor":35},{"not_picked":["Uppercut","Clash+1","Sword Boomerang"],"picked":"SKIP","floor":36},{"not_picked":["Fire Breathing+1","Corruption"],"picked":"Armaments+1","floor":37},{"not_picked":["Searing Blow+1","Clash+1"],"picked":"True Grit+1","floor":39},{"not_picked":["Dual Wield+1","Uppercut+1"],"picked":"Whirlwind+1","floor":41},{"not_picked":["Headbutt","Clash"],"picked":"Iron Wave+1","floor":45},{"not_picked":["Demon Form","Carnage+1"],"picked":"Iron Wave+1","floor":46},{"not_picked":["Anger","Thunderclap+1","Headbutt","Havoc+1"],"picked":"SKIP","floor":47},{"not_picked":["Havoc","Searing Blow","Headbutt"],"picked":"Feel No Pain+1","floor":48}],"player_experience":245474,"relics_obtained":[{"floor":9.0,"key":"Darkstone Periapt"},{"floor":10.0,"key":"Smiling Mask"},{"floor":13.0,"key":"Regal Pillow"},{"floor":25.0,"key":"MawBank"},{"floor":26.0,"key":"Centennial Puzzle"},{"floor":43,"key":"Turnip"},{"floor":46,"key":"Question Card"}],"event_choices":[{"event_name":"World of Goop","player_choice":"Gather Gold","floor":3.0,"damage_taken":0.0},{"event_name":"Wheel of Change","player_choice":"Card Removal","floor":4.0,"damage_taken":0.0},{"event_name":"Golden Shrine","player_choice":"Pray","floor":14.0,"damage_taken":0.0},{"event_name":"Back to Basics","player_choice":"Elegance","floor":20.0,"damage_taken":0.0},{"event_name":"Forgotten Altar","player_choice":"Shed Blood","floor":22.0,"damage_taken":0.0},{"event_name":"Falling","player_choice":"Removed Attack","floor":42,"damage_taken":0}],"is_beta":false,"boss_relics":[{"not_picked":["Eternal Feather","Ectoplasm"],"picked":"White Beast Statue"},{"not_picked":["Mark of Pain","Busted Crown"],"picked":"Cursed Key"}],"items_purged_floors":[38],"is_endless":false,"potions_floor_spawned":[7,11,16,18,19,25,27,28,30,31,33,35,36,37,39,41,45,46,47,48],"killed_by":"Time Eater","ascension_level":0}