{"gold_per_floor":[118,118,293,293,136,167,179,193,217,248,122,179,210,223,223,322,322,334,334,347,347,347,347,374,390,390,403,422,448,463,489,489,489],"floor_reached":33,"playtime":2334,"items_purged":["Doubt","Doubt"],"score":498,"play_id":"004473ee-760d-437a-8bb6-9152e361cb58","local_time":"20190104073659","is_ascension_mode":true,"campfire_choices":[{"data":"Bludgeon","floor":15.0,"key":"SMITH"},{"data":"Armaments","floor":23.0,"key":"SMITH"},{"floor":32.0,"key":"REST"}],"neow_cost":"CURSE","seed_source_timestamp":1103331898471861,"circlet_count":0,"master_deck":["Strike_R","Strike_R","Strike_R","Strike_R","Strike_R","Defend_R","Defend_R","Defend_R","Bash","Rage","Bludgeon+1","Cleave","Armaments+1","Offering","Warcry","Seeing Red","Offering","RitualDagger","Armaments","Double Tap","Warcry","Immolate","Seeing Red+1"],"special_seed":0,"relics":["Black Blood","Regal Pillow","Red Skull","Orichalcum","Darkstone Periapt","Peace Pipe","Nloth\u0027s Gift","Matryoshka","Oddly Smooth Stone","Blue Candle","Bird Faced Urn","Vajra"],"potions_floor_usage":[33,33,33],"damage_taken":[{"damage":16.0,"enemies":"Cultist","floor":1.0,"turns":4.0},{"damage":32.0,"enemies":"3 Sentries","floor":6.0,"turns":7.0},{"damage":5.0,"enemies":"Small Slimes","floor":7.0,"turns":3.0},{"damage":4.0,"enemies":"Jaw Worm","floor":8.0,"turns":4.0},{"damage":4.0,"enemies":"Gremlin Nob","floor":10.0,"turns":3.0},{"damage":7.0,"enemies":"3 Sentries","floor":12.0,"turns":4.0},{"damage":25.0,"enemies":"3 Sentries","floor":13.0,"turns":6.0},{"damage":0.0,"enemies":"Exordium Thugs","floor":14.0,"turns":4.0},{"damage":27.0,"enemies":"Slime Boss","floor":16.0,"turns":8.0},{"damage":19.0,"enemies":"3 Byrds","floor":18.0,"turns":6.0},{"damage":15.0,"enemies":"Chosen","floor":20.0,"turns":2.0},{"damage":37.0,"enemies":"Slavers","floor":24.0,"turns":6.0},{"damage":0.0,"enemies":"Snake Plant","floor":25.0,"turns":1.0},{"damage":6.0,"enemies":"Snecko","floor":27.0,"turns":2.0},{"damage":12.0,"enemies":"Cultist and Chosen","floor":28.0,"turns":4.0},{"damage":15.0,"enemies":"Book of Stabbing","floor":29.0,"turns":3.0},{"damage":22.0,"enemies":"Centurion and Healer","floor":30.0,"turns":5.0},{"damage":6.0,"enemies":"Gremlin Leader","floor":31.0,"turns":4.0},{"damage":81,"enemies":"Champ","floor":33,"turns":6}],"seed_played":"-8355636917740520795","potions_obtained":[{"floor":6.0,"key":"PowerPotion"},{"floor":12.0,"key":"Swift Potion"},{"floor":16.0,"key":"BloodPotion"},{"floor":24.0,"key":"SteroidPotion"},{"floor":30.0,"key":"Strength Potion"},{"floor":31.0,"key":"Swift Potion"}],"is_trial":false,"path_per_floor":["M","?","?","T","$","E","M","M","T","E","$","?","E","M","R","B",null,"M","?","M","?","?","R","E","M","T","M","M","E","M","E","R","B"],"character_chosen":"IRONCLAD","items_purchased":["Bludgeon","Warcry"],"campfire_rested":1,"item_purchase_floors":[5,11],"current_hp_per_floor":[78,75,75,75,75,49,50,52,52,54,54,53,34,40,40,19,77,68,68,63,57,57,57,30,40,40,44,42,37,25,29,72,0],"gold":489,"neow_bonus":"TWENTY_PERCENT_HP_BONUS","is_prod":false,"is_daily":false,"chose_seed":false,"campfire_upgraded":2,"win_rate":0,"timestamp":1546555019,"path_taken":["M","?","?","?","$","E","M","?","T","E","?","?","E","M","R","BOSS","M","?","?","?","?","R","E","M","T","M","M","E","?","E","R","BOSS"],"build_version":"2018-12-20","purchased_purges":2,"victory":false,"max_hp_per_floor":[96,96,96,96,96,96,96,96,96,96,96,96,96,96,96,96,96,96,96,96,96,96,96,96,96,96,96,96,96,96,96,96,96],"card_choices":[{"not_picked":["Perfected Strike","True Grit"],"picked":"Rage","floor":1.0},{"not_picked":["Flex","True Grit"],"picked":"Cleave","floor":6.0},{"not_picked":["Cleave","Sentinel"],"picked":"Armaments","floor":7.0},{"not_picked":["Sever Soul","Perfected Strike","Cleave"],"picked":"SKIP","floor":8.0},{"not_picked":["Clash","Hemokinesis"],"picked":"Offering","floor":10.0},{"not_picked":["Thunderclap","Body Slam"],"picked":"Seeing Red","floor":12.0},{"not_picked":["Flex","Corruption","Iron Wave"],"picked":"SKIP","floor":13.0},{"not_picked":["Cleave","Clash","Havoc"],"picked":"SKIP","floor":14.0},{"not_picked":["Brutality","Impervious"],"picked":"Offering","floor":16.0},{"not_picked":["Second Wind","Flex","Body Slam"],"picked":"SKIP","floor":18.0},{"not_picked":["Pommel Strike","Clothesline","Iron Wave"],"picked":"SKIP","floor":20.0},{"not_picked":["Metallicize","Warcry"],"picked":"Double Tap","floor":24.0},{"not_picked":["Flex","Cleave+1"],"picked":"Warcry","floor":25.0},{"not_picked":["Pummel+1","Heavy Blade","Clash+1"],"picked":"SKIP","floor":27.0},{"not_picked":["Evolve","Armaments","Iron Wave"],"picked":"SKIP","floor":28.0},{"not_picked":["Sword Boomerang","Iron Wave+1"],"picked":"Immolate","floor":29.0},{"not_picked":["True Grit+1","Havoc","Corruption+1"],"picked":"SKIP","floor":30.0},{"not_picked":["Twin Strike","Clothesline"],"picked":"Seeing Red+1","floor":31.0}],"player_experience":104533,"relics_obtained":[{"floor":6.0,"key":"Red Skull"},{"floor":9.0,"key":"Lantern"},{"floor":10.0,"key":"Orichalcum"},{"floor":12.0,"key":"Darkstone Periapt"},{"floor":13.0,"key":"Peace Pipe"},{"floor":24.0,"key":"Matryoshka"},{"floor":26.0,"key":"Oddly Smooth Stone"},{"floor":26.0,"key":"Blue Candle"},{"floor":29.0,"key":"Bird Faced Urn"},{"floor":31.0,"key":"Vajra"}],"event_choices":[{"damage_healed":0.0,"max_hp_gain":0.0,"max_hp_loss":0.0,"gold_gain":0.0,"event_name":"Scrap Ooze","player_choice":"Success","floor":2.0,"gold_loss":0.0,"damage_taken":3.0,"relics_obtained":["Regal Pillow"]},{"damage_healed":0.0,"max_hp_gain":0.0,"max_hp_loss":0.0,"gold_gain":175.0,"event_name":"Liars Game","player_choice":"AGREE","floor":3.0,"gold_loss":0.0,"damage_taken":0.0,"cards_obtained":["Doubt"]},{"damage_healed":0.0,"max_hp_gain":0.0,"max_hp_loss":0.0,"gold_gain":0.0,"event_name":"Dead Adventurer","player_choice":"Searched \u00272\u0027 times","floor":12.0,"gold_loss":0.0,"damage_taken":0.0},{"damage_healed":0.0,"max_hp_gain":0.0,"max_hp_loss":0.0,"gold_gain":0.0,"event_name":"N\u0027loth","player_choice":"Traded Relic","floor":19.0,"relics_lost":["Lantern"],"gold_loss":0.0,"damage_taken":0.0,"relics_obtained":["Nloth\u0027s Gift"]},{"damage_healed":0.0,"max_hp_gain":0.0,"max_hp_loss":0.0,"gold_gain":0.0,"event_name":"Nest","player_choice":"Joined the Cult","floor":21.0,"gold_loss":0.0,"damage_taken":6.0,"cards_obtained":["RitualDagger"]},{"damage_healed":0.0,"max_hp_gain":0.0,"max_hp_loss":0.0,"gold_gain":0.0,"cards_transformed":["Defend_R"],"event_name":"Transmorgrifier","player_choice":"Transformed","floor":22.0,"gold_loss":0.0,"damage_taken":0.0,"cards_obtained":["Armaments"]}],"is_beta":false,"boss_relics":[{"not_picked":["Mark of Pain","Sozu"],"picked":"Black Blood"}],"items_purged_floors":[5,11],"is_endless":false,"potions_floor_spawned":[6,12,16,24,30,31],"killed_by":"Champ","ascension_level":7}