{"gold_per_floor":[114,114,114,130,143,143,156,156,156,156,189,42,56,71,71,170,170,185,185,203,255,255,255,282,282],"floor_reached":25,"playtime":1094,"items_purged":[],"score":354,"play_id":"85d2d682-efde-4433-91a0-f5057e990dee","local_time":"20180813153857","is_ascension_mode":true,"campfire_choices":[{"data":"Go for the Eyes","floor":6,"key":"SMITH"},{"floor":8,"key":"REST"},{"data":"Loop","floor":15,"key":"SMITH"},{"data":"Sunder","floor":23,"key":"SMITH"}],"neow_cost":"","seed_source_timestamp":0,"circlet_count":0,"master_deck":["Strike_B","Strike_B+1","Strike_B","Strike_B","Defend_B+1","Defend_B","Defend_B+1","Zap+1","Dualcast","AscendersBane","Echo Form","Cold Snap","Go for the Eyes+1","Self Repair","Cold Snap","Conserve Battery","Loop+1","Biased Cognition","Sunder+1","Conserve Battery"],"special_seed":0,"relics":["Cracked Core","Cables","War Paint","Orichalcum","Philosopher\u0027s Stone","Pen Nib","Regal Pillow","Bag of Preparation"],"potions_floor_usage":[16,16],"damage_taken":[{"damage":0,"enemies":"2 Louse","floor":1,"turns":3},{"damage":11,"enemies":"Small Slimes","floor":4,"turns":4},{"damage":1,"enemies":"Cultist","floor":5,"turns":3},{"damage":28,"enemies":"Exordium Wildlife","floor":7,"turns":6},{"damage":24,"enemies":"Gremlin Nob","floor":11,"turns":4},{"damage":2,"enemies":"3 Louse","floor":13,"turns":3},{"damage":15,"enemies":"Exordium Thugs","floor":14,"turns":5},{"damage":20,"enemies":"Slime Boss","floor":16,"turns":10},{"damage":22,"enemies":"2 Thieves","floor":18,"turns":4},{"damage":17,"enemies":"Shell Parasite","floor":20,"turns":5},{"damage":13,"enemies":"Book of Stabbing","floor":24,"turns":5},{"damage":25,"enemies":"Snake Plant","floor":25,"turns":2}],"seed_played":"-3491553686577890053","potions_obtained":[{"floor":4,"key":"Ancient Potion"},{"floor":13,"key":"Strength Potion"},{"floor":14,"key":"SkillPotion"},{"floor":18,"key":"Explosive Potion"}],"is_trial":false,"path_per_floor":["M","?","?","M","M","R","M","R","T","?","E","$","M","M","R","B",null,"M","?","M","T","?","R","E"],"character_chosen":"DEFECT","items_purchased":["Orichalcum"],"campfire_rested":1,"item_purchase_floors":[12],"current_hp_per_floor":[68,68,53,42,41,41,13,35,35,60,43,43,48,47,47,41,67,52,52,49,49,35,35,22,0],"gold":282,"neow_bonus":"","is_prod":false,"is_daily":false,"chose_seed":false,"campfire_upgraded":3,"win_rate":0,"timestamp":1534199937,"path_taken":["M","?","?","M","M","R","M","R","T","?","E","?","M","?","R","BOSS","M","?","M","?","?","R","E","M"],"build_version":"2018-08-09","purchased_purges":0,"victory":false,"max_hp_per_floor":[75,75,75,75,75,75,75,75,75,75,75,75,75,75,75,75,75,75,75,75,75,80,80,80,80],"card_choices":[{"not_picked":["Hologram","Redo","Barrage"],"picked":"SKIP","floor":1},{"not_picked":["Rebound","Steam"],"picked":"Cold Snap","floor":4},{"not_picked":["Coolheaded","Leap"],"picked":"Go for the Eyes","floor":5},{"not_picked":["Steam Power","Rebound"],"picked":"Self Repair","floor":7},{"not_picked":["Hello World","BootSequence"],"picked":"Cold Snap","floor":11},{"not_picked":["Self Repair","Reprogram"],"picked":"Conserve Battery","floor":13},{"not_picked":["Rebound","Stack"],"picked":"Loop","floor":14},{"not_picked":["Hyperbeam","Creative AI"],"picked":"Biased Cognition","floor":16},{"not_picked":["Redo","Cold Snap"],"picked":"Sunder","floor":18},{"not_picked":["Beam Cell","Gash"],"picked":"Conserve Battery","floor":20},{"not_picked":["Sweeping Beam","Heatsinks","Hello World"],"picked":"SKIP","floor":24}],"player_experience":447710,"relics_obtained":[{"floor":9,"key":"Cables"},{"floor":11,"key":"War Paint"},{"floor":21,"key":"Regal Pillow"},{"floor":24,"key":"Bag of Preparation"}],"event_choices":[{"event_name":"Living Wall","player_choice":"Change","floor":2,"damage_taken":0},{"event_name":"Shining Light","player_choice":"Entered Light","floor":3,"damage_taken":0},{"event_name":"Big Fish","player_choice":"Banana","floor":10,"damage_taken":0},{"event_name":"The Mausoleum","player_choice":"Yes","floor":19,"damage_taken":0},{"event_name":"Forgotten Altar","player_choice":"Shed Blood","floor":22,"damage_taken":0}],"is_beta":false,"boss_relics":[{"not_picked":["Black Star","Runic Pyramid"],"picked":"Philosopher\u0027s Stone"}],"items_purged_floors":[],"is_endless":false,"potions_floor_spawned":[4,13,14,18],"killed_by":"Snake Plant","ascension_level":12}