{"path_per_floor":["M","$","?","M","M","R","M","E","T","M","?","M","M"],"character_chosen":"THE_SILENT","items_purchased":["Infinite Blades"],"gold_per_floor":[112,36,36,53,72,72,84,115,115,134,101,117,128,128],"floor_reached":14,"campfire_rested":0,"playtime":712,"item_purchase_floors":[2],"current_hp_per_floor":[70,70,70,70,70,70,63,42,42,42,42,34,32,0],"items_purged":[],"gold":128,"score":94,"play_id":"5353d936-ced6-422c-b716-4a23f75995f2","local_time":"20180618080646","is_prod":false,"is_daily":false,"chose_seed":false,"is_ascension_mode":false,"campfire_upgraded":1,"win_rate":0,"timestamp":1529327206,"campfire_choices":[{"data":"Infinite Blades","floor":6,"key":"SMITH"}],"path_taken":["M","$","?","M","M","R","M","E","T","M","?","M","M","M"],"build_version":"2018-06-14v2","seed_source_timestamp":554631493974756,"purchased_purges":0,"victory":false,"master_deck":["Defend_G","Defend_G","Defend_G","Defend_G","Defend_G","Strike_G","Strike_G","Strike_G","Strike_G","Strike_G","Survivor","Neutralize","Bullet Time","Backstab","Infinite Blades+1","Poisoned Stab","Caltrops","Noxious Fumes","Terror","Dodge and Roll","Outmaneuver","Poisoned Stab"],"max_hp_per_floor":[70,70,70,70,70,70,70,70,70,70,70,70,70,70],"special_seed":17700,"relics":["Ring of the Snake","Pantograph","Blue Candle"],"card_choices":[{"not_picked":["Prepared","Dash"],"picked":"Backstab","floor":1},{"not_picked":["Eviscerate","PiercingWail"],"picked":"Poisoned Stab","floor":4},{"not_picked":["Sucker Punch","Outmaneuver"],"picked":"Caltrops","floor":5},{"not_picked":["Eviscerate","Predator"],"picked":"Noxious Fumes","floor":7},{"not_picked":["Dagger Spray","Dodge and Roll"],"picked":"Terror","floor":8},{"not_picked":["Acrobatics","Footwork"],"picked":"Dodge and Roll","floor":10},{"not_picked":["Footwork","Sucker Punch"],"picked":"Outmaneuver","floor":12},{"not_picked":["Deflect","Expertise"],"picked":"Poisoned Stab","floor":13}],"player_experience":83548,"potions_floor_usage":[],"damage_taken":[{"damage":0,"enemies":"2 Louse","floor":1,"turns":4},{"damage":0,"enemies":"Jaw Worm","floor":4,"turns":4},{"damage":0,"enemies":"Cultist","floor":5,"turns":3},{"damage":7,"enemies":"Blue Slaver","floor":7,"turns":4},{"damage":21,"enemies":"3 Sentries","floor":8,"turns":7},{"damage":0,"enemies":"2 Fungi Beasts","floor":10,"turns":3},{"damage":8,"enemies":"Exordium Wildlife","floor":12,"turns":4},{"damage":2,"enemies":"3 Louse","floor":13,"turns":3},{"damage":33,"enemies":"Gremlin Gang","floor":14,"turns":4}],"relics_obtained":[{"floor":8,"key":"Pantograph"},{"floor":9,"key":"Blue Candle"}],"event_choices":[{"event_name":"The Cleric","player_choice":"Leave","floor":3,"damage_taken":0},{"event_name":"World of Goop","player_choice":"Left","floor":11,"damage_taken":0}],"boss_relics":[],"items_purged_floors":[],"is_endless":false,"potions_floor_spawned":[7,12,13],"seed_played":"7735533014006764710","killed_by":"Gremlin Gang","ascension_level":0,"potions_obtained":[{"floor":7,"key":"LiquidBronze"},{"floor":12,"key":"GamblersBrew"},{"floor":13,"key":"SpeedPotion"}],"is_trial":false}