{"gold_per_floor":[219,235,185,185,33,33,62,74,74,104,104,139,158,186,186,285,285,305,250,2,25,40,66,66,92,130,142,170,105,117,148,160,269,281,312,324,336,363,25,25,55,55,133,163,179,198,208,234,234,234],"floor_reached":51,"playtime":4296,"items_purged":["Strike_R"],"score":1244,"play_id":"9eddb2f6-f685-4da7-ade8-c08269dc2985","local_time":"20180725151901","is_ascension_mode":true,"campfire_choices":[{"data":"Iron Wave","floor":6,"key":"SMITH"},{"floor":11,"key":"REST"},{"floor":15,"key":"REST"},{"data":"Barricade","floor":24,"key":"SMITH"},{"data":"True Grit","floor":27,"key":"SMITH"},{"data":"Shrug It Off","floor":30,"key":"SMITH"},{"floor":32,"key":"REST"},{"data":"Body Slam","floor":40,"key":"SMITH"},{"data":"Impervious","floor":42,"key":"SMITH"},{"data":"Impervious","floor":49,"key":"SMITH"}],"neow_cost":"NONE","seed_source_timestamp":181433527229069,"circlet_count":0,"master_deck":["Strike_R","Strike_R","Strike_R","Defend_R","Defend_R","Defend_R","Defend_R+1","Bash","Iron Wave+1","Inflame+1","Dual Wield","Spot Weakness","Sword Boomerang","Impervious+1","Twin Strike","Iron Wave","Barricade+1","Iron Wave+1","Shrug It Off+1","Impervious+1","True Grit+1","Shrug It Off+1","J.A.X.","Limit Break+1","True Grit+1","Clash+1","Body Slam+1","Pommel Strike+1","Clothesline+1","Reaper","True Grit+1"],"relics":["Burning Blood","Orichalcum","Bottled Flame","Dodecahedron","Odd Mushroom","Meat on the Bone","Vajra","Sozu","Tiny Chest","Bronze Scales","Ancient Tea Set","Regal Pillow","MawBank","Boot","Coffee Dripper","Unceasing Top","War Paint","Strange Spoon","Oddly Smooth Stone","Self Forming Clay","Magic Flower","Omamori"],"potions_floor_usage":[7,14,14,16,16],"damage_taken":[{"damage":0,"enemies":"2 Louse","floor":1,"turns":4},{"damage":0,"enemies":"Small Slimes","floor":2,"turns":3},{"damage":16,"enemies":"3 Sentries","floor":7,"turns":8},{"damage":0,"enemies":"Jaw Worm","floor":8,"turns":3},{"damage":25,"floor":10,"turns":5},{"damage":21,"enemies":"Lagavulin","floor":12,"turns":7},{"damage":14,"enemies":"Large Slime","floor":13,"turns":6},{"damage":2,"enemies":"Gremlin Nob","floor":14,"turns":3},{"damage":15,"enemies":"Slime Boss","floor":16,"turns":8},{"damage":0,"enemies":"Chosen","floor":18,"turns":3},{"damage":4,"enemies":"Shell Parasite","floor":22,"turns":3},{"damage":53,"enemies":"Slavers","floor":23,"turns":7},{"damage":6,"enemies":"Gremlin Leader","floor":25,"turns":8},{"damage":18,"enemies":"Cultist and Chosen","floor":28,"turns":7},{"damage":2,"enemies":"Centurion and Healer","floor":31,"turns":6},{"damage":10,"enemies":"Champ","floor":33,"turns":15},{"damage":17,"enemies":"Flame Bruiser 1 Orb","floor":35,"turns":7},{"damage":3,"floor":36,"turns":6},{"damage":16,"enemies":"Orb Walker","floor":38,"turns":4},{"damage":18,"enemies":"Nemesis","floor":41,"turns":6},{"damage":23,"enemies":"Giant Head","floor":44,"turns":7},{"damage":0,"enemies":"Flame Bruiser 2 Orb","floor":45,"turns":5},{"damage":3,"enemies":"Spire Growth","floor":46,"turns":4},{"damage":3,"enemies":"Sphere and 2 Shapes","floor":47,"turns":5},{"damage":9,"enemies":"2 Orb Walkers","floor":48,"turns":4},{"damage":52,"enemies":"Awakened One","floor":50,"turns":10}],"seed_played":"284056693843656612","potions_obtained":[{"floor":2,"key":"PowerPotion"},{"floor":7,"key":"Swift Potion"},{"floor":8,"key":"Strength Potion"},{"floor":12,"key":"Ancient Potion"},{"floor":14,"key":"Ancient Potion"}],"is_trial":false,"path_per_floor":["M","M","?","?","$","R","E","M","T","?","R","E","M","E","R","B",null,"M","?","$","T","M","E","R","E","T","R","M","?","R","M","R","B",null,"M","?","?","M","$","R","E","R","T","E","M","M","M","E","R","B"],"character_chosen":"IRONCLAD","items_purchased":["Orichalcum","Bronze Scales","Shrug It Off","War Paint","Strange Spoon"],"campfire_rested":3,"item_purchase_floors":[5,20,20,39,39],"current_hp_per_floor":[80,80,80,80,80,80,70,76,76,57,80,65,57,61,80,71,80,80,80,80,80,80,45,45,57,57,57,57,57,57,61,80,76,80,69,72,72,62,62,62,50,50,50,45,54,60,75,80,80,55],"gold":234,"neow_bonus":"HUNDRED_GOLD","is_prod":false,"is_daily":false,"chose_seed":false,"campfire_upgraded":7,"win_rate":0,"timestamp":1532557141,"path_taken":["M","M","?","?","$","R","E","M","T","?","R","E","M","E","R","BOSS","M","?","$","?","M","E","R","E","T","R","?","?","R","M","R","BOSS","M","?","?","M","$","R","E","R","T","E","M","M","M","E","R","BOSS"],"build_version":"2018-07-19v2","purchased_purges":1,"victory":true,"max_hp_per_floor":[80,80,80,80,80,80,80,80,80,80,80,80,80,80,80,80,80,80,80,80,80,80,80,80,80,80,80,80,80,80,80,80,80,80,80,80,80,80,80,80,80,80,80,80,80,80,80,80,80,80],"card_choices":[{"not_picked":["Cleave","Thunderclap"],"picked":"Iron Wave","floor":1},{"not_picked":["Pummel","Sentinel"],"picked":"Inflame","floor":2},{"not_picked":["Sever Soul","Perfected Strike"],"picked":"Dual Wield","floor":7},{"not_picked":["Sentinel","Warcry"],"picked":"Spot Weakness","floor":8},{"not_picked":["Searing Blow","Entrench"],"picked":"Sword Boomerang","floor":10},{"not_picked":["Anger","Shrug It Off"],"picked":"Impervious","floor":12},{"not_picked":["Hemokinesis","Power Through"],"picked":"Twin Strike","floor":13},{"not_picked":["Seeing Red","Armaments"],"picked":"Iron Wave","floor":14},{"not_picked":["Bludgeon","Double Tap"],"picked":"Barricade","floor":16},{"not_picked":["Disarm","Armaments"],"picked":"Iron Wave+1","floor":18},{"not_picked":["Twin Strike","Anger+1","Carnage"],"picked":"SKIP","floor":22},{"not_picked":["Searing Blow+1","Cleave"],"picked":"Impervious","floor":23},{"not_picked":["Cleave","Blood for Blood"],"picked":"True Grit","floor":25},{"not_picked":["Searing Blow","Armaments+1"],"picked":"Shrug It Off+1","floor":28},{"not_picked":["True Grit","Wild Strike","Sword Boomerang"],"picked":"SKIP","floor":31},{"not_picked":["Offering","Bludgeon"],"picked":"Limit Break","floor":33},{"not_picked":["Twin Strike+1","Sword Boomerang+1"],"picked":"True Grit+1","floor":35},{"not_picked":["Perfected Strike","Whirlwind+1"],"picked":"Clash+1","floor":36},{"not_picked":["Evolve+1","Twin Strike"],"picked":"Body Slam","floor":38},{"not_picked":["Warcry","Twin Strike+1"],"picked":"Pommel Strike+1","floor":41},{"not_picked":["Sentinel","Fire Breathing+1"],"picked":"Clothesline+1","floor":44},{"not_picked":["Second Wind","Power Through"],"picked":"Reaper","floor":45},{"not_picked":["Clash+1","Iron Wave+1"],"picked":"True Grit+1","floor":46},{"not_picked":["Fire Breathing+1","Wild Strike+1","Thunderclap"],"picked":"SKIP","floor":47},{"not_picked":["Clothesline","Armaments+1","Iron Wave"],"picked":"SKIP","floor":48}],"player_experience":186352,"relics_obtained":[{"floor":7,"key":"Bottled Flame"},{"floor":9,"key":"Dodecahedron"},{"floor":10,"key":"Odd Mushroom"},{"floor":12,"key":"Meat on the Bone"},{"floor":14,"key":"Vajra"},{"floor":21,"key":"Ancient Tea Set"},{"floor":23,"key":"Regal Pillow"},{"floor":25,"key":"MawBank"},{"floor":26,"key":"Boot"},{"floor":36,"key":"Unceasing Top"},{"floor":41,"key":"Oddly Smooth Stone"},{"floor":43,"key":"Self Forming Clay"},{"floor":44,"key":"Magic Flower"},{"floor":48,"key":"Omamori"}],"event_choices":[{"event_name":"The Cleric","player_choice":"Card Removal","floor":3,"damage_taken":0},{"event_name":"Living Wall","player_choice":"Grow","floor":4,"damage_taken":0},{"event_name":"Mushrooms","player_choice":"Fought Mushrooms","floor":10,"damage_taken":0},{"event_name":"Addict","player_choice":"Obtained Relic","floor":19,"damage_taken":0},{"event_name":"Drug Dealer","player_choice":"Got JAXXED","floor":29,"damage_taken":0},{"event_name":"MindBloom","player_choice":"Fight","floor":36,"damage_taken":0},{"event_name":"Tomb of Lord Red Mask","player_choice":"Ignored","floor":37,"damage_taken":0}],"is_beta":false,"boss_relics":[{"not_picked":["Black Blood","White Beast Statue"],"picked":"Sozu"},{"not_picked":["Pandora\u0027s Box","Snecko Eye"],"picked":"Coffee Dripper"}],"items_purged_floors":[20],"is_endless":false,"potions_floor_spawned":[2,7,8,12,14,18,22,28,31,35,38,44],"ascension_level":4}