{"gold_per_floor":[112,37,52,52,52,52,96,96,96,96,110,124,124,162,162,286,286,309,309,18,43,67,67,67],"floor_reached":24,"playtime":1493,"items_purged":["Decay","Strike_B"],"score":296,"play_id":"67652e19-7f8d-45f3-ac25-b17daa8d2b79","local_time":"20180808150035","is_ascension_mode":true,"campfire_choices":[{"data":"Go for the Eyes","floor":6,"key":"SMITH"},{"data":"Loop","floor":8,"key":"SMITH"},{"data":"Sweeping Beam","floor":13,"key":"SMITH"},{"floor":15,"key":"REST"},{"floor":23,"key":"REST"}],"neow_cost":"CURSE","seed_source_timestamp":1392766801574481,"circlet_count":0,"master_deck":["Strike_B","Strike_B","Strike_B","Defend_B","Defend_B","Defend_B","Defend_B","Zap","Dualcast","Go for the Eyes+1","Loop+1","Sweeping Beam+1","Rip and Tear","Auto Shields","Glacier","All For One","Go for the Eyes","Glacier","Loop","Conserve Battery","Doom and Gloom"],"relics":["Cracked Core","Golden Idol","The Courier","Kunai","Smiling Mask","Regal Pillow","Sozu","Membership Card"],"potions_floor_usage":[7,16,24],"damage_taken":[{"damage":2,"enemies":"Cultist","floor":1,"turns":3},{"damage":4,"enemies":"Jaw Worm","floor":3,"turns":3},{"damage":29,"enemies":"Gremlin Nob","floor":7,"turns":5},{"damage":1,"enemies":"2 Louse","floor":11,"turns":2},{"damage":12,"enemies":"Blue Slaver","floor":12,"turns":4},{"damage":26,"enemies":"3 Sentries","floor":14,"turns":6},{"damage":22,"enemies":"Slime Boss","floor":16,"turns":12},{"damage":2,"enemies":"Chosen","floor":18,"turns":4},{"damage":6,"enemies":"3 Byrds","floor":21,"turns":5},{"damage":57,"enemies":"3 Cultists","floor":22,"turns":8},{"damage":52,"enemies":"Slavers","floor":24,"turns":4}],"seed_played":"-2568533203808722010","potions_obtained":[{"floor":1,"key":"Regen Potion"},{"floor":12,"key":"PowerPotion"},{"floor":16,"key":"FearPotion"}],"is_trial":false,"path_per_floor":["M","$","M","?","?","R","E","R","T","T","M","M","R","E","R","B",null,"M","?","$","M","M","R"],"character_chosen":"DEFECT","items_purchased":["Membership Card","Loop","Conserve Battery"],"campfire_rested":2,"item_purchase_floors":[20,20,20],"current_hp_per_floor":[80,80,76,81,81,81,61,61,61,61,60,48,48,22,63,41,76,74,74,74,68,11,52,0],"gold":67,"neow_bonus":"TWENTY_PERCENT_HP_BONUS","is_prod":false,"is_daily":false,"chose_seed":false,"campfire_upgraded":3,"win_rate":0,"timestamp":1533765635,"path_taken":["M","$","?","?","?","R","E","R","T","?","M","M","R","E","R","BOSS","M","?","$","M","?","R","E"],"build_version":"2018-08-02","purchased_purges":2,"victory":false,"max_hp_per_floor":[89,89,89,94,87,87,87,87,87,87,87,87,87,87,87,87,87,87,87,87,87,87,87,87],"card_choices":[{"not_picked":["Turbo","Stack"],"picked":"Go for the Eyes","floor":1},{"not_picked":["Gash","Redo"],"picked":"Loop","floor":3},{"not_picked":["Meteor Strike","Steam"],"picked":"Sweeping Beam","floor":7},{"not_picked":["Leap","Gash"],"picked":"Rip and Tear","floor":11},{"not_picked":["Steam","Loop"],"picked":"Auto Shields","floor":12},{"not_picked":["Barrage","Compile Driver"],"picked":"Glacier","floor":14},{"not_picked":["Amplify","Multi-Cast"],"picked":"All For One","floor":16},{"not_picked":["Loop","Rebound"],"picked":"Go for the Eyes","floor":18},{"not_picked":["Coolheaded","Stack","Heatsinks"],"picked":"SKIP","floor":21},{"not_picked":["Chaos+1","Conserve Battery"],"picked":"Doom and Gloom","floor":22}],"player_experience":364601,"relics_obtained":[{"floor":7,"key":"The Courier"},{"floor":9,"key":"Kunai"},{"floor":10,"key":"Smiling Mask"},{"floor":14,"key":"Regal Pillow"}],"event_choices":[{"event_name":"Big Fish","player_choice":"Donut","floor":4,"damage_taken":0},{"event_name":"Golden Idol","player_choice":"Lose Max HP","floor":5,"damage_taken":0},{"event_name":"The Library","player_choice":"Read","floor":19,"damage_taken":0}],"is_beta":false,"boss_relics":[{"not_picked":["Snecko Eye","Runic Dome"],"picked":"Sozu"}],"items_purged_floors":[2,20],"is_endless":false,"potions_floor_spawned":[1,12,16,21],"killed_by":"Slavers","ascension_level":9}