{"gold_per_floor":[110,110,120,133,83,117,117,145,172,183,183,198,198,123,123,248,248,272,307,34,34,57,95,95,129,177,197,230,248,248,266,266,397,397,417,98,122,122,136,180,180,224,247,247,12,12,31,46,46,46],"floor_reached":51,"playtime":3111,"items_purged":["Parasite","Strike_R"],"score":1173,"play_id":"cd9186ce-035c-4d99-890b-f95be79d37ea","local_time":"20181230052555","is_ascension_mode":true,"campfire_choices":[{"data":"Seeing Red","floor":7,"key":"SMITH"},{"data":"Demon Form","floor":15,"key":"SMITH"},{"data":"Demon Form","floor":32,"key":"SMITH"},{"data":"Trip","floor":44,"key":"SMITH"},{"data":"Burning Pact","floor":46,"key":"SMITH"},{"data":"Battle Trance","floor":49,"key":"SMITH"}],"neow_cost":"NONE","seed_source_timestamp":664011197448769,"circlet_count":0,"master_deck":["Strike_R","Strike_R","Defend_R","Defend_R","Bash","Disarm","Feel No Pain","Seeing Red+1","Demon Form+1","Burning Pact+1","Immolate","Hemokinesis+1","Infernal Blade+1","Whirlwind+1","Wild Strike+1","True Grit+1","Ghostly","Ghostly","Ghostly","Ghostly","Ghostly","Bludgeon","Combust","Fiend Fire","Demon Form+1","Offering","Havoc+1","Double Tap+1","True Grit+1","Trip+1","Pummel+1","Conserve Battery+1","Madness","Backstab","Berserk","Battle Trance+1","Purity+1"],"relics":["Velvet Choker","Bronze Scales","Potion Belt","Bag of Marbles","Golden Idol","Astrolabe","Red Mask","Membership Card","PreservedInsect","Omamori","Nloth\u0027s Gift","Sundial","Ancient Tea Set","Pear","Runic Dome","Mercury Hourglass","PrismaticShard","Red Skull","Strawberry","Bag of Preparation","Toy Ornithopter"],"potions_floor_usage":[8,28,33,39,40,50,50,50,50,50],"damage_taken":[{"damage":0,"enemies":"Small Slimes","floor":1,"turns":3},{"damage":3,"enemies":"Cultist","floor":3,"turns":4},{"damage":3,"enemies":"2 Louse","floor":4,"turns":3},{"damage":18,"enemies":"Gremlin Nob","floor":6,"turns":4},{"damage":11,"enemies":"3 Sentries","floor":8,"turns":6},{"damage":8,"enemies":"Blue Slaver","floor":10,"turns":3},{"damage":6,"enemies":"Looter","floor":12,"turns":3},{"damage":9,"enemies":"Hexaghost","floor":16,"turns":6},{"damage":8,"enemies":"Spheric Guardian","floor":18,"turns":3},{"damage":0,"enemies":"Masked Bandits","floor":19,"turns":2},{"damage":0,"enemies":"3 Byrds","floor":22,"turns":2},{"damage":0,"enemies":"Slavers","floor":23,"turns":1},{"damage":1,"enemies":"Gremlin Leader","floor":25,"turns":3},{"damage":3,"enemies":"3 Cultists","floor":27,"turns":3},{"damage":11,"enemies":"Slavers","floor":28,"turns":3},{"damage":10,"enemies":"Shelled Parasite and Fungi","floor":29,"turns":4},{"damage":8,"enemies":"Chosen and Byrds","floor":31,"turns":2},{"damage":5,"enemies":"Automaton","floor":33,"turns":6},{"damage":1,"enemies":"Orb Walker","floor":35,"turns":2},{"damage":0,"enemies":"3 Darklings","floor":37,"turns":1},{"damage":29,"enemies":"Maw","floor":39,"turns":5},{"damage":0,"enemies":"Reptomancer","floor":40,"turns":4},{"damage":1,"enemies":"Giant Head","floor":42,"turns":6},{"damage":2,"enemies":"Spire Growth","floor":47,"turns":4},{"damage":2,"enemies":"3 Darklings","floor":48,"turns":4},{"damage":30,"enemies":"Time Eater","floor":50,"turns":5}],"seed_played":"6555787007692441241","potions_obtained":[{"floor":1,"key":"Fire Potion"},{"floor":3,"key":"Explosive Potion"},{"floor":12,"key":"Dexterity Potion"},{"floor":19,"key":"Dexterity Potion"},{"floor":23,"key":"Ancient Potion"},{"floor":27,"key":"AttackPotion"},{"floor":28,"key":"SneckoOil"},{"floor":33,"key":"Swift Potion"},{"floor":35,"key":"Poison Potion"},{"floor":40,"key":"SteroidPotion"},{"floor":47,"key":"SteroidPotion"}],"is_trial":false,"path_per_floor":["M","?","M","M","?","E","R","E","T","M","?","M","?","$","R","B",null,"M","?","$","?","M","E","?","E","T","M","E","M","?","M","R","B",null,"M","$","M","?","M","E","?","E","T","R","$","R","M","M","R","B",null],"character_chosen":"IRONCLAD","items_purchased":["Membership Card","PreservedInsect","Mercury Hourglass","Trip","PrismaticShard","Toy Ornithopter","Swift Potion","Berserk","Battle Trance"],"campfire_rested":0,"item_purchase_floors":[20,20,36,36,36,45,45,45,45],"current_hp_per_floor":[72,72,69,66,66,48,48,37,37,29,49,43,43,43,43,34,62,54,54,54,35,35,35,35,34,34,31,30,20,20,12,12,7,36,35,35,35,35,6,6,45,51,51,51,51,51,49,47,47,37],"gold":46,"neow_bonus":"BOSS_RELIC","is_prod":false,"is_daily":false,"chose_seed":false,"campfire_upgraded":6,"win_rate":0,"timestamp":1546115155,"path_taken":["M","?","M","?","?","E","R","E","T","M","?","M","?","?","R","BOSS","M","?","$","?","M","E","?","E","T","M","E","?","?","?","R","BOSS","M","$","?","?","?","E","?","E","T","R","?","R","M","?","R","BOSS"],"build_version":"2018-12-20","purchased_purges":2,"victory":true,"max_hp_per_floor":[80,80,80,80,80,80,80,80,80,80,80,80,74,71,71,71,71,71,71,71,35,35,35,35,35,35,35,45,45,45,45,45,45,45,45,45,45,45,45,45,45,52,52,52,52,52,52,52,52,52],"card_choices":[{"not_picked":["Sentinel","Clothesline"],"picked":"Disarm","floor":1},{"not_picked":["Anger","Twin Strike"],"picked":"Feel No Pain","floor":3},{"not_picked":["Power Through","Clothesline","Clash"],"picked":"SKIP","floor":4},{"not_picked":["Thunderclap","Rupture"],"picked":"Seeing Red","floor":6},{"not_picked":["Clothesline","Thunderclap"],"picked":"Demon Form","floor":8},{"not_picked":["Sword Boomerang","Heavy Blade"],"picked":"Burning Pact","floor":10},{"not_picked":["Sword Boomerang","Reckless Charge","Thunderclap"],"picked":"SKIP","floor":12},{"not_picked":["Offering","Feed"],"picked":"Immolate","floor":16},{"not_picked":["Infernal Blade","True Grit"],"picked":"Wild Strike+1","floor":18},{"not_picked":["Cleave","Warcry"],"picked":"True Grit+1","floor":19},{"not_picked":["Cleave","Wild Strike"],"picked":"Bludgeon","floor":22},{"not_picked":["Dropkick","Inflame"],"picked":"Combust","floor":23},{"not_picked":["Twin Strike+1","Rampage"],"picked":"Fiend Fire","floor":25},{"not_picked":["Searing Blow","Whirlwind","Armaments"],"picked":"SKIP","floor":27},{"not_picked":["Clothesline+1","True Grit"],"picked":"Demon Form","floor":28},{"not_picked":["Rage","Headbutt"],"picked":"Offering","floor":29},{"not_picked":["Dual Wield","Ghostly Armor"],"picked":"Havoc+1","floor":31},{"not_picked":["Juggernaut","Immolate"],"picked":"Double Tap","floor":33},{"not_picked":["Fire Breathing","Wild Strike"],"picked":"True Grit+1","floor":35},{"not_picked":["Panacea+1","Body Slam+1"],"picked":"Pummel+1","floor":37},{"not_picked":["Headbutt","Rampage"],"picked":"Conserve Battery+1","floor":39},{"not_picked":["Coolheaded+1","Leap"],"picked":"Madness","floor":40},{"not_picked":["Footwork","Barrage+1"],"picked":"Backstab","floor":42},{"not_picked":["Shrug It Off","Intimidate"],"picked":"Purity+1","floor":47},{"not_picked":["Eviscerate+1","Flying Knee+1","Outmaneuver"],"picked":"SKIP","floor":48}],"player_experience":91151,"relics_obtained":[{"floor":6,"key":"Bronze Scales"},{"floor":8,"key":"Potion Belt"},{"floor":9,"key":"Bag of Marbles"},{"floor":19,"key":"Red Mask"},{"floor":23,"key":"Omamori"},{"floor":25,"key":"Sundial"},{"floor":26,"key":"Ancient Tea Set"},{"floor":28,"key":"Pear"},{"floor":40,"key":"Red Skull"},{"floor":42,"key":"Strawberry"},{"floor":43,"key":"Bag of Preparation"}],"event_choices":[{"damage_healed":0,"gold_gain":0,"player_choice":"Rummage","damage_taken":0,"relics_obtained":["WarpedTongs"],"max_hp_gain":0,"max_hp_loss":0,"event_name":"Accursed Blacksmith","floor":2,"gold_loss":0,"cards_obtained":["Pain"]},{"cards_removed":["Pain"],"damage_healed":0,"gold_gain":0,"player_choice":"Card Removal","damage_taken":0,"max_hp_gain":0,"max_hp_loss":0,"event_name":"The Cleric","floor":5,"gold_loss":50},{"damage_healed":20,"gold_gain":0,"player_choice":"Healed and dodged fight","damage_taken":0,"max_hp_gain":0,"max_hp_loss":0,"event_name":"Mushrooms","floor":11,"gold_loss":0,"cards_obtained":["Parasite"]},{"damage_healed":0,"gold_gain":0,"player_choice":"Lose Max HP","damage_taken":0,"relics_obtained":["Golden Idol"],"max_hp_gain":0,"max_hp_loss":6,"event_name":"Golden Idol","floor":13,"gold_loss":0},{"damage_healed":0,"gold_gain":0,"player_choice":"Fought Bandits","damage_taken":0,"max_hp_gain":0,"max_hp_loss":0,"event_name":"Masked Bandits","floor":19,"gold_loss":0},{"damage_healed":0,"gold_gain":0,"player_choice":"Became a Ghost","damage_taken":0,"max_hp_gain":0,"max_hp_loss":36,"event_name":"Ghosts","floor":21,"gold_loss":0,"cards_obtained":["Ghostly","Ghostly","Ghostly","Ghostly","Ghostly"]},{"damage_healed":0,"gold_gain":0,"player_choice":"Traded Relic","damage_taken":0,"relics_obtained":["Nloth\u0027s Gift"],"max_hp_gain":0,"max_hp_loss":0,"event_name":"N\u0027loth","floor":24,"relics_lost":["WarpedTongs"],"gold_loss":0},{"cards_removed":["Strike_R"],"damage_healed":0,"gold_gain":0,"player_choice":"Purged","damage_taken":0,"max_hp_gain":0,"max_hp_loss":0,"event_name":"Purifier","floor":30,"gold_loss":0},{"damage_healed":0,"gold_gain":0,"player_choice":"Upgraded","damage_taken":0,"max_hp_gain":0,"max_hp_loss":0,"event_name":"Upgrade Shrine","floor":38,"gold_loss":0,"cards_upgraded":["Double Tap"]},{"damage_healed":39,"gold_gain":0,"player_choice":"Heal","damage_taken":0,"max_hp_gain":0,"max_hp_loss":0,"event_name":"MindBloom","floor":41,"gold_loss":0,"cards_obtained":["Doubt"]}],"is_beta":false,"boss_relics":[{"not_picked":["Mark of Pain","Ectoplasm"],"picked":"Astrolabe"},{"not_picked":["Busted Crown","White Beast Statue"],"picked":"Runic Dome"}],"items_purged_floors":[14,36],"is_endless":false,"potions_floor_spawned":[1,3,12,19,23,27,28,33,35,40,47],"ascension_level":6}