{"gold_per_floor":[118,129,36,54,4,34,34,68,68,68,82,100,115,115,115,189,189,201,221,231,231,231,259,259],"floor_reached":24,"playtime":4781,"items_purged":[],"score":388,"play_id":"5f79ca0e-4600-492f-99bb-6c3fc7881e47","local_time":"20180817202634","is_ascension_mode":true,"campfire_choices":[{"floor":7,"key":"REST"},{"floor":10,"key":"REST"},{"data":"Armaments","floor":15,"key":"SMITH"}],"neow_cost":"TEN_PERCENT_HP_LOSS","seed_source_timestamp":48027159263937,"circlet_count":0,"master_deck":["Strike_R","Strike_R","Defend_R","Defend_R","Defend_R","Defend_R","Bash","AscendersBane","Havoc","Immolate","Rampage","Armaments+1","Dramatic Entrance","Clothesline","Reaper","Intimidate","Spot Weakness","Inflame","Sword Boomerang","Fiend Fire","Ghostly Armor","Headbutt","Heavy Blade","Intimidate"],"relics":["Black Blood","StoneCalendar","Dead Branch","Torii","Bottled Tornado"],"potions_floor_usage":[6,16,20,21,23,23],"damage_taken":[{"damage":15,"enemies":"Jaw Worm","floor":1,"turns":4},{"damage":0,"enemies":"Small Slimes","floor":2,"turns":2},{"damage":6,"enemies":"Cultist","floor":4,"turns":4},{"damage":23,"enemies":"Gremlin Nob","floor":6,"turns":4},{"damage":32,"enemies":"Lagavulin","floor":8,"turns":6},{"damage":13,"enemies":"Lots of Slimes","floor":11,"turns":2},{"damage":10,"enemies":"Blue Slaver","floor":12,"turns":3},{"damage":10,"enemies":"Exordium Thugs","floor":13,"turns":4},{"damage":25,"enemies":"Hexaghost","floor":16,"turns":9},{"damage":18,"enemies":"3 Byrds","floor":18,"turns":5},{"damage":38,"enemies":"2 Thieves","floor":19,"turns":3},{"damage":30,"enemies":"Snake Plant","floor":20,"turns":4},{"damage":18,"enemies":"Slavers","floor":23,"turns":4},{"damage":39,"enemies":"Shelled Parasite and Fungi","floor":24,"turns":6}],"seed_played":"8920287586043033214","potions_obtained":[{"floor":1,"key":"Explosive Potion"},{"floor":4,"key":"EssenceOfSteel"},{"floor":8,"key":"FairyPotion"},{"floor":11,"key":"Strength Potion"},{"floor":21,"key":"Fruit Juice"},{"floor":21,"key":"SkillPotion"},{"floor":21,"key":"Block Potion"}],"is_trial":false,"path_per_floor":["M","M","$","M","?","E","R","E","T","R","M","M","M","?","R","B",null,"M","M","M","?","?","E"],"character_chosen":"IRONCLAD","items_purchased":["Dramatic Entrance"],"campfire_rested":2,"item_purchase_floors":[3],"current_hp_per_floor":[59,65,65,65,65,48,68,42,42,62,61,57,53,53,53,46,63,66,56,36,41,28,30,0],"gold":259,"neow_bonus":"TRANSFORM_TWO_CARDS","is_prod":false,"is_daily":false,"chose_seed":false,"campfire_upgraded":1,"win_rate":0,"timestamp":1534562794,"path_taken":["M","M","$","M","?","E","R","E","T","R","M","M","?","?","R","BOSS","M","M","M","?","?","E","M"],"build_version":"2018-08-16","purchased_purges":0,"victory":false,"max_hp_per_floor":[68,68,68,68,68,68,68,68,68,68,68,68,68,68,68,68,68,68,68,68,73,78,78,78],"card_choices":[{"not_picked":["Perfected Strike","Wild Strike"],"picked":"Rampage","floor":1},{"not_picked":["Combust","Thunderclap"],"picked":"Armaments","floor":2},{"not_picked":["Warcry","Flex"],"picked":"Clothesline","floor":4},{"not_picked":["Spot Weakness","True Grit"],"picked":"Reaper","floor":6},{"not_picked":["Bloodletting","Reckless Charge"],"picked":"Intimidate","floor":8},{"not_picked":["Iron Wave","Anger"],"picked":"Spot Weakness","floor":11},{"not_picked":["Shrug It Off","Hemokinesis"],"picked":"Inflame","floor":12},{"not_picked":["Dropkick","Feel No Pain"],"picked":"Sword Boomerang","floor":13},{"not_picked":["Feed","Immolate"],"picked":"Fiend Fire","floor":16},{"not_picked":["Twin Strike","Wild Strike"],"picked":"Ghostly Armor","floor":18},{"not_picked":["Uppercut","Twin Strike"],"picked":"Headbutt","floor":19},{"not_picked":["Dual Wield","Perfected Strike"],"picked":"Heavy Blade","floor":20},{"not_picked":["Warcry+1","Sword Boomerang"],"picked":"Intimidate","floor":23}],"player_experience":495013,"relics_obtained":[{"floor":6,"key":"StoneCalendar"},{"floor":8,"key":"Dead Branch"},{"floor":9,"key":"Torii"},{"floor":23,"key":"Bottled Tornado"}],"event_choices":[{"event_name":"The Cleric","player_choice":"Card Removal","floor":5,"damage_taken":0},{"event_name":"Shining Light","player_choice":"Ignored","floor":14,"damage_taken":0},{"event_name":"The Lab","player_choice":"Got Potions","floor":21,"damage_taken":0},{"event_name":"Forgotten Altar","player_choice":"Shed Blood","floor":22,"damage_taken":0}],"is_beta":false,"boss_relics":[{"not_picked":["Busted Crown","Coffee Dripper"],"picked":"Black Blood"}],"items_purged_floors":[],"is_endless":false,"potions_floor_spawned":[1,4,8,11,13],"killed_by":"Shelled Parasite and Fungi","ascension_level":14}