{"gold_per_floor":[116,129,129,139,139,139,174,174,222,222,242,242,277,9,9,106,106,126,126,144,144,156,156,186,186,186,131,131,458,469,482,482,577,577,591,348,365,365,380,380],"floor_reached":40,"playtime":3449,"items_purged":["Strike_R","Bite"],"score":614,"play_id":"e62aff29-f56a-4237-b504-2cad0186b284","local_time":"20180731005909","is_ascension_mode":true,"campfire_choices":[{"data":"Armaments","floor":6.0,"key":"SMITH"},{"data":"Bash","floor":8.0,"key":"SMITH"},{"data":"Feed","floor":10.0,"key":"SMITH"},{"data":"True Grit","floor":15,"key":"SMITH"},{"data":"Offering","floor":23,"key":"SMITH"},{"data":"Pommel Strike","floor":25,"key":"SMITH"},{"data":"Clothesline","floor":28,"key":"SMITH"},{"data":"Flame Barrier","floor":32,"key":"SMITH"}],"neow_cost":"NONE","seed_source_timestamp":649086947922506,"circlet_count":0,"master_deck":["Defend_R+1","Defend_R+1","Defend_R+1","Defend_R+1","Bash+1","Clothesline+1","Armaments+1","Feed+1","Disarm","Headbutt","True Grit+1","Offering+1","Pommel Strike+1","Bite","Bite","Bite","Anger+1","Pommel Strike+1","Battle Trance+1","Shrug It Off","Flame Barrier+1","Impervious","Whirlwind","True Grit+1"],"special_seed":0,"relics":["Burning Blood","Strawberry","Omamori","Potion Belt","Lee\u0027s Waffle","Coffee Dripper","Blood Vial","Mummified Hand","Tiny Chest","Old Coin","Empty Cage","Vajra","Mango"],"potions_floor_usage":[13,16,24,33,33,40],"damage_taken":[{"damage":15.0,"enemies":"Cultist","floor":1.0,"turns":5.0},{"damage":2.0,"enemies":"Jaw Worm","floor":2.0,"turns":5.0},{"damage":13.0,"enemies":"Small Slimes","floor":4.0,"turns":3.0},{"damage":28.0,"enemies":"3 Sentries","floor":7.0,"turns":9.0},{"damage":3.0,"enemies":"3 Louse","floor":11.0,"turns":2.0},{"damage":20,"enemies":"Lagavulin","floor":13,"turns":7},{"damage":99,"enemies":"Hexaghost","floor":16,"turns":22},{"damage":27,"enemies":"Spheric Guardian","floor":18,"turns":7},{"damage":5,"enemies":"Chosen","floor":20,"turns":4},{"damage":17,"enemies":"Snake Plant","floor":22,"turns":4},{"damage":16,"enemies":"Slavers","floor":24,"turns":6},{"damage":17,"enemies":"Book of Stabbing","floor":29,"turns":6},{"damage":28,"enemies":"Snecko","floor":30,"turns":5},{"damage":6,"enemies":"Cultist and Chosen","floor":31,"turns":4},{"damage":64,"enemies":"Collector","floor":33,"turns":11},{"damage":16,"enemies":"3 Darklings","floor":35,"turns":8},{"damage":21,"enemies":"Flame Bruiser 1 Orb","floor":37,"turns":6},{"damage":5,"floor":38,"turns":3},{"damage":34,"enemies":"Maw","floor":39,"turns":8},{"damage":46,"enemies":"Giant Head","floor":40,"turns":6}],"seed_played":"3830072127268613297","potions_obtained":[{"floor":7.0,"key":"Regen Potion"},{"floor":11.0,"key":"SpeedPotion"},{"floor":13,"key":"SpeedPotion"},{"floor":18,"key":"Fire Potion"},{"floor":29,"key":"EssenceOfSteel"},{"floor":37,"key":"EssenceOfSteel"},{"floor":38,"key":"AttackPotion"},{"floor":39,"key":"EssenceOfSteel"}],"is_trial":false,"path_per_floor":["M","M","?","M","?","R","E","R","T","R","M","?","E","$","R","B",null,"M","?","M","?","M","R","E","R","T","?","R","E","M","M","R","B",null,"M","$","M","?","M"],"character_chosen":"IRONCLAD","items_purchased":["Lee\u0027s Waffle","Vajra"],"campfire_rested":0,"item_purchase_floors":[14,36],"current_hp_per_floor":[71,75,80,73,66,66,55,55,55,55,62,62,67,119,119,26,96,79,79,86,86,88,88,94,94,94,94,94,87,75,97,97,62,92,102,102,98,123,108,75],"gold":380,"neow_bonus":"TEN_PERCENT_HP_BONUS","is_prod":false,"is_daily":false,"chose_seed":false,"campfire_upgraded":8,"win_rate":0,"timestamp":1533023949,"path_taken":["M","M","?","M","?","R","E","R","T","R","M","?","E","$","R","BOSS","M","?","?","?","M","R","E","R","T","?","R","E","M","?","R","BOSS","M","$","?","?","?","E"],"build_version":"2018-07-26","purchased_purges":2,"victory":false,"max_hp_per_floor":[88,88,93,93,93,93,104,104,104,104,108,108,112,119,119,119,119,123,86,86,86,90,90,94,94,94,94,94,98,98,102,102,102,102,102,102,106,124,128,128],"card_choices":[{"not_picked":["Body Slam","Warcry"],"picked":"Clothesline","floor":1.0},{"not_picked":["Entrench","Anger"],"picked":"Armaments","floor":2.0},{"not_picked":["Rampage","Shrug It Off"],"picked":"Feed","floor":4.0},{"not_picked":["Rampage","Evolve"],"picked":"Disarm","floor":7.0},{"not_picked":["Blood for Blood","Thunderclap"],"picked":"Headbutt","floor":11.0},{"not_picked":["Cleave","Second Wind"],"picked":"True Grit","floor":13},{"not_picked":["Brutality","Barricade"],"picked":"Offering","floor":16},{"not_picked":["Rupture","Twin Strike"],"picked":"Pommel Strike","floor":18},{"not_picked":["Warcry","Armaments"],"picked":"Anger+1","floor":20},{"not_picked":["Corruption+1","Warcry"],"picked":"Pommel Strike+1","floor":22},{"not_picked":["True Grit","Reckless Charge+1"],"picked":"Battle Trance+1","floor":24},{"not_picked":["Searing Blow","Armaments","Infernal Blade"],"picked":"SKIP","floor":29},{"not_picked":["Heavy Blade+1","Ghostly Armor"],"picked":"Shrug It Off","floor":30},{"not_picked":["Sever Soul","Twin Strike"],"picked":"Flame Barrier","floor":31},{"not_picked":["Exhume","Immolate"],"picked":"Impervious","floor":33},{"not_picked":["Thunderclap","True Grit+1"],"picked":"Whirlwind","floor":35},{"not_picked":["Twin Strike+1","Carnage+1"],"picked":"True Grit+1","floor":37},{"not_picked":["Armaments+1","Clash","Body Slam"],"picked":"SKIP","floor":39}],"player_experience":254316,"relics_obtained":[{"floor":7.0,"key":"Strawberry"},{"floor":9.0,"key":"Omamori"},{"floor":13,"key":"Potion Belt"},{"floor":24,"key":"Blood Vial"},{"floor":26,"key":"Mummified Hand"},{"floor":29,"key":"Old Coin"},{"floor":38,"key":"Mango"}],"event_choices":[{"event_name":"Big Fish","player_choice":"Donut","floor":3.0,"damage_taken":0.0},{"event_name":"Golden Wing","player_choice":"Card Removal","floor":5.0,"damage_taken":0.0},{"event_name":"Transmorgrifier","player_choice":"Transform","floor":12.0,"damage_taken":0.0},{"event_name":"Vampires","player_choice":"Became a vampire","floor":19,"damage_taken":0},{"event_name":"Back to Basics","player_choice":"Simplicity","floor":21,"damage_taken":0},{"event_name":"Addict","player_choice":"Obtained Relic","floor":27,"damage_taken":0},{"event_name":"MindBloom","player_choice":"Fight","floor":38,"damage_taken":0}],"is_beta":false,"boss_relics":[{"not_picked":["Philosopher\u0027s Stone","Pandora\u0027s Box"],"picked":"Coffee Dripper"},{"not_picked":["Tiny House","Sozu"],"picked":"Empty Cage"}],"items_purged_floors":[14,36],"is_endless":false,"potions_floor_spawned":[7,11,13,18,29,37,38,39],"killed_by":"Giant Head","ascension_level":6}