{"gold_per_floor":[114,126,126,49,49,49,66,66,66,78,113,123,44,77,77,175,175,189,204,43,43],"floor_reached":21,"playtime":2084,"items_purged":[],"score":236,"play_id":"710c1aca-3a5e-42bc-aa60-a7fccfa2e27a","local_time":"20190330140624","is_ascension_mode":true,"campfire_choices":[{"data":"Accuracy","floor":6,"key":"SMITH"},{"data":"Infinite Blades","floor":8,"key":"SMITH"},{"floor":15,"key":"REST"}],"neow_cost":"NONE","seed_source_timestamp":1116673724180708,"circlet_count":0,"master_deck":["Defend_G","Defend_G","Defend_G","Defend_G","Defend_G","Strike_G","Strike_G","Survivor","Neutralize","Infinite Blades","Infinite Blades+1","Accuracy+1","Blade Dance","Dash","Dash","Acrobatics","Footwork+1","Skewer","Flying Knee","Burst","Choke+1","Slice","Accuracy+1","Finesse"],"relics":["Ring of the Snake","Regal Pillow","Frozen Egg 2","Dream Catcher","Ancient Tea Set","Kunai","Empty Cage"],"potions_floor_usage":[11,18],"damage_taken":[{"damage":0,"enemies":"2 Louse","floor":1,"turns":4},{"damage":1,"enemies":"Cultist","floor":2,"turns":4},{"damage":1,"enemies":"Small Slimes","floor":7,"turns":4},{"damage":9,"enemies":"3 Louse","floor":10,"turns":4},{"damage":2,"enemies":"3 Sentries","floor":11,"turns":6},{"damage":10,"enemies":"Large Slime","floor":12,"turns":5},{"damage":19,"enemies":"Lagavulin","floor":14,"turns":6},{"damage":5,"enemies":"Hexaghost","floor":16,"turns":9},{"damage":24,"enemies":"3 Byrds","floor":18,"turns":5},{"damage":13,"enemies":"Shell Parasite","floor":19,"turns":6},{"damage":44,"enemies":"Colosseum Slavers","floor":21,"turns":4}],"seed_played":"6235404644758421773","potions_obtained":[{"floor":7,"key":"GhostInAJar"},{"floor":10,"key":"Strength Potion"},{"floor":14,"key":"FearPotion"},{"floor":16,"key":"Fire Potion"}],"is_trial":false,"path_per_floor":["M","M","?","$","T","R","M","R","T","M","E","M","$","E","R","B",null,"M","M","$","?"],"character_chosen":"THE_SILENT","items_purchased":["Accuracy","Footwork+1","Accuracy+1","Finesse"],"campfire_rested":1,"item_purchase_floors":[4,13,20,20],"current_hp_per_floor":[70,69,69,69,69,69,68,68,68,59,57,47,47,28,64,59,67,43,30,30,0],"gold":43,"neow_bonus":"RANDOM_COMMON_RELIC","is_prod":false,"is_daily":false,"chose_seed":false,"campfire_upgraded":2,"win_rate":0,"timestamp":1553972784,"path_taken":["M","M","?","$","?","R","M","R","T","M","E","M","$","E","R","BOSS","M","M","$","?"],"build_version":"2019-01-23","purchased_purges":0,"victory":false,"max_hp_per_floor":[70,70,70,70,70,70,70,70,70,70,70,70,70,70,70,70,70,70,70,70,70],"card_choices":[{"not_picked":["Acrobatics","Slice"],"picked":"Infinite Blades","floor":1},{"not_picked":["Deflect","Acrobatics"],"picked":"Infinite Blades","floor":2},{"not_picked":["Flying Knee","Backstab"],"picked":"Blade Dance","floor":7},{"not_picked":["Backstab","Blade Dance"],"picked":"Dash","floor":10},{"not_picked":["Distraction","PiercingWail"],"picked":"Dash","floor":11},{"not_picked":["Poisoned Stab","Slice"],"picked":"Acrobatics","floor":12},{"not_picked":["Eviscerate","Bullet Time"],"picked":"Skewer","floor":14},{"not_picked":["Underhanded Strike","Deflect"],"picked":"Flying Knee","floor":15},{"not_picked":["Doppelganger","Grand Finale"],"picked":"Burst","floor":16},{"not_picked":["Poisoned Stab+1","Acrobatics"],"picked":"Choke+1","floor":18},{"not_picked":["Riddle With Holes","Skewer"],"picked":"Slice","floor":19}],"player_experience":780444,"relics_obtained":[{"floor":5,"key":"Frozen Egg 2"},{"floor":9,"key":"Dream Catcher"},{"floor":11,"key":"Ancient Tea Set"},{"floor":14,"key":"Kunai"}],"event_choices":[{"cards_removed":["Strike_G"],"damage_healed":0,"gold_gain":0,"player_choice":"Purged","damage_taken":0,"max_hp_gain":0,"max_hp_loss":0,"event_name":"Purifier","floor":3,"gold_loss":0},{"damage_healed":0,"gold_gain":0,"player_choice":"Fight","damage_taken":0,"max_hp_gain":0,"max_hp_loss":0,"event_name":"Colosseum","floor":21,"gold_loss":0}],"is_beta":false,"boss_relics":[{"not_picked":["Pandora\u0027s Box","Fusion Hammer"],"picked":"Empty Cage"}],"items_purged_floors":[],"is_endless":false,"potions_floor_spawned":[7,10,14,16],"killed_by":"Colosseum Slavers","ascension_level":5}