{"gold_per_floor":[12,32,51,70,70,70,70,82,82,62,93,105,280,280],"floor_reached":14,"playtime":2033,"items_purged":[],"score":115,"play_id":"bb078aa9-066d-41ba-a52e-387c2c8c75dd","local_time":"20190128202400","is_ascension_mode":true,"campfire_choices":[{"floor":6,"key":"REST"}],"neow_cost":"NO_GOLD","seed_source_timestamp":450351434334485,"circlet_count":0,"master_deck":["Defend_G","Defend_G","Defend_G","Defend_G","Defend_G","Strike_G","Strike_G","Strike_G","Strike_G+1","Strike_G","Survivor","Neutralize+1","Envenom","Riddle With Holes","Quick Slash","Backstab","Poisoned Stab","Riddle With Holes","All Out Attack","Leg Sweep","Doubt"],"relics":["Ring of the Snake","Anchor","Ornamental Fan","The Specimen"],"potions_floor_usage":[11],"damage_taken":[{"damage":8,"enemies":"Cultist","floor":1,"turns":6},{"damage":2,"enemies":"2 Louse","floor":2,"turns":4},{"damage":2,"enemies":"Jaw Worm","floor":3,"turns":4},{"damage":13,"enemies":"Lots of Slimes","floor":4,"turns":5},{"damage":1,"enemies":"Exordium Wildlife","floor":8,"turns":5},{"damage":17,"enemies":"3 Sentries","floor":11,"turns":6},{"damage":4,"enemies":"Blue Slaver","floor":12,"turns":4},{"damage":28,"enemies":"Lagavulin","floor":14,"turns":6}],"seed_played":"7996028004695180362","potions_obtained":[{"floor":1,"key":"Fire Potion"},{"floor":2,"key":"Weak Potion"},{"floor":10,"key":"SteroidPotion"},{"floor":12,"key":"Ancient Potion"}],"is_trial":false,"path_per_floor":["M","M","M","M","?","R","?","M","T","?","E","M","?","E"],"character_chosen":"THE_SILENT","items_purchased":[],"campfire_rested":1,"item_purchase_floors":[],"current_hp_per_floor":[62,60,58,45,31,52,49,48,48,48,31,27,27,0],"gold":280,"neow_bonus":"THREE_RARE_CARDS","is_prod":false,"is_daily":false,"chose_seed":false,"campfire_upgraded":0,"win_rate":0,"timestamp":1548728640,"path_taken":["M","M","M","?","?","R","?","M","T","?","E","?","?","E"],"build_version":"2019-01-23","purchased_purges":0,"victory":false,"max_hp_per_floor":[70,70,70,70,70,70,70,70,70,70,70,70,70,70],"card_choices":[{"not_picked":["Glass Knife","Burst"],"picked":"Envenom","floor":0},{"not_picked":["Reflex","Sucker Punch"],"picked":"Riddle With Holes","floor":1},{"not_picked":["Underhanded Strike","Reflex"],"picked":"Quick Slash","floor":2},{"not_picked":["Dodge and Roll","Deadly Poison"],"picked":"Backstab","floor":3},{"not_picked":["Dagger Throw","PiercingWail"],"picked":"Poisoned Stab","floor":4},{"not_picked":["Flying Knee","Cloak And Dagger"],"picked":"Riddle With Holes","floor":8},{"not_picked":["Night Terror","Underhanded Strike"],"picked":"All Out Attack","floor":11},{"not_picked":["Deflect","Dagger Throw"],"picked":"Leg Sweep","floor":12}],"player_experience":741761,"relics_obtained":[{"floor":9,"key":"Ornamental Fan"},{"floor":11,"key":"The Specimen"}],"event_choices":[{"damage_healed":0,"gold_gain":0,"player_choice":"Entered Light","damage_taken":14,"max_hp_gain":0,"max_hp_loss":0,"event_name":"Shining Light","floor":5,"gold_loss":0,"cards_upgraded":["Strike_G","Neutralize"]},{"damage_healed":0,"gold_gain":0,"player_choice":"Success","damage_taken":3,"relics_obtained":["Anchor"],"max_hp_gain":0,"max_hp_loss":0,"event_name":"Scrap Ooze","floor":7,"gold_loss":0},{"damage_healed":0,"gold_gain":0,"player_choice":"Bought 1 Potion","damage_taken":0,"max_hp_gain":0,"max_hp_loss":0,"event_name":"The Woman in Blue","floor":10,"gold_loss":0},{"damage_healed":0,"gold_gain":175,"player_choice":"AGREE","damage_taken":0,"max_hp_gain":0,"max_hp_loss":0,"event_name":"Liars Game","floor":13,"gold_loss":0,"cards_obtained":["Doubt"]}],"is_beta":false,"boss_relics":[],"items_purged_floors":[],"is_endless":false,"potions_floor_spawned":[1,2,12],"killed_by":"Lagavulin","ascension_level":5}