{"gold_per_floor":[12,26,26,40,58,58,86,86,86,86,86,110,110,133,133,133],"floor_reached":16,"playtime":870,"items_purged":[],"score":128,"play_id":"1b664eb3-bf36-45d2-abdc-548ae4b70780","local_time":"20190403214207","is_ascension_mode":true,"campfire_choices":[{"data":"Dagger Spray","floor":6,"key":"SMITH"},{"data":"Crippling Poison","floor":8,"key":"SMITH"},{"data":"Cloak And Dagger","floor":10,"key":"SMITH"},{"data":"Dagger Spray","floor":15,"key":"SMITH"}],"neow_cost":"NO_GOLD","seed_source_timestamp":1228158458897448,"circlet_count":0,"master_deck":["Defend_G","Defend_G","Defend_G","Defend_G","Defend_G","Strike_G","Strike_G","Strike_G","Strike_G","Survivor","Neutralize","Dagger Spray+1","Dagger Spray+1","Dagger Spray+1","Crippling Poison+1","Cloak And Dagger+1","Cloak And Dagger","Deflect"],"relics":["Ring of the Snake","Ninja Scroll","WingedGreaves","Golden Idol"],"potions_floor_usage":[5,16],"damage_taken":[{"damage":0,"enemies":"Jaw Worm","floor":1,"turns":4},{"damage":0,"enemies":"Cultist","floor":2,"turns":4},{"damage":0,"enemies":"2 Louse","floor":4,"turns":2},{"damage":2,"enemies":"Gremlin Gang","floor":5,"turns":2},{"damage":12,"enemies":"3 Sentries","floor":7,"turns":5},{"damage":0,"enemies":"Lots of Slimes","floor":12,"turns":2},{"damage":0,"enemies":"Red Slaver","floor":14,"turns":3},{"damage":74,"enemies":"Hexaghost","floor":16,"turns":16}],"seed_played":"-2991994745699294115","potions_obtained":[{"floor":1,"key":"GhostInAJar"},{"floor":7,"key":"Block Potion"},{"floor":12,"key":"FearPotion"},{"floor":14,"key":"SpeedPotion"}],"is_trial":false,"path_per_floor":["M","M","?","M","M","R","E","R","T","R","?","M","?","M","R","B"],"character_chosen":"THE_SILENT","items_purchased":[],"campfire_rested":0,"item_purchase_floors":[],"current_hp_per_floor":[84,84,84,84,82,82,70,70,70,70,70,70,70,70,70,0],"gold":133,"neow_bonus":"TWENTY_PERCENT_HP_BONUS","is_prod":false,"is_daily":false,"chose_seed":false,"campfire_upgraded":4,"win_rate":0,"timestamp":1554345727,"path_taken":["M","M","?","?","M","R","E","R","T","R","?","M","?","M","R","BOSS"],"build_version":"2019-01-23","purchased_purges":0,"victory":false,"max_hp_per_floor":[84,84,84,84,84,84,84,84,84,84,78,78,78,78,78,78],"card_choices":[{"not_picked":["Expertise","Flying Knee"],"picked":"Dagger Spray","floor":1},{"not_picked":["Prepared","Skewer"],"picked":"Dagger Spray","floor":2},{"not_picked":["Concentrate","Flying Knee"],"picked":"Dagger Spray","floor":4},{"not_picked":["PiercingWail","Underhanded Strike"],"picked":"Crippling Poison","floor":5},{"not_picked":["Dagger Spray","Flechettes"],"picked":"Cloak And Dagger","floor":7},{"not_picked":["Sucker Punch","Phantasmal Killer"],"picked":"Cloak And Dagger","floor":12},{"not_picked":["Dagger Throw","Underhanded Strike"],"picked":"Deflect","floor":14}],"player_experience":789677,"relics_obtained":[{"floor":7,"key":"Ninja Scroll"},{"floor":9,"key":"WingedGreaves"}],"event_choices":[{"damage_healed":0,"gold_gain":0,"player_choice":"Upgraded","damage_taken":0,"max_hp_gain":0,"max_hp_loss":0,"event_name":"Upgrade Shrine","floor":3,"gold_loss":0,"cards_upgraded":["Dagger Spray"]},{"damage_healed":0,"gold_gain":0,"player_choice":"Lose Max HP","damage_taken":0,"relics_obtained":["Golden Idol"],"max_hp_gain":0,"max_hp_loss":6,"event_name":"Golden Idol","floor":11,"gold_loss":0},{"cards_removed":["Strike_G"],"damage_healed":0,"gold_gain":0,"player_choice":"Card Removal","damage_taken":0,"max_hp_gain":0,"max_hp_loss":0,"event_name":"Wheel of Change","floor":13,"gold_loss":0}],"is_beta":false,"boss_relics":[],"items_purged_floors":[],"is_endless":false,"potions_floor_spawned":[1,7,12,14],"killed_by":"Hexaghost","ascension_level":5}