{"gold_per_floor":[112,112,112,130,55,55,81,96,96,96,108,54,54,64,64,163,163,182,135,135,145,345,380,394,420,445,445,464,475,489,489,489,489],"floor_reached":33,"playtime":1975,"items_purged":["Strike_R"],"score":337,"play_id":"447b99b7-28ed-4a8b-9093-08eb5d6806c6","local_time":"20190404202845","is_ascension_mode":false,"campfire_choices":[{"data":"Rampage","floor":6,"key":"SMITH"},{"data":"Perfected Strike","floor":13,"key":"SMITH"},{"data":"Clash","floor":15,"key":"SMITH"},{"data":"Flex","floor":27,"key":"SMITH"},{"floor":32,"key":"REST"}],"neow_cost":"NONE","seed_source_timestamp":256709227845793,"circlet_count":0,"master_deck":["Strike_R","Strike_R","Strike_R","Strike_R+1","Defend_R","Defend_R","Defend_R+1","Bash","Carnage","Rampage+1","Clash+1","Perfected Strike+1","Pommel Strike","Double Tap","Flex+1","Twin Strike+1","Intimidate+1","Iron Wave+1"],"relics":["Burning Blood","Strawberry","Self Forming Clay","Vajra","Busted Crown","Toxic Egg 2","Oddly Smooth Stone","Boot"],"potions_floor_usage":[7,16,16,16,23,23,30,33],"damage_taken":[{"damage":3,"enemies":"Jaw Worm","floor":1,"turns":4},{"damage":3,"enemies":"Small Slimes","floor":4,"turns":3},{"damage":28,"enemies":"3 Sentries","floor":7,"turns":7},{"damage":0,"enemies":"Cultist","floor":8,"turns":3},{"damage":5,"enemies":"Gremlin Gang","floor":11,"turns":3},{"damage":12,"enemies":"Blue Slaver","floor":14,"turns":2},{"damage":0,"enemies":"Slime Boss","floor":16,"turns":6},{"damage":0,"enemies":"Chosen","floor":18,"turns":2},{"damage":5,"enemies":"3 Byrds","floor":21,"turns":4},{"damage":37,"enemies":"Gremlin Leader","floor":23,"turns":4},{"damage":14,"enemies":"Snecko","floor":24,"turns":4},{"damage":16,"enemies":"Slavers","floor":25,"turns":4},{"damage":0,"enemies":"Snake Plant","floor":28,"turns":2},{"damage":21,"enemies":"Centurion and Healer","floor":29,"turns":4},{"damage":10,"enemies":"Cultist and Chosen","floor":30,"turns":3},{"damage":60,"enemies":"Collector","floor":33,"turns":5}],"seed_played":"1131733633849249542","potions_obtained":[{"floor":0,"key":"SkillPotion"},{"floor":0,"key":"SteroidPotion"},{"floor":0,"key":"Weak Potion"},{"floor":8,"key":"Dexterity Potion"},{"floor":16,"key":"Swift Potion"},{"floor":18,"key":"Explosive Potion"},{"floor":28,"key":"Regen Potion"},{"floor":29,"key":"Strength Potion"}],"is_trial":false,"path_per_floor":["?","?","?","?","?","M","M","?"],"character_chosen":"IRONCLAD","items_purchased":["Pommel Strike","Flex"],"campfire_rested":1,"item_purchase_floors":[12,19],"current_hp_per_floor":[80,64,64,67,67,67,52,58,58,40,41,41,41,35,35,41,87,87,87,87,87,87,56,48,38,38,38,44,29,34,34,60,0],"gold":489,"neow_bonus":"THREE_SMALL_POTIONS","is_prod":false,"is_daily":false,"chose_seed":false,"campfire_upgraded":4,"win_rate":0.0,"timestamp":1554420525,"path_taken":["M","?","?","M","$","R","E","M","T","?","M","$","R","M","R","BOSS","M","$","?","M","?","E","?","E","T","R","M","?","M","?","R","BOSS"],"build_version":"2019-01-23","purchased_purges":1,"victory":false,"max_hp_per_floor":[80,80,80,80,80,80,87,87,87,87,87,87,87,87,87,87,87,87,87,87,87,87,87,87,87,87,87,87,87,87,87,87,87],"card_choices":[{"not_picked":["Body Slam","Battle Trance","Armaments"],"picked":"SKIP","floor":1},{"not_picked":["True Grit","Sword Boomerang"],"picked":"Rampage","floor":4},{"not_picked":["Impervious","Twin Strike","Battle Trance"],"picked":"SKIP","floor":7},{"not_picked":["Rage","Iron Wave"],"picked":"Clash","floor":8},{"not_picked":["Uppercut","Anger"],"picked":"Perfected Strike","floor":11},{"not_picked":["Pommel Strike","True Grit","Clothesline"],"picked":"SKIP","floor":14},{"not_picked":["Bludgeon","Demon Form"],"picked":"Double Tap","floor":16},{"not_picked":["Battle Trance"],"picked":"SKIP","floor":18},{"not_picked":["Feel No Pain+1"],"picked":"SKIP","floor":21},{"not_picked":["Pommel Strike"],"picked":"SKIP","floor":23},{"not_picked":["Rupture"],"picked":"SKIP","floor":24},{"not_picked":["Burning Pact+1"],"picked":"SKIP","floor":25},{"not_picked":[],"picked":"Twin Strike+1","floor":28},{"not_picked":[],"picked":"Intimidate+1","floor":29},{"not_picked":[],"picked":"Iron Wave+1","floor":30}],"player_experience":13390,"relics_obtained":[{"floor":7,"key":"Strawberry"},{"floor":9,"key":"Self Forming Clay"},{"floor":23,"key":"Toxic Egg 2"},{"floor":25,"key":"Oddly Smooth Stone"},{"floor":26,"key":"Boot"}],"event_choices":[{"damage_healed":0,"gold_gain":0,"player_choice":"Entered Light","damage_taken":16,"max_hp_gain":0,"max_hp_loss":0,"event_name":"Shining Light","floor":2,"gold_loss":0,"cards_upgraded":["Defend_R","Strike_R"]},{"damage_healed":0,"gold_gain":0,"cards_transformed":["Defend_R"],"player_choice":"Change","damage_taken":0,"max_hp_gain":0,"max_hp_loss":0,"event_name":"Living Wall","floor":3,"gold_loss":0,"cards_obtained":["Carnage"]},{"damage_healed":0,"gold_gain":0,"player_choice":"Success","damage_taken":18,"relics_obtained":["Vajra"],"max_hp_gain":0,"max_hp_loss":0,"event_name":"Scrap Ooze","floor":10,"gold_loss":0},{"damage_healed":0,"gold_gain":0,"player_choice":"Ignored","damage_taken":0,"max_hp_gain":0,"max_hp_loss":0,"event_name":"Ghosts","floor":20,"gold_loss":0},{"damage_healed":0,"gold_gain":200,"player_choice":"Gold","damage_taken":0,"max_hp_gain":0,"max_hp_loss":0,"event_name":"Wheel of Change","floor":22,"gold_loss":0},{"damage_healed":0,"gold_gain":0,"player_choice":"Ignored","damage_taken":0,"max_hp_gain":0,"max_hp_loss":0,"event_name":"Beggar","floor":31,"gold_loss":0}],"is_beta":false,"boss_relics":[{"not_picked":["Empty Cage","Philosopher\u0027s Stone"],"picked":"Busted Crown"}],"items_purged_floors":[5],"is_endless":false,"potions_floor_spawned":[8,16,18,28,29],"killed_by":"Collector","ascension_level":0}