{"gold_per_floor":[219,237,249,29,48,78,94,126,126,126,52,127,227,242,242,347,347,365,365,365,141,141,141,173,173,244,269,269,280,86,103,103,208,208,219,234,234,247,247,278,278,298,379,379,397,397,357,9,9,9,9,9,9,38,38],"floor_reached":55,"playtime":3710,"items_purged":[],"score":793,"play_id":"d03616b4-b23e-47c9-ab10-b0d5c92ac56c","local_time":"20190323232913","is_ascension_mode":false,"campfire_choices":[{"data":"Whirlwind","floor":15.0,"key":"SMITH"},{"data":"Bash","floor":23,"key":"SMITH"},{"data":"Carnage","floor":25,"key":"SMITH"},{"data":"Metallicize","floor":32,"key":"SMITH"},{"data":"Mind Blast","floor":41,"key":"SMITH"},{"floor":46,"key":"RECALL"},{"data":"Limit Break","floor":49,"key":"SMITH"},{"data":"Battle Trance","floor":52,"key":"SMITH"}],"neow_cost":"NONE","seed_source_timestamp":0,"circlet_count":0,"master_deck":["Defend_R","Defend_R","Defend_R","Defend_R","Bash+1","Iron Wave","Sword Boomerang","True Grit","Shrug It Off","Whirlwind+1","Fiend Fire","Evolve","Iron Wave","Metallicize+1","Anger","Feed","Shrug It Off+1","Bite","Bite","Bite","Bite","Bite","Carnage+1","Shrug It Off","RitualDagger","Flame Barrier","Armaments+1","Limit Break+1","Cleave+1","Dramatic Entrance","Dramatic Entrance","Mind Blast+1","Armaments+1","Battle Trance+1","Impervious"],"special_seed":0,"relics":["Burning Blood","Sling","Singing Bowl","Gremlin Horn","Dodecahedron","Black Star","MutagenicStrength","Happy Flower","Juzu Bracelet","Ginger","Matryoshka","Ice Cream","Red Skull","Lantern","Coffee Dripper","Bottled Flame","Incense Burner","Orichalcum","Bottled Lightning","Pear","Mercury Hourglass"],"potions_floor_usage":[24,24,27,33,33,33,38,40,45,50,50,50],"damage_taken":[{"damage":0.0,"enemies":"2 Louse","floor":1.0,"turns":3.0},{"damage":1.0,"enemies":"Cultist","floor":2.0,"turns":4.0},{"damage":6.0,"enemies":"Jaw Worm","floor":3.0,"turns":4.0},{"damage":2.0,"enemies":"Looter","floor":5.0,"turns":3.0},{"damage":29.0,"enemies":"3 Sentries","floor":6.0,"turns":9.0},{"damage":4.0,"enemies":"2 Fungi Beasts","floor":7.0,"turns":3.0},{"damage":14.0,"enemies":"Gremlin Nob","floor":8.0,"turns":3.0},{"damage":24.0,"enemies":"Exordium Wildlife","floor":14.0,"turns":9.0},{"damage":16.0,"enemies":"Slime Boss","floor":16.0,"turns":8.0},{"damage":29,"enemies":"Shell Parasite","floor":18,"turns":9},{"damage":22,"enemies":"Book of Stabbing","floor":24,"turns":3},{"damage":8,"enemies":"Gremlin Leader","floor":27,"turns":7},{"damage":15,"enemies":"2 Thieves","floor":29,"turns":4},{"damage":10,"enemies":"Cultist and Chosen","floor":31,"turns":7},{"damage":45,"enemies":"Champ","floor":33,"turns":12},{"damage":3,"enemies":"3 Shapes","floor":35,"turns":8},{"damage":0,"enemies":"Orb Walker","floor":36,"turns":3},{"damage":11,"enemies":"4 Shapes","floor":38,"turns":3},{"damage":76,"enemies":"Giant Head","floor":40,"turns":8},{"damage":3,"enemies":"Sphere and 2 Shapes","floor":42,"turns":7},{"damage":9,"enemies":"Writhing Mass","floor":45,"turns":2},{"damage":38,"enemies":"Awakened One","floor":50,"turns":13},{"damage":0,"enemies":"Shield and Spear","floor":54,"turns":5},{"damage":93,"enemies":"The Heart","floor":55,"turns":8}],"seed_played":"-1988597269611987283","potions_obtained":[{"floor":5.0,"key":"Dexterity Potion"},{"floor":7.0,"key":"Energy Potion"},{"floor":8.0,"key":"Strength Potion"},{"floor":16.0,"key":"Fire Potion"},{"floor":18,"key":"Swift Potion"},{"floor":29,"key":"Dexterity Potion"},{"floor":31,"key":"Block Potion"},{"floor":35,"key":"Poison Potion"},{"floor":36,"key":"AttackPotion"},{"floor":42,"key":"EntropicBrew"},{"floor":47,"key":"Dexterity Potion"}],"is_trial":false,"path_per_floor":["M","M","M","$","M","E","M","E","T","?","$","?","?","M","R","B",null,"M","?","?","$","?","R","E","R","T","E","?","M","$","M","R","B",null,"M","M","?","M","?","E","R","M","T","?","M","R","?","$","R","B",null,"R","$","E","B"],"character_chosen":"IRONCLAD","items_purchased":["Sling","Shrug It Off","Metallicize","Happy Flower","Carnage","Lantern","Strength Potion","Bottled Lightning","SteroidPotion","Block Potion"],"campfire_rested":0,"item_purchase_floors":[4,4,11,21,21,30,30,48,48,48],"current_hp_per_floor":[80,80,80,80,80,57,59,51,51,51,51,40,40,22,22,12,80,60,58,58,58,48,48,38,38,38,52,46,45,45,58,58,39,68,73,73,63,65,65,11,11,23,23,67,66,66,66,66,66,60,69,69,69,79,0],"gold":38,"neow_bonus":"HUNDRED_GOLD","is_prod":false,"is_daily":false,"chose_seed":false,"campfire_upgraded":7,"win_rate":0,"timestamp":1553398153,"path_taken":["M","M","M","$","M","E","M","E","T","?","?","?","?","?","R","BOSS","M","?","?","$","?","R","E","R","T","E","?","M","$","M","R","BOSS","M","M","?","M","?","E","R","M","T","?","M","R","?","?","R","BOSS","R","$","E","BOSS"],"build_version":"2019-01-23","purchased_purges":0,"victory":false,"max_hp_per_floor":[80,80,80,80,80,80,80,80,80,80,80,80,80,80,80,80,80,83,58,58,58,63,63,65,65,65,65,65,65,65,68,68,68,68,73,73,73,78,74,74,74,77,77,67,69,69,69,69,69,69,69,69,69,79,79],"card_choices":[{"not_picked":["Thunderclap","Armaments"],"picked":"Iron Wave","floor":1.0},{"not_picked":["Shrug It Off","Evolve"],"picked":"Sword Boomerang","floor":2.0},{"not_picked":["Sever Soul","Headbutt"],"picked":"True Grit","floor":3.0},{"not_picked":["Clash","Armaments"],"picked":"Whirlwind","floor":5.0},{"not_picked":["True Grit","Whirlwind"],"picked":"Fiend Fire","floor":6.0},{"not_picked":["Pommel Strike","Twin Strike"],"picked":"Evolve","floor":7.0},{"not_picked":["Feel No Pain","Twin Strike"],"picked":"Impervious","floor":8.0},{"not_picked":["Flex","Burning Pact"],"picked":"Anger","floor":14.0},{"not_picked":["Barricade","Exhume"],"picked":"Feed","floor":16.0},{"not_picked":["Pommel Strike","Flex"],"picked":"Shrug It Off+1","floor":18},{"not_picked":["Hemokinesis","Thunderclap","Havoc"],"picked":"Singing Bowl","floor":24},{"not_picked":["Sentinel","Corruption+1"],"picked":"Shrug It Off","floor":27},{"not_picked":["Armaments","True Grit"],"picked":"Flame Barrier","floor":29},{"not_picked":["Juggernaut","Shrug It Off"],"picked":"Armaments+1","floor":31},{"not_picked":["Dark Embrace","Double Tap"],"picked":"Limit Break","floor":33},{"not_picked":["Heavy Blade+1","Evolve+1","Combust"],"picked":"Singing Bowl","floor":35},{"not_picked":["Thunderclap","Feel No Pain"],"picked":"Cleave+1","floor":36},{"not_picked":["Forethought","Chrysalis"],"picked":"Dramatic Entrance","floor":37},{"not_picked":["Discovery","Good Instincts"],"picked":"Dramatic Entrance","floor":37},{"not_picked":["Dark Shackles","Transmutation"],"picked":"Mind Blast","floor":37},{"not_picked":["Flex+1","Feel No Pain","Rampage"],"picked":"Singing Bowl","floor":38},{"not_picked":["Rage","Sword Boomerang+1"],"picked":"Armaments+1","floor":40},{"not_picked":["Anger+1","Clash"],"picked":"Battle Trance","floor":42},{"not_picked":["Combust+1","Body Slam","Headbutt"],"picked":"Singing Bowl","floor":45},{"not_picked":["Evolve","Pommel Strike"],"picked":"Impervious","floor":54}],"player_experience":761597,"relics_obtained":[{"floor":6.0,"key":"Singing Bowl"},{"floor":8.0,"key":"Gremlin Horn"},{"floor":9.0,"key":"Dodecahedron"},{"floor":24,"key":"Juzu Bracelet"},{"floor":24,"key":"Ginger"},{"floor":26,"key":"Matryoshka"},{"floor":27,"key":"Ice Cream"},{"floor":27,"key":"Red Skull"},{"floor":40,"key":"Bottled Flame"},{"floor":40,"key":"Incense Burner"},{"floor":43,"key":"Orichalcum"},{"floor":54,"key":"Pear"},{"floor":54,"key":"Mercury Hourglass"}],"event_choices":[{"cards_removed":["Impervious"],"damage_healed":0.0,"max_hp_gain":0.0,"max_hp_loss":0.0,"gold_gain":0.0,"event_name":"NoteForYourself","player_choice":"Took Card","floor":10.0,"gold_loss":0.0,"damage_taken":0.0,"cards_obtained":["Iron Wave"]},{"damage_healed":0.0,"max_hp_gain":0.0,"max_hp_loss":0.0,"gold_gain":75.0,"event_name":"World of Goop","player_choice":"Gather Gold","floor":12.0,"gold_loss":0.0,"damage_taken":11.0},{"damage_healed":0.0,"max_hp_gain":0.0,"max_hp_loss":0.0,"gold_gain":100.0,"event_name":"Golden Shrine","player_choice":"Pray","floor":13.0,"gold_loss":0.0,"damage_taken":0.0},{"damage_healed":0,"gold_gain":0,"player_choice":"Became a vampire","damage_taken":0,"max_hp_gain":0,"max_hp_loss":25,"event_name":"Vampires","floor":19,"gold_loss":0,"cards_obtained":["Bite","Bite","Bite","Bite","Bite"]},{"damage_healed":0,"gold_gain":0,"player_choice":"Inject Mutagens","damage_taken":0,"relics_obtained":["MutagenicStrength"],"max_hp_gain":0,"max_hp_loss":0,"event_name":"Drug Dealer","floor":20,"gold_loss":0},{"damage_healed":0,"gold_gain":0,"player_choice":"Shed Blood","damage_taken":15,"max_hp_gain":5,"max_hp_loss":0,"event_name":"Forgotten Altar","floor":22,"gold_loss":0},{"damage_healed":0,"gold_gain":0,"player_choice":"Joined the Cult","damage_taken":6,"max_hp_gain":0,"max_hp_loss":0,"event_name":"Nest","floor":28,"gold_loss":0,"cards_obtained":["RitualDagger"]},{"damage_healed":0,"gold_gain":0,"player_choice":"Memory 3","damage_taken":10,"max_hp_gain":0,"max_hp_loss":0,"event_name":"SensoryStone","floor":37,"gold_loss":0},{"damage_healed":0,"gold_gain":0,"player_choice":"Max HP","damage_taken":0,"max_hp_gain":0,"max_hp_loss":4,"event_name":"Winding Halls","floor":39,"gold_loss":0},{"damage_healed":67,"gold_gain":0,"player_choice":"Heal","damage_taken":0,"max_hp_gain":0,"max_hp_loss":10,"event_name":"The Moai Head","floor":44,"gold_loss":0},{"damage_healed":0,"gold_gain":0,"player_choice":"Bought 3 Potions","damage_taken":0,"max_hp_gain":0,"max_hp_loss":0,"event_name":"The Woman in Blue","floor":47,"gold_loss":0}],"is_beta":false,"boss_relics":[{"not_picked":["Orrery","Astrolabe"],"picked":"Black Star"},{"not_picked":["Runic Pyramid","Lizard Tail"],"picked":"Coffee Dripper"}],"items_purged_floors":[],"is_endless":false,"potions_floor_spawned":[5,7,8,16,18,29,31,35,36,42],"killed_by":"The Heart","ascension_level":0}