{"gold_per_floor":[112,125,85,185,185,220,238,263,315,143,143,206,237,40,40,40],"floor_reached":16,"playtime":2236,"items_purged":["Strike_B","Strike_B"],"score":128,"play_id":"d7fd0b38-9a6d-4750-b046-0e05a49782c3","local_time":"20180722181319","is_ascension_mode":true,"campfire_choices":[{"data":"Coolheaded","floor":11,"key":"SMITH"},{"floor":15,"key":"REST"}],"neow_cost":"NONE","seed_source_timestamp":0,"circlet_count":0,"master_deck":["Strike_B","Strike_B","Defend_B","Defend_B","Defend_B","Defend_B","Zap","Dualcast","Rebound","Rebound","Fusion","Coolheaded+1","Compile Driver","Machine Learning+1","Coolheaded"],"special_seed":0,"relics":["Cracked Core","Question Card","Oddly Smooth Stone","Omamori","Boot","Frozen Egg 2"],"potions_floor_usage":[6,8,12,12,16,16],"damage_taken":[{"damage":1.0,"enemies":"2 Louse","floor":1.0,"turns":2.0},{"damage":0,"enemies":"Cultist","floor":2,"turns":2},{"damage":23,"enemies":"3 Sentries","floor":6,"turns":7},{"damage":1,"enemies":"Small Slimes","floor":7,"turns":3},{"damage":16,"enemies":"Gremlin Nob","floor":8,"turns":3},{"damage":14,"enemies":"Gremlin Nob","floor":12,"turns":3},{"damage":13,"enemies":"Lagavulin","floor":13,"turns":8},{"damage":29,"enemies":"Hexaghost","floor":16,"turns":11}],"seed_played":"4747845927249936688","potions_obtained":[{"floor":3,"key":"SmokeBomb"},{"floor":3,"key":"PowerPotion"},{"floor":3,"key":"FearPotion"},{"floor":7,"key":"PowerPotion"},{"floor":8,"key":"SteroidPotion"},{"floor":13,"key":"Block Potion"}],"is_trial":false,"path_per_floor":["M","M","?","?","?","E","M","E","T","$","R","?","E","$","R"],"character_chosen":"DEFECT","items_purchased":["Coolheaded","Compile Driver","Coolheaded","Energy Potion"],"campfire_rested":1,"item_purchase_floors":[10,10,14,14],"current_hp_per_floor":[74,74,74,74,74,51,50,34,34,34,34,20,7,7,29,0],"gold":40,"neow_bonus":"THREE_CARDS","is_prod":false,"is_daily":false,"chose_seed":false,"campfire_upgraded":1,"win_rate":0,"timestamp":1532308399,"path_taken":["M","M","?","?","?","E","M","E","T","$","R","?","E","$","R","BOSS"],"build_version":"2018-07-19v2","purchased_purges":2,"victory":false,"max_hp_per_floor":[75,75,75,75,75,75,75,75,75,75,75,75,75,75,75,75],"card_choices":[{"not_picked":["Go for the Eyes","Barrage"],"picked":"Rebound","floor":0.0},{"not_picked":["Go for the Eyes","Undo","Hello World"],"picked":"SKIP","floor":1},{"not_picked":["Conserve Battery","Chaos"],"picked":"Rebound","floor":2},{"not_picked":["Loop","Melter"],"picked":"Fusion","floor":6},{"not_picked":["Auto Shields","Gash","Chaos","Cold Snap"],"picked":"SKIP","floor":7},{"not_picked":["Barrage","Gash","Doom and Gloom","Steam"],"picked":"SKIP","floor":8},{"not_picked":["Blizzard","Steam Power","Rebound"],"picked":"Machine Learning","floor":13}],"player_experience":114119,"relics_obtained":[{"floor":6,"key":"Question Card"},{"floor":8,"key":"Oddly Smooth Stone"},{"floor":9,"key":"Omamori"},{"floor":12,"key":"Boot"},{"floor":13,"key":"Frozen Egg 2"}],"event_choices":[{"event_name":"The Woman in Blue","player_choice":"Bought 3 Potions","floor":3,"damage_taken":0},{"event_name":"Golden Shrine","player_choice":"Pray","floor":4,"damage_taken":0},{"event_name":"Liars Game","player_choice":"disagreed","floor":5,"damage_taken":0},{"event_name":"Dead Adventurer","player_choice":"Searched \u00272\u0027 times","floor":12,"damage_taken":0}],"is_beta":false,"boss_relics":[],"items_purged_floors":[10,14],"is_endless":false,"potions_floor_spawned":[7,8,13],"killed_by":"Hexaghost","ascension_level":2}