{"gold_per_floor":[110,110,120,120,46,79,79,97,123,48,73,95,117,94,106,223,235,265,287,299],"floor_reached":20,"playtime":1217,"items_purged":["Strike_G"],"score":230,"play_id":"e6bb96af-22e5-4a2a-9113-564b890cac8e","local_time":"20190113220301","is_ascension_mode":true,"campfire_choices":[{"floor":7,"key":"REST"},{"floor":15,"key":"REST"}],"neow_cost":"NONE","seed_source_timestamp":422302492959059,"circlet_count":0,"master_deck":["Defend_G","Defend_G","Defend_G","Defend_G","Defend_G","Strike_G","Strike_G","Strike_G+1","Survivor+1","Neutralize","Skewer","Caltrops","Footwork","Backflip","Blade Dance","Escape Plan","Crippling Poison","Footwork","Glass Knife","Writhe","Clumsy","Normality","Blade Dance+1","Blade Dance+1"],"relics":["Sozu","Ancient Tea Set","Boot","MawBank","Calling Bell","Oddly Smooth Stone","Toxic Egg 2","FossilizedHelix"],"potions_floor_usage":[],"damage_taken":[{"damage":0,"enemies":"2 Louse","floor":1,"turns":3},{"damage":0,"enemies":"Jaw Worm","floor":3,"turns":4},{"damage":35,"enemies":"3 Sentries","floor":6,"turns":9},{"damage":0,"enemies":"Cultist","floor":8,"turns":3},{"damage":8,"enemies":"Lagavulin","floor":11,"turns":7},{"damage":0,"enemies":"Blue Slaver","floor":12,"turns":4},{"damage":8,"enemies":"3 Louse","floor":13,"turns":3},{"damage":15,"enemies":"Hexaghost","floor":16,"turns":13},{"damage":29,"enemies":"Spheric Guardian","floor":18,"turns":8},{"damage":18,"enemies":"3 Byrds","floor":19,"turns":5},{"damage":19,"enemies":"Masked Bandits","floor":20,"turns":3}],"seed_played":"2991092726577367989","potions_obtained":[],"is_trial":false,"path_per_floor":["M","?","M","?","$","E","R","M","T","$","E","M","M","?","R","B",null,"M","M","?"],"character_chosen":"THE_SILENT","items_purchased":["Footwork"],"campfire_rested":2,"item_purchase_floors":[5],"current_hp_per_floor":[70,56,56,49,49,14,35,35,35,35,27,27,19,36,57,42,63,34,16,0],"gold":299,"neow_bonus":"BOSS_RELIC","is_prod":false,"is_daily":false,"chose_seed":false,"campfire_upgraded":0,"win_rate":0,"timestamp":1547438581,"path_taken":["M","?","M","?","$","E","R","?","T","$","E","?","M","?","R","BOSS","M","M","?"],"build_version":"2019-01-10","purchased_purges":1,"victory":false,"max_hp_per_floor":[70,70,70,70,70,70,70,70,70,70,70,70,70,70,70,70,70,70,70,70],"card_choices":[{"not_picked":["Acrobatics","Masterful Stab"],"picked":"Skewer","floor":1},{"not_picked":["Sucker Punch","Accuracy"],"picked":"Caltrops","floor":3},{"not_picked":["Heel Hook","All Out Attack"],"picked":"Backflip","floor":6},{"not_picked":["Underhanded Strike","Quick Slash"],"picked":"Blade Dance","floor":8},{"not_picked":["Tactician","Dagger Throw"],"picked":"Escape Plan","floor":11},{"not_picked":["Slice","Outmaneuver"],"picked":"Crippling Poison","floor":12},{"not_picked":["Blur","Crippling Poison"],"picked":"Footwork","floor":13},{"not_picked":["Wraith Form v2","Unload"],"picked":"Glass Knife","floor":16},{"not_picked":["Bane+1","Dagger Spray"],"picked":"Blade Dance+1","floor":18},{"not_picked":["Flying Knee","Deflect+1"],"picked":"Blade Dance+1","floor":19}],"player_experience":689050,"relics_obtained":[{"floor":6,"key":"Ancient Tea Set"},{"floor":9,"key":"Boot"},{"floor":11,"key":"MawBank"},{"floor":17,"key":"Oddly Smooth Stone"},{"floor":17,"key":"Toxic Egg 2"},{"floor":17,"key":"FossilizedHelix"}],"event_choices":[{"damage_healed":0,"gold_gain":0,"player_choice":"Entered Light","damage_taken":14,"max_hp_gain":0,"max_hp_loss":0,"event_name":"Shining Light","floor":2,"gold_loss":0,"cards_upgraded":["Strike_G","Survivor"]},{"cards_removed":["Strike_G"],"damage_healed":0,"gold_gain":0,"player_choice":"Card Removal","damage_taken":7,"max_hp_gain":0,"max_hp_loss":0,"event_name":"Golden Wing","floor":4,"gold_loss":0},{"damage_healed":17,"gold_gain":0,"player_choice":"Healed","damage_taken":0,"max_hp_gain":0,"max_hp_loss":0,"event_name":"The Cleric","floor":14,"gold_loss":35},{"damage_healed":0,"gold_gain":0,"player_choice":"Fought Bandits","damage_taken":0,"max_hp_gain":0,"max_hp_loss":0,"event_name":"Masked Bandits","floor":20,"gold_loss":0}],"is_beta":false,"boss_relics":[{"not_picked":["Cursed Key","Runic Pyramid"],"picked":"Calling Bell"}],"items_purged_floors":[10],"is_endless":false,"potions_floor_spawned":[1,6,8,12],"killed_by":"Masked Bandits","ascension_level":5}