{"gold_per_floor":[115,115,129,149,114,114,146,146,146,172,190,54,72,72,72,151,151,166,156,171,64,78,78,104,104,151,151,151,162,162,196,196,272,272,286,125,125,140,140,140,151,151,151,151,8,8,36,47,47,47],"floor_reached":51,"playtime":4354,"items_purged":["Strike_B"],"score":1306,"play_id":"5de39a14-4f4e-46d3-aa76-6cdaaa27d90e","local_time":"20180825004813","is_ascension_mode":true,"campfire_choices":[{"data":"Rip and Tear","floor":6.0,"key":"SMITH"},{"data":"Zap","floor":8.0,"key":"SMITH"},{"data":"Go for the Eyes","floor":15.0,"key":"SMITH"},{"data":"Defragment","floor":23.0,"key":"SMITH"},{"data":"Fission","floor":25.0,"key":"SMITH"},{"data":"Capacitor","floor":28.0,"key":"SMITH"},{"floor":32,"key":"REST"},{"data":"Apotheosis","floor":40,"key":"SMITH"},{"data":"Chill","floor":42,"key":"SMITH"},{"data":"All For One","floor":44,"key":"SMITH"},{"floor":49,"key":"REST"}],"neow_cost":"NONE","seed_source_timestamp":669302425556770,"circlet_count":0,"master_deck":["Strike_B","Strike_B","Strike_B+1","Defend_B","Defend_B","Defend_B","Defend_B+1","Zap+1","Dualcast","AscendersBane","Rip and Tear+1","Gash","Cold Snap+1","Undo","Leap","Hologram+1","Bandage Up","Go for the Eyes+1","Ball Lightning","Fission+1","Defragment+1","Chill+1","FTL","Hologram","Capacitor+1","Gash","Buffer+1","Gash","Fusion+1","All For One+1","Auto Shields","Writhe","FTL","Bandage Up","Dark Shackles","Apotheosis+1","Loop+1","Go for the Eyes","Gash","Stack+1"],"special_seed":0,"relics":["FrozenCore","Boot","Du-Vu Doll","Whetstone","Kunai","Cables","Frozen Egg 2","Art of War","Symbiotic Virus","Philosopher\u0027s Stone","Prayer Wheel","DataDisk"],"potions_floor_usage":[31,50,50],"damage_taken":[{"damage":1.0,"enemies":"2 Louse","floor":1.0,"turns":3.0},{"damage":2.0,"enemies":"Jaw Worm","floor":3.0,"turns":3.0},{"damage":1.0,"enemies":"Cultist","floor":4.0,"turns":3.0},{"damage":23.0,"enemies":"Lagavulin","floor":7.0,"turns":6.0},{"damage":8.0,"enemies":"3 Sentries","floor":10.0,"turns":6.0},{"damage":4.0,"enemies":"Large Slime","floor":11.0,"turns":3.0},{"damage":0.0,"enemies":"Exordium Wildlife","floor":13.0,"turns":3.0},{"damage":6.0,"enemies":"Hexaghost","floor":16.0,"turns":7.0},{"damage":0.0,"enemies":"Spheric Guardian","floor":18.0,"turns":7.0},{"damage":5.0,"enemies":"2 Thieves","floor":19.0,"turns":5.0},{"damage":11.0,"enemies":"Cultist and Chosen","floor":20.0,"turns":7.0},{"damage":6.0,"enemies":"Snecko","floor":22.0,"turns":12.0},{"damage":14.0,"enemies":"Gremlin Leader","floor":24.0,"turns":10.0},{"damage":14.0,"enemies":"3 Cultists","floor":29.0,"turns":8.0},{"damage":14,"enemies":"Slavers","floor":31,"turns":9},{"damage":15,"enemies":"Automaton","floor":33,"turns":14},{"damage":0,"enemies":"Flame Bruiser 1 Orb","floor":35,"turns":6},{"damage":22,"enemies":"3 Darklings","floor":38,"turns":7},{"damage":11,"enemies":"Sphere and 2 Shapes","floor":41,"turns":8},{"damage":0,"enemies":"Nemesis","floor":47,"turns":6},{"damage":0,"enemies":"4 Shapes","floor":48,"turns":9},{"damage":16,"enemies":"Awakened One","floor":50,"turns":12}],"seed_played":"-5212045038152420578","potions_obtained":[{"floor":3.0,"key":"Regen Potion"},{"floor":4.0,"key":"Ancient Potion"},{"floor":10.0,"key":"FocusPotion"},{"floor":16.0,"key":"FocusPotion"},{"floor":19.0,"key":"Poison Potion"},{"floor":22.0,"key":"SteroidPotion"},{"floor":24.0,"key":"SteroidPotion"},{"floor":35,"key":"FearPotion"}],"is_trial":false,"path_per_floor":["M","?","M","M","?","R","E","R","T","E","M","$","M","?","R","B",null,"M","M","M","$","M","R","E","R","T","?","R","M","?","E","R","B",null,"M","$","?","M","?","R","M","R","T","R","$","?","E","M","R","B"],"character_chosen":"DEFECT","items_purchased":["Bandage Up","Go for the Eyes","FTL","Hologram","FocusPotion","Loop+1","Dexterity Potion"],"campfire_rested":2,"item_purchase_floors":[12,12,21,21,36,45,45],"current_hp_per_floor":[63,45,43,42,59,59,51,51,51,43,39,39,39,18,18,16,57,61,60,53,53,51,51,41,41,41,41,41,31,31,21,42,31,61,65,65,71,53,43,43,42,42,42,42,42,32,40,52,71,63],"gold":47,"neow_bonus":"RANDOM_COMMON_RELIC","is_prod":false,"is_daily":false,"chose_seed":false,"campfire_upgraded":9,"win_rate":0,"timestamp":1535183293,"path_taken":["M","?","M","?","?","R","E","R","T","E","?","$","M","?","R","BOSS","M","M","M","$","M","R","E","R","T","?","R","M","?","E","R","BOSS","M","$","?","M","?","R","M","R","T","R","$","?","E","?","R","BOSS"],"build_version":"2018-08-16","purchased_purges":1,"victory":true,"max_hp_per_floor":[71,71,71,71,71,71,71,71,71,71,71,71,71,71,71,71,71,71,71,71,71,71,71,71,71,71,71,71,71,71,71,71,71,71,71,71,71,71,71,71,71,71,71,71,71,71,71,71,71,71],"card_choices":[{"not_picked":["Redo","Turbo"],"picked":"Rip and Tear","floor":1.0},{"not_picked":["Conserve Battery","Tempest"],"picked":"Gash","floor":3.0},{"not_picked":["Darkness","Barrage"],"picked":"Cold Snap","floor":4.0},{"not_picked":["Heatsinks","Rebound"],"picked":"Undo","floor":7.0},{"not_picked":["Hello World","Redo"],"picked":"Leap","floor":10.0},{"not_picked":["Coolheaded","Redo"],"picked":"Hologram","floor":11.0},{"not_picked":["Stack","Redo"],"picked":"Ball Lightning","floor":13.0},{"not_picked":["Multi-Cast","Thunder Strike"],"picked":"Fission","floor":16.0},{"not_picked":["Undo","Go for the Eyes"],"picked":"Defragment","floor":18.0},{"not_picked":["Static Discharge","Tempest","Steam Power"],"picked":"SKIP","floor":19.0},{"not_picked":["Turbo","Compile Driver"],"picked":"Chill","floor":20.0},{"not_picked":["Scrape","Undo"],"picked":"Capacitor","floor":22.0},{"not_picked":["Cold Snap","Compile Driver"],"picked":"Gash","floor":24.0},{"not_picked":["Turbo","Conserve Battery+1"],"picked":"Gash","floor":29.0},{"not_picked":["Amplify","Leap"],"picked":"Fusion+1","floor":31},{"not_picked":["Machine Learning+1","Meteor Strike"],"picked":"All For One","floor":33},{"not_picked":["Turbo","Double Energy"],"picked":"Auto Shields","floor":35},{"not_picked":["Turbo+1","Loop+1"],"picked":"FTL","floor":38},{"not_picked":["Sadistic Nature+1","Magnetism+1"],"picked":"Bandage Up","floor":39},{"not_picked":["Apotheosis","Secret Weapon"],"picked":"Dark Shackles","floor":39},{"not_picked":["Magnetism+1","HandOfGreed"],"picked":"Apotheosis","floor":39},{"not_picked":["Barrage","Lockon","Doom and Gloom"],"picked":"SKIP","floor":41},{"not_picked":["Cold Snap","Sweeping Beam"],"picked":"Go for the Eyes","floor":47},{"not_picked":["Cold Snap","Conserve Battery"],"picked":"Gash","floor":48},{"not_picked":["Genetic Algorithm","Redo+1"],"picked":"Stack+1","floor":48}],"player_experience":615386,"relics_obtained":[{"floor":7.0,"key":"Whetstone"},{"floor":9.0,"key":"Kunai"},{"floor":10.0,"key":"Cables"},{"floor":24.0,"key":"Frozen Egg 2"},{"floor":26.0,"key":"Art of War"},{"floor":31,"key":"Symbiotic Virus"},{"floor":43,"key":"Prayer Wheel"},{"floor":47,"key":"DataDisk"}],"event_choices":[{"event_name":"Scrap Ooze","player_choice":"success","floor":2.0,"damage_taken":18.0},{"event_name":"The Cleric","player_choice":"Healed","floor":5.0,"damage_taken":0.0},{"event_name":"Shining Light","player_choice":"Entered Light","floor":14.0,"damage_taken":0.0},{"event_name":"The Library","player_choice":"Read","floor":27.0,"damage_taken":0.0},{"event_name":"Drug Dealer","player_choice":"Ignored","floor":30.0,"damage_taken":0.0},{"event_name":"Winding Halls","player_choice":"Writhe","floor":37,"damage_taken":0},{"event_name":"SensoryStone","player_choice":"Memory 3","floor":39,"damage_taken":0},{"event_name":"Wheel of Change","player_choice":"Damage","floor":46,"damage_taken":0}],"is_beta":false,"boss_relics":[{"not_picked":["Runic Dome","Ectoplasm"],"picked":"FrozenCore"},{"not_picked":["Coffee Dripper","Lizard Tail"],"picked":"Philosopher\u0027s Stone"}],"items_purged_floors":[36],"is_endless":false,"potions_floor_spawned":[3,4,10,11,16,19,22,24,35,47],"ascension_level":16}