{"gold_per_floor":[119,137,137,137,155,155,12,47,47,47,47,58,85,104,104,206,206,217,228,228],"floor_reached":20,"playtime":1938,"items_purged":["Strike_G"],"score":230,"play_id":"127a0626-a35a-44f2-be3b-edd7b60f4496","local_time":"20190115192018","is_ascension_mode":true,"campfire_choices":[{"data":"Phantasmal Killer","floor":6,"key":"SMITH"},{"floor":11,"key":"REST"},{"floor":15,"key":"REST"}],"neow_cost":"NONE","seed_source_timestamp":40108893231458,"circlet_count":0,"master_deck":["Defend_G+1","Defend_G","Defend_G","Defend_G+1","Defend_G","Strike_G","Strike_G","Survivor","Neutralize","Phantasmal Killer+1","Riddle With Holes","Footwork","Terror","Noxious Fumes+1","Sucker Punch","Poisoned Stab","Terror","Sucker Punch","Heel Hook","Envenom+1","Sucker Punch","Prepared"],"relics":["Ring of the Snake","Frozen Egg 2","Smiling Mask","War Paint","Orichalcum","Empty Cage"],"potions_floor_usage":[8,16,20,20],"damage_taken":[{"damage":16,"enemies":"2 Louse","floor":1,"turns":3},{"damage":0,"enemies":"Cultist","floor":2,"turns":5},{"damage":0,"enemies":"Small Slimes","floor":5,"turns":5},{"damage":19,"enemies":"3 Sentries","floor":8,"turns":9},{"damage":6,"enemies":"Looter","floor":12,"turns":4},{"damage":4,"enemies":"Lagavulin","floor":13,"turns":6},{"damage":19,"enemies":"Exordium Thugs","floor":14,"turns":6},{"damage":22,"enemies":"Hexaghost","floor":16,"turns":8},{"damage":15,"enemies":"Shell Parasite","floor":18,"turns":7},{"damage":23,"enemies":"Spheric Guardian","floor":19,"turns":6},{"damage":26,"enemies":"Shelled Parasite and Fungi","floor":20,"turns":4}],"seed_played":"-1482860359134686687","potions_obtained":[{"floor":5,"key":"Block Potion"},{"floor":14,"key":"Poison Potion"},{"floor":16,"key":"Swift Potion"},{"floor":19,"key":"Energy Potion"}],"is_trial":false,"path_per_floor":["M","M","?","?","M","R","$","E","T","?","R","M","E","M","R","B",null,"M","M","M"],"character_chosen":"THE_SILENT","items_purchased":["Noxious Fumes+1"],"campfire_rested":2,"item_purchase_floors":[7],"current_hp_per_floor":[54,54,54,54,54,54,54,35,35,35,56,50,46,27,48,26,59,44,21,0],"gold":228,"neow_bonus":"ONE_RANDOM_RARE_CARD","is_prod":false,"is_daily":false,"chose_seed":false,"campfire_upgraded":1,"win_rate":0,"timestamp":1547601618,"path_taken":["M","M","?","?","?","R","$","E","T","?","R","M","E","M","R","BOSS","M","M","?"],"build_version":"2019-01-10","purchased_purges":1,"victory":false,"max_hp_per_floor":[70,70,70,70,70,70,70,70,70,70,70,70,70,70,70,70,70,70,70,70],"card_choices":[{"not_picked":["PiercingWail","Skewer"],"picked":"Riddle With Holes","floor":1},{"not_picked":["Calculated Gamble","Deadly Poison"],"picked":"Footwork","floor":2},{"not_picked":["Bane","Dagger Throw"],"picked":"Terror","floor":5},{"not_picked":["Dagger Throw","Flying Knee"],"picked":"Sucker Punch","floor":8},{"not_picked":["Underhanded Strike","Blade Dance"],"picked":"Terror","floor":12},{"not_picked":["Dagger Spray","Slice"],"picked":"Sucker Punch","floor":13},{"not_picked":["Blade Dance","Deflect"],"picked":"Heel Hook","floor":14},{"not_picked":["Night Terror","Burst"],"picked":"Envenom+1","floor":16},{"not_picked":["Masterful Stab","Infinite Blades+1"],"picked":"Sucker Punch","floor":18},{"not_picked":["Tactician","Choke+1"],"picked":"Prepared","floor":19}],"player_experience":690267,"relics_obtained":[{"floor":8,"key":"Smiling Mask"},{"floor":9,"key":"War Paint"},{"floor":13,"key":"Orichalcum"}],"event_choices":[{"damage_healed":0,"gold_gain":0,"player_choice":"Box","damage_taken":0,"relics_obtained":["Frozen Egg 2"],"max_hp_gain":0,"max_hp_loss":0,"event_name":"Big Fish","floor":3,"gold_loss":0,"cards_obtained":["Regret"]},{"cards_removed":["Regret"],"damage_healed":0,"gold_gain":0,"player_choice":"Removed Curses","damage_taken":0,"max_hp_gain":0,"max_hp_loss":0,"event_name":"Fountain of Cleansing","floor":4,"gold_loss":0},{"damage_healed":0,"gold_gain":0,"player_choice":"1 cards matched","damage_taken":0,"max_hp_gain":0,"max_hp_loss":0,"event_name":"Match and Keep!","floor":10,"gold_loss":0,"cards_obtained":["Poisoned Stab"]}],"is_beta":false,"boss_relics":[{"not_picked":["White Beast Statue","Cursed Key"],"picked":"Empty Cage"}],"items_purged_floors":[7],"is_endless":false,"potions_floor_spawned":[5,14,16,19],"killed_by":"Shelled Parasite and Fungi","ascension_level":5}