{"gold_per_floor":[111,111,128,2,16,16,34,47,47,47,65,79,92,110,110,231,231,245,259,174,218,68,68,83,83],"floor_reached":25,"playtime":1424,"items_purged":["Strike_G"],"score":249,"play_id":"b99acab9-0788-420f-8792-66efe9af592f","local_time":"20190405223042","is_ascension_mode":true,"campfire_choices":[{"data":"Dash","floor":6,"key":"SMITH"},{"floor":15,"key":"REST"},{"floor":23,"key":"REST"}],"neow_cost":"NONE","seed_source_timestamp":1298280878888057,"circlet_count":0,"master_deck":["Defend_G","Defend_G","Defend_G","Defend_G","Defend_G","Strike_G","Strike_G","Survivor","Neutralize","Malaise","Escape Plan","Corpse Explosion","Dash+1","Footwork","Prepared","Dagger Spray","Dagger Spray","Dodge and Roll","Skewer+1","Dagger Spray+1","Setup","Backflip","Die Die Die+1","Deflect+1","Slice+1","All Out Attack+1","Footwork","Flying Knee+1"],"relics":["Ring of the Snake","Molten Egg 2","Golden Idol","Empty Cage","Shuriken","Red Mask"],"potions_floor_usage":[11,11,16,16],"damage_taken":[{"damage":6,"enemies":"Jaw Worm","floor":1,"turns":7},{"damage":5,"enemies":"Cultist","floor":3,"turns":4},{"damage":0,"enemies":"2 Louse","floor":5,"turns":3},{"damage":0,"enemies":"Exordium Wildlife","floor":7,"turns":4},{"damage":0,"enemies":"3 Louse","floor":8,"turns":3},{"damage":5,"enemies":"Large Slime","floor":11,"turns":6},{"damage":0,"enemies":"2 Fungi Beasts","floor":12,"turns":2},{"damage":2,"enemies":"Blue Slaver","floor":13,"turns":3},{"damage":1,"enemies":"3 Louse","floor":14,"turns":3},{"damage":21,"enemies":"Hexaghost","floor":16,"turns":19},{"damage":44,"enemies":"Spheric Guardian","floor":18,"turns":9},{"damage":1,"enemies":"3 Byrds","floor":19,"turns":3},{"damage":14,"enemies":"Masked Bandits","floor":21,"turns":4},{"damage":9,"enemies":"Centurion and Healer","floor":24,"turns":11},{"damage":15,"enemies":"Shelled Parasite and Fungi","floor":25,"turns":4}],"seed_played":"8343068975245481430","potions_obtained":[{"floor":1,"key":"GhostInAJar"},{"floor":3,"key":"SkillPotion"},{"floor":7,"key":"Poison Potion"},{"floor":12,"key":"Block Potion"},{"floor":19,"key":"Weak Potion"},{"floor":21,"key":"Strength Potion"}],"is_trial":false,"path_per_floor":["M","?","M","$","M","R","M","M","T","?","M","M","M","M","R","B",null,"M","M","?","?","$","R","M","M"],"character_chosen":"THE_SILENT","items_purchased":["Footwork","Prepared","Footwork"],"campfire_rested":2,"item_purchase_floors":[4,4,22],"current_hp_per_floor":[64,64,59,59,59,59,59,59,59,42,37,37,35,34,55,34,61,17,16,16,2,2,23,14,0],"gold":83,"neow_bonus":"ONE_RANDOM_RARE_CARD","is_prod":false,"is_daily":false,"chose_seed":false,"campfire_upgraded":1,"win_rate":0,"timestamp":1554521442,"path_taken":["M","?","M","$","M","R","?","M","T","?","M","M","M","M","R","BOSS","M","M","?","?","$","R","M","M"],"build_version":"2019-01-23","purchased_purges":1,"victory":false,"max_hp_per_floor":[70,70,70,70,70,70,70,70,70,70,70,70,70,70,70,70,70,70,70,70,70,70,70,70,70],"card_choices":[{"not_picked":["Blur","Dagger Spray"],"picked":"Escape Plan","floor":1},{"not_picked":["Blade Dance","Slice"],"picked":"Dash","floor":3},{"not_picked":["Endless Agony","Terror"],"picked":"Dagger Spray","floor":5},{"not_picked":["Dodge and Roll","Tactician"],"picked":"Dagger Spray","floor":7},{"not_picked":["Cloak And Dagger","Underhanded Strike"],"picked":"Dodge and Roll","floor":8},{"not_picked":["Deflect","Dagger Throw+1"],"picked":"Skewer+1","floor":11},{"not_picked":["Caltrops","Grand Finale+1"],"picked":"Dagger Spray+1","floor":12},{"not_picked":["Bane+1","Distraction"],"picked":"Setup","floor":13},{"not_picked":["Blade Dance","Setup"],"picked":"Backflip","floor":14},{"not_picked":["Bullet Time","Doppelganger"],"picked":"Die Die Die+1","floor":16},{"not_picked":["Backflip","Choke+1"],"picked":"Deflect+1","floor":18},{"not_picked":["Outmaneuver+1","Infinite Blades"],"picked":"Slice+1","floor":19},{"not_picked":["Underhanded Strike+1","Blade Dance"],"picked":"All Out Attack+1","floor":21},{"not_picked":["Accuracy","Cloak And Dagger"],"picked":"Flying Knee+1","floor":24}],"player_experience":802253,"relics_obtained":[{"floor":9,"key":"Molten Egg 2"},{"floor":21,"key":"Red Mask"}],"event_choices":[{"damage_healed":0,"gold_gain":0,"player_choice":"1 cards matched","damage_taken":0,"max_hp_gain":0,"max_hp_loss":0,"event_name":"Match and Keep!","floor":2,"gold_loss":0,"cards_obtained":["Corpse Explosion"]},{"damage_healed":0,"gold_gain":0,"player_choice":"Take Damage","damage_taken":17,"relics_obtained":["Golden Idol"],"max_hp_gain":0,"max_hp_loss":0,"event_name":"Golden Idol","floor":10,"gold_loss":0},{"damage_healed":0,"gold_gain":0,"player_choice":"Obtained Relic","damage_taken":0,"relics_obtained":["Shuriken"],"max_hp_gain":0,"max_hp_loss":0,"event_name":"Addict","floor":20,"gold_loss":85},{"damage_healed":0,"gold_gain":0,"player_choice":"Fought Bandits","damage_taken":0,"max_hp_gain":0,"max_hp_loss":0,"event_name":"Masked Bandits","floor":21,"gold_loss":0}],"is_beta":false,"boss_relics":[{"not_picked":["Fusion Hammer","Busted Crown"],"picked":"Empty Cage"}],"items_purged_floors":[22],"is_endless":false,"potions_floor_spawned":[1,3,7,8,12,19,21],"killed_by":"Shelled Parasite and Fungi","ascension_level":5}