{"gold_per_floor":[113,113,124,137,153,183,201,232,257,268,301,316,316,348,348,426,426,440,620,636,10,30,30,56,56,56,86,96,122,133,144,144,215,215,225,225,225,225,271,297,297,317,317,317,134,146,165,165,165,165],"floor_reached":51,"playtime":5812,"items_purged":[],"score":1589,"play_id":"1cb9ae66-c93c-440f-b06a-5c89635d8235","local_time":"20180824195005","is_ascension_mode":true,"campfire_choices":[{"data":"Dash","floor":13.0,"key":"SMITH"},{"data":"Backstab","floor":15.0,"key":"SMITH"},{"data":"Neutralize","floor":23.0,"key":"SMITH"},{"data":"Sucker Punch","floor":25.0,"key":"SMITH"},{"floor":32.0,"key":"REST"},{"data":"Infinite Blades","floor":41,"key":"SMITH"},{"data":"Cloak And Dagger","floor":44,"key":"SMITH"},{"floor":49,"key":"REST"}],"neow_cost":"NONE","seed_source_timestamp":0,"circlet_count":0,"master_deck":["Defend_G","Defend_G","Defend_G","Defend_G","Strike_G","Strike_G","Strike_G","Survivor","Neutralize+1","AscendersBane","Dash+1","After Image+1","Wraith Form v2+1","Infinite Blades+1","Dagger Throw","Dash+1","PiercingWail","Bullet Time","Slice","Deflect","Backstab+1","Dodge and Roll","Blur+1","Corpse Explosion","Flying Knee","Predator","Footwork+1","Sucker Punch+1","Unload+1","Infinite Blades+1","After Image+1","Cloak And Dagger+1","Wraith Form v2+1","PiercingWail","Mayhem+1","Bandage Up","Backflip","Backflip+1","Bandage Up","Acrobatics","Prepared+1","Cloak And Dagger+1","Sucker Punch+1","Acrobatics+1","Blade Dance+1"],"special_seed":0,"relics":["Astrolabe","Nunchaku","Matryoshka","Art of War","Potion Belt","Anchor","Lantern","White Beast Statue","Frozen Egg 2","Sling","Molten Egg 2","Dream Catcher","Bottled Lightning","Gremlin Horn","Torii","Sozu","NlothsMask","Prayer Wheel","Meat on the Bone"],"potions_floor_usage":[],"damage_taken":[{"damage":0.0,"enemies":"2 Louse","floor":1.0,"turns":4.0},{"damage":1.0,"enemies":"Jaw Worm","floor":3.0,"turns":4.0},{"damage":0.0,"enemies":"Cultist","floor":4.0,"turns":4.0},{"damage":0.0,"enemies":"Blue Slaver","floor":5.0,"turns":5.0},{"damage":1.0,"enemies":"Lagavulin","floor":6.0,"turns":10.0},{"damage":11.0,"enemies":"Gremlin Gang","floor":7.0,"turns":7.0},{"damage":0.0,"enemies":"3 Sentries","floor":8.0,"turns":9.0},{"damage":5.0,"enemies":"Red Slaver","floor":10.0,"turns":5.0},{"damage":0.0,"enemies":"Gremlin Nob","floor":11.0,"turns":5.0},{"damage":0.0,"enemies":"2 Fungi Beasts","floor":12.0,"turns":3.0},{"damage":0.0,"enemies":"Lagavulin","floor":14.0,"turns":8.0},{"damage":0.0,"enemies":"Slime Boss","floor":16.0,"turns":15.0},{"damage":0.0,"enemies":"Shell Parasite","floor":18.0,"turns":7.0},{"damage":2.0,"enemies":"Spheric Guardian","floor":20.0,"turns":6.0},{"damage":0.0,"enemies":"Centurion and Healer","floor":22.0,"turns":5.0},{"damage":0.0,"enemies":"Book of Stabbing","floor":24.0,"turns":8.0},{"damage":6.0,"enemies":"Slavers","floor":27.0,"turns":5.0},{"damage":10.0,"enemies":"Snake Plant","floor":28.0,"turns":6.0},{"damage":25.0,"enemies":"Gremlin Leader","floor":29.0,"turns":7.0},{"damage":0.0,"enemies":"Cultist and Chosen","floor":30.0,"turns":8.0},{"damage":0.0,"enemies":"Snecko","floor":31.0,"turns":6.0},{"damage":21.0,"enemies":"Collector","floor":33.0,"turns":13.0},{"damage":0,"enemies":"3 Darklings","floor":35,"turns":5},{"damage":3,"floor":39,"turns":5},{"damage":1,"enemies":"Giant Head","floor":40,"turns":10},{"damage":2,"enemies":"3 Shapes","floor":42,"turns":5},{"damage":0,"enemies":"Maw","floor":46,"turns":10},{"damage":9,"enemies":"Transient","floor":47,"turns":5},{"damage":28,"enemies":"Awakened One","floor":50,"turns":25}],"seed_played":"2475300804601495629","potions_obtained":[{"floor":3.0,"key":"GhostInAJar"},{"floor":5.0,"key":"Weak Potion"},{"floor":11.0,"key":"SpeedPotion"},{"floor":12.0,"key":"Poison Potion"},{"floor":14.0,"key":"Energy Potion"},{"floor":16.0,"key":"Fire Potion"},{"floor":18.0,"key":"Block Potion"},{"floor":20.0,"key":"Energy Potion"},{"floor":22.0,"key":"EssenceOfSteel"},{"floor":24.0,"key":"GhostInAJar"},{"floor":27.0,"key":"Poison Potion"},{"floor":28.0,"key":"Block Potion"},{"floor":29.0,"key":"Energy Potion"},{"floor":30.0,"key":"Explosive Potion"},{"floor":31.0,"key":"LiquidBronze"},{"floor":33.0,"key":"Ancient Potion"}],"is_trial":false,"path_per_floor":["M","?","M","M","M","E","M","E","T","M","E","M","R","E","R","B",null,"M","?","M","$","M","R","E","R","T","E","M","E","M","M","R","B",null,"M","?","?","?","?","E","R","M","T","R","$","M","M","?","R","B"],"character_chosen":"THE_SILENT","items_purchased":["Frozen Egg 2","Footwork+1","Sling","Sucker Punch","Bandage Up","Acrobatics"],"campfire_rested":2,"item_purchase_floors":[21,21,21,21,45,45],"current_hp_per_floor":[59,64,63,63,63,62,51,51,51,46,46,46,46,46,46,46,65,65,44,42,42,42,42,42,42,42,36,26,1,1,1,22,1,54,54,54,54,44,41,44,44,42,42,42,42,50,49,49,70,50],"gold":165,"neow_bonus":"BOSS_RELIC","is_prod":false,"is_daily":false,"chose_seed":false,"campfire_upgraded":6,"win_rate":0,"timestamp":1535165405,"path_taken":["M","?","?","M","M","E","M","E","T","M","E","M","R","E","R","BOSS","M","?","M","$","M","R","E","R","T","E","?","E","M","M","R","BOSS","M","?","?","?","?","E","R","M","T","R","$","M","M","?","R","BOSS"],"build_version":"2018-08-16","purchased_purges":0,"victory":true,"max_hp_per_floor":[66,71,71,71,71,71,71,71,71,71,71,71,71,71,71,71,71,71,71,71,71,71,71,71,71,71,71,71,71,71,71,71,71,71,71,71,71,71,71,71,71,71,71,71,71,71,71,71,71,71],"card_choices":[{"not_picked":["Dagger Spray","Backflip"],"picked":"Infinite Blades","floor":1.0},{"not_picked":["Calculated Gamble","Outmaneuver"],"picked":"Dagger Throw","floor":3.0},{"not_picked":["Finisher","Calculated Gamble"],"picked":"Dash","floor":4.0},{"not_picked":["Bane","Flying Knee"],"picked":"PiercingWail","floor":5.0},{"not_picked":["Deadly Poison","Acrobatics"],"picked":"Bullet Time","floor":6.0},{"not_picked":["Bouncing Flask","Dodge and Roll"],"picked":"Slice","floor":7.0},{"not_picked":["Prepared","Quick Slash"],"picked":"Deflect","floor":8.0},{"not_picked":["Reflex","Poisoned Stab"],"picked":"Backstab","floor":10.0},{"not_picked":["Bane","Bouncing Flask","Underhanded Strike"],"picked":"SKIP","floor":11.0},{"not_picked":["Slice","Catalyst"],"picked":"Dodge and Roll","floor":12.0},{"not_picked":["Acrobatics","Expertise"],"picked":"Blur","floor":14.0},{"not_picked":["Night Terror","Envenom"],"picked":"Corpse Explosion","floor":16.0},{"not_picked":["Slice","Quick Slash"],"picked":"Flying Knee","floor":18.0},{"not_picked":["Slice","Outmaneuver"],"picked":"Predator","floor":20.0},{"not_picked":["Dagger Throw","Prepared","Underhanded Strike"],"picked":"SKIP","floor":22.0},{"not_picked":["Outmaneuver","Underhanded Strike"],"picked":"Unload","floor":24.0},{"not_picked":["Prepared","Masterful Stab+1","Bane+1"],"picked":"SKIP","floor":27.0},{"not_picked":["Slice+1","Tactician"],"picked":"Infinite Blades+1","floor":28.0},{"not_picked":["Burst","Dagger Throw+1"],"picked":"After Image+1","floor":29.0},{"not_picked":["Bane+1","Choke+1","Blade Dance"],"picked":"SKIP","floor":30.0},{"not_picked":["Skewer+1","Dagger Throw+1"],"picked":"Cloak And Dagger","floor":31.0},{"not_picked":["Slice+1","Bane+1"],"picked":"Prepared","floor":32.0},{"not_picked":["Phantasmal Killer","Corpse Explosion"],"picked":"Wraith Form v2+1","floor":33.0},{"not_picked":["Calculated Gamble","Poisoned Stab+1"],"picked":"PiercingWail","floor":35},{"not_picked":["PanicButton","Trip"],"picked":"Mayhem+1","floor":38},{"not_picked":["Violence","Dramatic Entrance+1"],"picked":"Bandage Up","floor":38},{"not_picked":["Slice+1","Heel Hook+1"],"picked":"Backflip","floor":39},{"not_picked":["Expertise","Blade Dance","Bane+1"],"picked":"SKIP","floor":40},{"not_picked":["Setup","Acrobatics"],"picked":"Backflip+1","floor":42},{"not_picked":["Dodge and Roll","Underhanded Strike+1","Reflex"],"picked":"SKIP","floor":42},{"not_picked":["Distraction+1","Flying Knee+1"],"picked":"Prepared+1","floor":46},{"not_picked":["Backflip","Flechettes+1"],"picked":"Cloak And Dagger+1","floor":46},{"not_picked":["Catalyst","Masterful Stab+1"],"picked":"Sucker Punch+1","floor":47},{"not_picked":["Tactician","PiercingWail+1"],"picked":"Acrobatics+1","floor":47},{"not_picked":["Crippling Poison+1","Sucker Punch+1"],"picked":"Blade Dance+1","floor":49}],"player_experience":606646,"relics_obtained":[{"floor":6.0,"key":"Nunchaku"},{"floor":8.0,"key":"Matryoshka"},{"floor":9.0,"key":"Art of War"},{"floor":9.0,"key":"Potion Belt"},{"floor":11.0,"key":"Anchor"},{"floor":14.0,"key":"Lantern"},{"floor":24.0,"key":"Molten Egg 2"},{"floor":26.0,"key":"Dream Catcher"},{"floor":26.0,"key":"Bottled Lightning"},{"floor":27.0,"key":"Gremlin Horn"},{"floor":29.0,"key":"Torii"},{"floor":39,"key":"Prayer Wheel"},{"floor":40,"key":"Meat on the Bone"}],"event_choices":[{"event_name":"Big Fish","player_choice":"Donut","floor":2.0,"damage_taken":0.0},{"event_name":"Knowing Skull","player_choice":"GOLD GOLD ","floor":19.0,"damage_taken":0.0},{"event_name":"Falling","player_choice":"Removed Skill","floor":36,"damage_taken":0},{"event_name":"FaceTrader","player_choice":"Trade","floor":37,"damage_taken":0},{"event_name":"SensoryStone","player_choice":"Memory 3","floor":38,"damage_taken":0},{"event_name":"Mysterious Sphere","player_choice":"Fight","floor":39,"damage_taken":0},{"event_name":"Upgrade Shrine","player_choice":"Upgraded","floor":48,"damage_taken":0}],"is_beta":false,"boss_relics":[{"not_picked":["HoveringKite","Pandora\u0027s Box"],"picked":"White Beast Statue"},{"not_picked":["Calling Bell","Lizard Tail"],"picked":"Sozu"}],"items_purged_floors":[],"is_endless":false,"potions_floor_spawned":[3,5,11,12,14,16,18,20,22,24,27,28,29,30,31,33,35,39,40,42,46,47],"ascension_level":16}