{"gold_per_floor":[116,184,197,37,53,84,84,114,114,149,166,166,177,142,142,220,220,232,232,251,264,32,32,58,58,58,87,32,59,69,82,82,159,159,177,196,196,209,221,221,254,254,254,286,38,0,0,13,13,13,13,13,13,40,40],"floor_reached":55,"playtime":4055,"items_purged":["Strike_B","Writhe"],"score":1754,"play_id":"8e84399b-c527-45ba-9d0a-06b0c9bc6122","local_time":"20181226221919","is_ascension_mode":true,"campfire_choices":[{"data":"Zap","floor":7.0,"key":"SMITH"},{"floor":12.0,"key":"REST"},{"floor":15.0,"key":"REST"},{"data":"Doom and Gloom","floor":23.0,"key":"SMITH"},{"floor":25.0,"key":"REST"},{"floor":32,"key":"RECALL"},{"floor":40,"key":"REST"},{"floor":42,"key":"REST"},{"floor":49,"key":"REST"},{"floor":52,"key":"REST"}],"neow_cost":"NONE","seed_source_timestamp":228329916122634,"circlet_count":0,"master_deck":["AscendersBane","Strike_B","Strike_B","Defend_B+1","Defend_B","Defend_B","Defend_B","Zap+1","Dualcast+1","Doom and Gloom+1","Cold Snap","Reinforced Body+1","Compile Driver","Ball Lightning","Hologram+1","Leap+1","Ball Lightning","Glacier+1","Seek+1","Compile Driver","Redo+1","Steam+1","Consume+1","Electrodynamics","Cold Snap","Undo+1","Leap+1","Echo Form","Stack+1","Hologram+1","Capacitor+1","Hologram+1","Force Field+1","Glacier+1","Loop","Compile Driver","Leap+1","Conserve Battery+1","Tempest+1"],"special_seed":0,"relics":["Cracked Core","Toxic Egg 2","Strawberry","PreservedInsect","Lantern","Orichalcum","Cursed Key","Blood Vial","War Paint","Mercury Hourglass","Ice Cream","Fusion Hammer","Centennial Puzzle","Letter Opener","Red Mask","Oddly Smooth Stone"],"potions_floor_usage":[27,33,36,50,50,55],"damage_taken":[{"damage":1.0,"enemies":"Cultist","floor":1.0,"turns":3.0},{"damage":7.0,"enemies":"Jaw Worm","floor":3.0,"turns":3.0},{"damage":0.0,"enemies":"2 Louse","floor":5.0,"turns":2.0},{"damage":24.0,"enemies":"Gremlin Nob","floor":6.0,"turns":4.0},{"damage":14.0,"enemies":"3 Sentries","floor":8.0,"turns":6.0},{"damage":15.0,"enemies":"Lagavulin","floor":10.0,"turns":4.0},{"damage":3.0,"enemies":"Gremlin Gang","floor":11.0,"turns":4.0},{"damage":2.0,"enemies":"Red Slaver","floor":13.0,"turns":2.0},{"damage":17.0,"enemies":"Slime Boss","floor":16.0,"turns":7.0},{"damage":15.0,"enemies":"Shell Parasite","floor":18.0,"turns":3.0},{"damage":0.0,"enemies":"Spheric Guardian","floor":20.0,"turns":3.0},{"damage":4.0,"enemies":"Centurion and Healer","floor":21.0,"turns":6.0},{"damage":9.0,"enemies":"Slavers","floor":24.0,"turns":3.0},{"damage":0,"enemies":"Book of Stabbing","floor":27,"turns":4},{"damage":0,"enemies":"Gremlin Leader","floor":29,"turns":4},{"damage":0,"enemies":"Cultist and Chosen","floor":30,"turns":4},{"damage":0,"enemies":"3 Cultists","floor":31,"turns":3},{"damage":17,"enemies":"Automaton","floor":33,"turns":11},{"damage":0,"enemies":"3 Shapes","floor":35,"turns":3},{"damage":5,"enemies":"3 Darklings","floor":36,"turns":4},{"damage":0,"enemies":"Sphere and 2 Shapes","floor":38,"turns":3},{"damage":7,"enemies":"Jaw Worm Horde","floor":39,"turns":3},{"damage":0,"enemies":"Nemesis","floor":41,"turns":7},{"damage":14,"enemies":"Reptomancer","floor":44,"turns":4},{"damage":2,"enemies":"3 Darklings","floor":48,"turns":3},{"damage":0,"enemies":"Donu and Deca","floor":50,"turns":11},{"damage":71,"enemies":"Shield and Spear","floor":54,"turns":7},{"damage":51,"enemies":"The Heart","floor":55,"turns":2}],"seed_played":"5108681024022344408","potions_obtained":[{"floor":8.0,"key":"FocusPotion"},{"floor":11.0,"key":"Ancient Potion"},{"floor":16.0,"key":"PowerPotion"},{"floor":21.0,"key":"FocusPotion"},{"floor":24.0,"key":"SteroidPotion"},{"floor":29,"key":"SkillPotion"},{"floor":30,"key":"SpeedPotion"},{"floor":35,"key":"Weak Potion"},{"floor":36,"key":"AttackPotion"},{"floor":54,"key":"Poison Potion"}],"is_trial":false,"path_per_floor":["M","T","M","$","M","E","R","E","T","E","M","R","M","?","R","B",null,"M","?","M","M","$","R","E","R","T","E","$","E","M","M","R","B",null,"M","M","?","M","M","R","E","R","T","E","$","?","T","M","R","B",null,"R","$","E","B"],"character_chosen":"DEFECT","items_purchased":["FocusPotion","Reinforced Body+1","Blood Vial","Dexterity Potion","Loop","Compile Driver","Leap+1"],"campfire_rested":7,"item_purchase_floors":[4,4,22,28,45,45,45],"current_hp_per_floor":[70,70,63,63,63,46,46,32,32,17,14,39,37,58,83,66,80,65,65,65,61,61,61,54,79,79,81,81,83,85,85,85,68,81,83,80,80,82,77,85,85,85,85,71,71,71,71,71,85,85,85,85,85,14,0],"gold":40,"neow_bonus":"TEN_PERCENT_HP_BONUS","is_prod":false,"is_daily":false,"chose_seed":false,"campfire_upgraded":2,"win_rate":0,"timestamp":1545891559,"path_taken":["M","?","M","$","M","E","R","E","T","E","M","R","M","?","R","BOSS","M","?","M","?","$","R","E","R","T","E","?","E","M","M","R","BOSS","M","M","?","M","?","R","E","R","T","E","$","?","?","M","R","BOSS","R","$","E","BOSS"],"build_version":"2018-12-20","purchased_purges":2,"victory":false,"max_hp_per_floor":[78,78,78,78,78,85,85,85,85,85,85,85,85,85,85,85,85,85,85,85,85,85,85,85,85,85,85,85,85,85,85,85,85,85,85,85,85,85,85,85,85,85,85,85,85,85,85,85,85,85,85,85,85,85,85],"card_choices":[{"not_picked":["Hologram","Stack"],"picked":"Doom and Gloom","floor":1.0},{"not_picked":["Stack+1","Blizzard"],"picked":"Cold Snap","floor":3.0},{"not_picked":["Doom and Gloom","Lockon"],"picked":"Compile Driver","floor":5.0},{"not_picked":["Creative AI","Cold Snap"],"picked":"Ball Lightning","floor":6.0},{"not_picked":["Ball Lightning","Skim+1"],"picked":"Hologram+1","floor":8.0},{"not_picked":["Coolheaded+1","Sunder"],"picked":"Leap+1","floor":10.0},{"not_picked":["Rebound","Steam Power+1"],"picked":"Ball Lightning","floor":11.0},{"not_picked":["Reprogram+1","Gash"],"picked":"Glacier+1","floor":13.0},{"not_picked":["Thunder Strike","Core Surge"],"picked":"Seek+1","floor":16.0},{"not_picked":["Cold Snap","Streamline"],"picked":"Compile Driver","floor":18.0},{"not_picked":["Beam Cell","Streamline"],"picked":"Redo+1","floor":20.0},{"not_picked":["Reprogram+1","Cold Snap"],"picked":"Steam+1","floor":21.0},{"not_picked":["Beam Cell","Rip and Tear"],"picked":"Consume+1","floor":24.0},{"not_picked":["Stack+1","Redo+1"],"picked":"Electrodynamics","floor":27},{"not_picked":["Rebound","Steam Power+1"],"picked":"Cold Snap","floor":29},{"not_picked":["Beam Cell","Gash"],"picked":"Undo+1","floor":30},{"not_picked":["Undo+1","Static Discharge"],"picked":"Leap+1","floor":31},{"not_picked":["All For One","Thunder Strike"],"picked":"Echo Form","floor":33},{"not_picked":["Ball Lightning","Streamline"],"picked":"Stack+1","floor":35},{"not_picked":["Turbo+1","Rebound"],"picked":"Hologram+1","floor":36},{"not_picked":["Self Repair","Leap+1"],"picked":"Capacitor+1","floor":38},{"not_picked":["Redo+1","Static Discharge"],"picked":"Hologram+1","floor":39},{"not_picked":["Sweeping Beam","Beam Cell"],"picked":"Force Field+1","floor":41},{"not_picked":["Tempest+1","Chaos+1"],"picked":"Glacier+1","floor":44},{"not_picked":["Consume+1","Core Surge"],"picked":"Conserve Battery+1","floor":48},{"not_picked":["Consume+1","Redo+1"],"picked":"Tempest+1","floor":54}],"player_experience":716953,"relics_obtained":[{"floor":2.0,"key":"Toxic Egg 2"},{"floor":6.0,"key":"Strawberry"},{"floor":8.0,"key":"PreservedInsect"},{"floor":9.0,"key":"Lantern"},{"floor":10.0,"key":"Orichalcum"},{"floor":24.0,"key":"War Paint"},{"floor":27,"key":"Mercury Hourglass"},{"floor":29,"key":"Ice Cream"},{"floor":41,"key":"Centennial Puzzle"},{"floor":44,"key":"Letter Opener"},{"floor":54,"key":"Oddly Smooth Stone"}],"event_choices":[{"damage_healed":21.0,"max_hp_gain":0.0,"max_hp_loss":0.0,"gold_gain":0.0,"event_name":"The Cleric","player_choice":"Healed","floor":14.0,"gold_loss":35.0,"damage_taken":0.0},{"cards_removed":["Strike_B"],"damage_healed":0.0,"max_hp_gain":0.0,"max_hp_loss":0.0,"gold_gain":0.0,"event_name":"Purifier","player_choice":"Purged","floor":19.0,"gold_loss":0.0,"damage_taken":0.0},{"damage_healed":0,"gold_gain":0,"player_choice":"0 cards matched","damage_taken":0,"max_hp_gain":0,"max_hp_loss":0,"event_name":"Match and Keep!","floor":37,"gold_loss":0,"cards_obtained":[]},{"damage_healed":0,"gold_gain":0,"player_choice":"Paid","damage_taken":0,"relics_obtained":["Red Mask"],"max_hp_gain":0,"max_hp_loss":0,"event_name":"Tomb of Lord Red Mask","floor":46,"gold_loss":38}],"is_beta":false,"boss_relics":[{"not_picked":["Empty Cage","Philosopher\u0027s Stone"],"picked":"Cursed Key"},{"not_picked":["Tiny House","Eternal Feather"],"picked":"Fusion Hammer"}],"items_purged_floors":[22,45],"is_endless":false,"potions_floor_spawned":[8,11,16,21,24,29,30,35,36,39,44,54],"killed_by":"The Heart","ascension_level":18}