{"gold_per_floor":[11,11,0,12,27,27,62,82,107,136,152,152,183,183,183,183],"floor_reached":16,"playtime":850,"items_purged":[],"score":204,"play_id":"e9f64afc-9529-419a-b912-4a0babe45b7c","local_time":"20180816104209","is_ascension_mode":true,"campfire_choices":[{"data":"Armaments","floor":6.0,"key":"SMITH"},{"floor":12.0,"key":"DIG"},{"floor":15.0,"key":"DIG"}],"neow_cost":"NO_GOLD","seed_source_timestamp":2069013724299525,"circlet_count":0,"master_deck":["Strike_R","Strike_R","Strike_R","Strike_R","Strike_R","Defend_R","Defend_R","Defend_R","Defend_R+1","Bash","AscendersBane","Uppercut+1","Shrug It Off","Armaments+1","Whirlwind","Clothesline","Double Tap"],"special_seed":0,"relics":["Burning Blood","Shovel","Boot","Red Skull","Bronze Scales","Shuriken","Omamori","Dodecahedron"],"potions_floor_usage":[16],"damage_taken":[{"damage":22.0,"enemies":"Small Slimes","floor":1.0,"turns":6.0},{"damage":1.0,"enemies":"2 Louse","floor":4.0,"turns":4.0},{"damage":0.0,"enemies":"Jaw Worm","floor":5.0,"turns":3.0},{"damage":23.0,"enemies":"Lagavulin","floor":7.0,"turns":11.0},{"damage":2.0,"enemies":"2 Fungi Beasts","floor":8.0,"turns":3.0},{"damage":5.0,"enemies":"3 Sentries","floor":10.0,"turns":7.0},{"damage":13.0,"enemies":"Gremlin Gang","floor":11.0,"turns":3.0},{"damage":28.0,"enemies":"Gremlin Nob","floor":13.0,"turns":4.0},{"damage":4,"enemies":"The Guardian","floor":16,"turns":6}],"seed_played":"7838162606301132036","potions_obtained":[{"floor":4.0,"key":"Explosive Potion"},{"floor":7.0,"key":"Explosive Potion"},{"floor":8.0,"key":"SkillPotion"},{"floor":13.0,"key":"PowerPotion"}],"is_trial":false,"path_per_floor":["M","?","?","M","M","R","E","M","T","E","M","R","E","?","R"],"character_chosen":"IRONCLAD","items_purchased":[],"campfire_rested":0,"item_purchase_floors":[],"current_hp_per_floor":[52,37,37,42,48,48,31,35,35,36,29,29,7,4,4,0],"gold":183,"neow_bonus":"ONE_RARE_RELIC","is_prod":false,"is_daily":false,"chose_seed":false,"campfire_upgraded":1,"win_rate":0,"timestamp":1534441329,"path_taken":["M","?","?","M","M","R","E","M","T","E","M","R","E","?","R","BOSS"],"build_version":"2018-08-09","purchased_purges":0,"victory":false,"max_hp_per_floor":[75,75,75,75,75,75,75,75,75,75,75,75,75,75,75,75],"card_choices":[{"not_picked":["Shrug It Off","Anger"],"picked":"Uppercut","floor":1.0},{"not_picked":["Flex","Havoc"],"picked":"Shrug It Off","floor":4.0},{"not_picked":["Thunderclap","Second Wind"],"picked":"Armaments","floor":5.0},{"not_picked":["Cleave","Headbutt"],"picked":"Whirlwind","floor":7.0},{"not_picked":["Sword Boomerang","Shrug It Off"],"picked":"Clothesline","floor":8.0},{"not_picked":["Corruption","Rupture","Havoc"],"picked":"SKIP","floor":10.0},{"not_picked":["Seeing Red","Second Wind","Thunderclap"],"picked":"SKIP","floor":11.0},{"not_picked":["Sword Boomerang","Havoc"],"picked":"Double Tap","floor":13.0}],"player_experience":475437,"relics_obtained":[{"floor":7.0,"key":"Boot"},{"floor":9.0,"key":"Red Skull"},{"floor":10.0,"key":"Bronze Scales"},{"floor":12.0,"key":"Shuriken"},{"floor":13.0,"key":"Omamori"},{"floor":15.0,"key":"Dodecahedron"}],"event_choices":[{"event_name":"Shining Light","player_choice":"Entered Light","floor":2.0,"damage_taken":0.0},{"event_name":"World of Goop","player_choice":"Left","floor":3.0,"damage_taken":0.0},{"event_name":"Scrap Ooze","player_choice":"unsuccessful","floor":14.0,"damage_taken":3.0}],"is_beta":false,"boss_relics":[],"items_purged_floors":[],"is_endless":false,"potions_floor_spawned":[4,7,8,13],"killed_by":"The Guardian","ascension_level":14}