{"gold_per_floor":[119,119,132,132,147,147,167,210,278,309,309,334,334,9,9,133,133,149,149,92,29,65,77,89],"floor_reached":24,"playtime":1791,"items_purged":["Strike_G"],"score":331,"play_id":"1893b616-02d0-4e9e-bfb6-a35652501ead","local_time":"20180808205742","is_ascension_mode":true,"campfire_choices":[{"data":"Neutralize","floor":6,"key":"SMITH"},{"data":"Glass Knife","floor":11,"key":"SMITH"},{"data":"Dash","floor":15,"key":"SMITH"},{"data":"A Thousand Cuts","floor":23,"key":"SMITH"}],"neow_cost":"","seed_source_timestamp":1413909211728843,"circlet_count":0,"master_deck":["Defend_G","Defend_G","Defend_G","Defend_G","Defend_G","Survivor","Neutralize+1","AscendersBane","Sucker Punch","Deflect","Dash+1","Dagger Throw","Infinite Blades","Glass Knife+1","Slice","Endless Agony","Footwork","Backstab","Bandage Up","A Thousand Cuts+1","Dash+1","Bite","Bite","Bite","Bite"],"relics":["Ring of the Snake","Golden Idol","Calipers","Lantern","Black Star","MawBank"],"potions_floor_usage":[8,16,16,16],"damage_taken":[{"damage":2,"enemies":"Small Slimes","floor":1,"turns":5},{"damage":0,"enemies":"Cultist","floor":3,"turns":5},{"damage":8,"enemies":"Jaw Worm","floor":5,"turns":6},{"damage":0,"enemies":"Large Slime","floor":7,"turns":8},{"damage":22,"enemies":"Lagavulin","floor":8,"turns":9},{"damage":5,"enemies":"3 Sentries","floor":10,"turns":8},{"damage":0,"enemies":"Exordium Thugs","floor":12,"turns":4},{"damage":14,"enemies":"Slime Boss","floor":16,"turns":6},{"damage":12,"enemies":"2 Thieves","floor":18,"turns":5},{"damage":22,"enemies":"Chosen","floor":22,"turns":5},{"damage":43,"enemies":"Book of Stabbing","floor":24,"turns":5}],"seed_played":"6659457141381653252","potions_obtained":[{"floor":2,"key":"Regen Potion"},{"floor":2,"key":"GamblersBrew"},{"floor":2,"key":"AttackPotion"},{"floor":7,"key":"PowerPotion"},{"floor":8,"key":"Strength Potion"},{"floor":22,"key":"Explosive Potion"}],"is_trial":false,"path_per_floor":["M","?","M","?","M","R","M","E","T","E","R","M","?","$","R","B",null,"M","?","?","?","M","R"],"character_chosen":"THE_SILENT","items_purchased":["Footwork","Backstab","Bandage Up"],"campfire_rested":0,"item_purchase_floors":[14,14,14],"current_hp_per_floor":[61,61,61,61,53,53,53,45,45,40,40,40,40,40,40,30,56,48,45,45,45,31,31,0],"gold":89,"neow_bonus":"","is_prod":false,"is_daily":false,"chose_seed":false,"campfire_upgraded":4,"win_rate":0,"timestamp":1533787062,"path_taken":["M","?","M","?","M","R","M","E","T","E","R","M","?","$","R","BOSS","M","?","?","?","M","R","E"],"build_version":"2018-08-02","purchased_purges":1,"victory":false,"max_hp_per_floor":[70,70,70,65,65,65,65,65,65,65,65,65,65,65,65,65,65,65,45,45,45,45,45,45],"card_choices":[{"not_picked":["Slice","Dodge and Roll"],"picked":"Sucker Punch","floor":1},{"not_picked":["Tactician","Underhanded Strike"],"picked":"Deflect","floor":3},{"not_picked":["Dodge and Roll","Cloak And Dagger"],"picked":"Dash","floor":5},{"not_picked":["Tactician","Crippling Poison"],"picked":"Dagger Throw","floor":7},{"not_picked":["Acrobatics","Flying Knee"],"picked":"Infinite Blades","floor":8},{"not_picked":["Bouncing Flask","Backflip"],"picked":"Glass Knife","floor":10},{"not_picked":["Sucker Punch","Underhanded Strike"],"picked":"Slice","floor":12},{"not_picked":["After Image","Corpse Explosion"],"picked":"A Thousand Cuts","floor":16},{"not_picked":["Riddle With Holes+1","Poisoned Stab"],"picked":"Dash+1","floor":18},{"not_picked":["Blade Dance","Distraction","Caltrops"],"picked":"SKIP","floor":22}],"player_experience":380788,"relics_obtained":[{"floor":8,"key":"Calipers"},{"floor":10,"key":"Lantern"}],"event_choices":[{"event_name":"The Lab","player_choice":"Got Potions","floor":2,"damage_taken":0},{"event_name":"Golden Idol","player_choice":"Lose Max HP","floor":4,"damage_taken":0},{"event_name":"Match and Keep!","player_choice":"1 cards matched","floor":13,"damage_taken":0},{"event_name":"Vampires","player_choice":"Became a vampire","floor":19,"damage_taken":0},{"event_name":"WeMeetAgain","player_choice":"Gold","floor":20,"damage_taken":0},{"event_name":"Beggar","player_choice":"Gave Gold","floor":21,"damage_taken":0}],"is_beta":false,"boss_relics":[{"not_picked":["Empty Cage","Ring of the Serpent"],"picked":"Black Star"}],"items_purged_floors":[14],"is_endless":false,"potions_floor_spawned":[7,8,10,12,22],"killed_by":"Book of Stabbing","ascension_level":10}