{"gold_per_floor":[109,109,132,144,176,188,220,258,270,297,309,246,258,270,282,372,384,415,427,454,539,230,230],"floor_reached":23,"playtime":3830,"items_purged":[],"score":359,"play_id":"dcd6c575-9b4a-46b8-8dab-0a86a729b79f","local_time":"20190413203553","is_ascension_mode":true,"campfire_choices":[{"data":"Bash","floor":6.0,"key":"SMITH"},{"data":"Battle Trance","floor":11.0,"key":"SMITH"},{"data":"Clothesline","floor":13.0,"key":"SMITH"},{"floor":15.0,"key":"DIG"}],"neow_cost":"NONE","seed_source_timestamp":343096271073900,"circlet_count":0,"master_deck":["AscendersBane","Strike_R+1","Strike_R+1","Strike_R+1","Strike_R+1","Defend_R+1","Defend_R+1","Defend_R+1","Defend_R+1","Bash+1","Shrug It Off","Clothesline+1","Feed","Twin Strike","Battle Trance+1","Fiend Fire","True Grit","Power Through","Evolve","Disarm"],"special_seed":0,"relics":["Burning Blood","MawBank","Shovel","Bottled Lightning","Orrery","Question Card"],"potions_floor_usage":[23],"damage_taken":[{"damage":7.0,"enemies":"Jaw Worm","floor":1.0,"turns":5.0},{"damage":11.0,"enemies":"Small Slimes","floor":3.0,"turns":4.0},{"damage":0.0,"enemies":"Cultist","floor":5.0,"turns":3.0},{"damage":8.0,"enemies":"3 Louse","floor":7.0,"turns":4.0},{"damage":27.0,"enemies":"Lagavulin","floor":8.0,"turns":5.0},{"damage":7.0,"enemies":"Exordium Wildlife","floor":10.0,"turns":4.0},{"damage":18.0,"enemies":"The Guardian","floor":16.0,"turns":17.0},{"damage":27.0,"enemies":"Shell Parasite","floor":18.0,"turns":8.0},{"damage":13.0,"enemies":"2 Thieves","floor":20.0,"turns":4.0},{"damage":52,"enemies":"Slavers","floor":23,"turns":8}],"seed_played":"703432712542383229","potions_obtained":[{"floor":3.0,"key":"Block Potion"},{"floor":7.0,"key":"Energy Potion"},{"floor":10.0,"key":"Dexterity Potion"},{"floor":20.0,"key":"SteroidPotion"}],"is_trial":false,"path_per_floor":["M","?","M","$","M","R","M","E","T","M","R","?","R","?","R","B",null,"M","?","M","T","$","E"],"character_chosen":"IRONCLAD","items_purchased":["Question Card","Disarm"],"campfire_rested":0,"item_purchase_floors":[22,22],"current_hp_per_floor":[74,56,51,51,57,57,58,37,37,39,39,39,39,44,44,32,78,57,57,50,50,50,0],"gold":230,"neow_bonus":"TEN_PERCENT_HP_BONUS","is_prod":false,"is_daily":false,"chose_seed":false,"campfire_upgraded":3,"win_rate":0,"timestamp":1555212953,"path_taken":["M","?","M","$","M","R","M","E","T","M","R","?","R","?","R","BOSS","M","?","M","?","$","E"],"build_version":"2019-01-23","purchased_purges":0,"victory":false,"max_hp_per_floor":[82,82,82,82,82,82,85,85,85,88,88,88,88,93,93,93,93,93,93,93,93,93,93],"card_choices":[{"not_picked":["Cleave","Body Slam"],"picked":"Shrug It Off","floor":1.0},{"not_picked":["Perfected Strike","Wild Strike"],"picked":"Clothesline","floor":3.0},{"not_picked":["Seeing Red","Dropkick"],"picked":"Feed","floor":5.0},{"not_picked":["Dual Wield","Armaments"],"picked":"Twin Strike","floor":7.0},{"not_picked":["Infernal Blade","Fire Breathing","Headbutt"],"picked":"SKIP","floor":8.0},{"not_picked":["Thunderclap","Rage"],"picked":"Battle Trance","floor":10.0},{"not_picked":["Limit Break","Double Tap"],"picked":"Fiend Fire","floor":16.0},{"not_picked":["Havoc","Rampage"],"picked":"True Grit","floor":17.0},{"not_picked":["Warcry","Uppercut"],"picked":"Power Through","floor":17.0},{"not_picked":["Hemokinesis","Shockwave"],"picked":"Evolve","floor":18.0},{"not_picked":["Iron Wave","Perfected Strike","Anger"],"picked":"SKIP","floor":20.0}],"player_experience":549796,"relics_obtained":[{"floor":8.0,"key":"Shovel"},{"floor":15.0,"key":"Bottled Lightning"}],"event_choices":[{"damage_healed":0.0,"max_hp_gain":0.0,"max_hp_loss":0.0,"gold_gain":0.0,"event_name":"Scrap Ooze","player_choice":"Success","floor":2.0,"gold_loss":0.0,"damage_taken":18.0,"relics_obtained":["MawBank"]},{"cards_removed":["Strike_R"],"damage_healed":0.0,"max_hp_gain":0.0,"max_hp_loss":0.0,"gold_gain":0.0,"event_name":"The Cleric","player_choice":"Card Removal","floor":12.0,"gold_loss":75.0,"damage_taken":0.0},{"damage_healed":0.0,"max_hp_gain":5.0,"max_hp_loss":0.0,"gold_gain":0.0,"event_name":"Big Fish","player_choice":"Donut","floor":14.0,"gold_loss":0.0,"damage_taken":0.0},{"damage_healed":0.0,"max_hp_gain":0.0,"max_hp_loss":0.0,"gold_gain":0.0,"event_name":"Back to Basics","player_choice":"Simplicity","floor":19.0,"gold_loss":0.0,"damage_taken":0.0,"cards_upgraded":["Strike_R","Strike_R","Strike_R","Strike_R","Defend_R","Defend_R","Defend_R","Defend_R"]}],"is_beta":false,"boss_relics":[{"not_picked":["Empty Cage","Runic Dome"],"picked":"Orrery"}],"items_purged_floors":[],"is_endless":false,"potions_floor_spawned":[3,7,10,20],"killed_by":"Slavers","ascension_level":18}