{"gold_per_floor":[109,123,123,48,48,74,74,74,74,103,116,141,160,126,126,126],"floor_reached":16,"playtime":456,"items_purged":["Strike_G"],"score":179,"play_id":"52a38ca2-f40e-4ff3-bff5-295a17aa272f","local_time":"20190202190346","is_ascension_mode":true,"campfire_choices":[{"data":"Accuracy","floor":7,"key":"SMITH"},{"floor":15,"key":"REST"}],"neow_cost":"NONE","seed_source_timestamp":0,"circlet_count":0,"master_deck":["Defend_G","Defend_G","Defend_G","Defend_G","Strike_G","Strike_G","Strike_G","Survivor","Neutralize","Slice","Infinite Blades","Accuracy+1","Slice","Endless Agony","Predator","Dagger Spray","Bullet Time"],"special_seed":0,"relics":["Ring of the Snake","NeowsBlessing","Du-Vu Doll","Kunai","Sundial","Bottled Flame"],"potions_floor_usage":[12,13],"damage_taken":[{"damage":0.0,"enemies":"Cultist","floor":1.0,"turns":1.0},{"damage":0.0,"enemies":"Small Slimes","floor":2.0,"turns":1.0},{"damage":0.0,"enemies":"3 Sentries","floor":6.0,"turns":1.0},{"damage":12,"enemies":"Lagavulin","floor":10,"turns":7},{"damage":10,"enemies":"2 Louse","floor":11,"turns":3},{"damage":22,"enemies":"3 Sentries","floor":12,"turns":6},{"damage":21,"enemies":"Gremlin Gang","floor":13,"turns":4},{"damage":29,"enemies":"Slime Boss","floor":16,"turns":3}],"seed_played":"-6462790137030313138","potions_obtained":[{"floor":1.0,"key":"PowerPotion"},{"floor":8,"key":"EssenceOfSteel"},{"floor":8,"key":"Dexterity Potion"},{"floor":11,"key":"Swift Potion"},{"floor":12,"key":"FairyPotion"},{"floor":13,"key":"SteroidPotion"}],"is_trial":false,"path_per_floor":["M","M","?","$","?","E","R","?","T","E","M","E","M","?","R","B"],"character_chosen":"THE_SILENT","items_purchased":[],"campfire_rested":1,"item_purchase_floors":[],"current_hp_per_floor":[70,70,70,70,63,63,63,63,63,51,41,19,7,7,28,0],"gold":126,"neow_bonus":"THREE_ENEMY_KILL","is_prod":false,"is_daily":false,"chose_seed":false,"campfire_upgraded":1,"win_rate":0,"timestamp":1549155826,"path_taken":["M","M","?","$","?","E","R","?","T","E","M","E","?","?","R","BOSS"],"build_version":"2019-01-23","purchased_purges":1,"victory":false,"max_hp_per_floor":[70,70,70,70,70,70,70,70,70,70,70,70,70,70,70,70],"card_choices":[{"not_picked":["Flechettes","Tactician"],"picked":"Slice","floor":1.0},{"not_picked":["Leg Sweep","Cloak And Dagger"],"picked":"Infinite Blades","floor":2.0},{"not_picked":["Dodge and Roll","Quick Slash"],"picked":"Slice","floor":6},{"not_picked":["Reflex","Bane"],"picked":"Endless Agony","floor":10},{"not_picked":["Outmaneuver","Underhanded Strike"],"picked":"Predator","floor":11},{"not_picked":["Slice","Deflect"],"picked":"Dagger Spray","floor":12},{"not_picked":["Quick Slash","Deadly Poison"],"picked":"Bullet Time","floor":13}],"player_experience":751092,"relics_obtained":[{"floor":6,"key":"Du-Vu Doll"},{"floor":9,"key":"Kunai"},{"floor":10,"key":"Sundial"},{"floor":12,"key":"Bottled Flame"}],"event_choices":[{"damage_healed":0.0,"max_hp_gain":0.0,"max_hp_loss":0.0,"gold_gain":0.0,"cards_transformed":["Strike_G"],"event_name":"Living Wall","player_choice":"Change","floor":3.0,"gold_loss":0.0,"damage_taken":0.0,"cards_obtained":["Accuracy"]},{"cards_removed":["Defend_G"],"damage_healed":0.0,"max_hp_gain":0.0,"max_hp_loss":0.0,"gold_gain":0.0,"event_name":"Golden Wing","player_choice":"Card Removal","floor":5.0,"gold_loss":0.0,"damage_taken":7.0},{"damage_healed":0,"gold_gain":0,"player_choice":"Got Potions","damage_taken":0,"max_hp_gain":0,"max_hp_loss":0,"event_name":"Lab","floor":8,"gold_loss":0},{"damage_healed":0,"gold_gain":0,"player_choice":"Left Gold","damage_taken":0,"max_hp_gain":0,"max_hp_loss":0,"event_name":"World of Goop","floor":14,"gold_loss":34}],"is_beta":false,"boss_relics":[],"items_purged_floors":[4],"is_endless":false,"potions_floor_spawned":[1,11,12,13],"killed_by":"Slime Boss","ascension_level":5}