{"gold_per_floor":[110,185,200,200,101,101,157,157,184,237,237,251,264,291,291,365,365,375,98,110,110,110,110,126,152,233,233,233],"floor_reached":28,"playtime":1508,"items_purged":["Strike_B","Strike_B"],"score":482,"play_id":"5b99a9fb-b897-455a-87ae-a45774d07866","local_time":"20190414111443","is_ascension_mode":true,"campfire_choices":[{"data":"Genetic Algorithm","floor":6.0,"key":"SMITH"},{"data":"Zap","floor":8.0,"key":"SMITH"},{"data":"Dualcast","floor":11.0,"key":"SMITH"},{"data":"Undo","floor":15.0,"key":"SMITH"},{"data":"Defragment","floor":23,"key":"SMITH"},{"floor":27,"key":"REST"}],"neow_cost":"NONE","seed_source_timestamp":115690061718986,"circlet_count":0,"master_deck":["AscendersBane","Strike_B","Strike_B+1","Defend_B","Defend_B","Defend_B+1","Defend_B","Zap+1","Dualcast+1","Genetic Algorithm+1","Rebound","Go for the Eyes","Cold Snap","Conserve Battery","Undo+1","Electrodynamics","Hologram+1","Defragment+1","Doom and Gloom+1","Leap","Ghostly","Ghostly","Ghostly","Ghostly","Ghostly","Compile Driver+1","Coolheaded"],"special_seed":0,"relics":["Cracked Core","NeowsBlessing","Tiny Chest","Vajra","Smiling Mask","Molten Egg 2","Inserter","Bronze Scales","Bottled Lightning"],"potions_floor_usage":[16,16,20,28,28],"damage_taken":[{"damage":0.0,"enemies":"Jaw Worm","floor":1.0,"turns":1.0},{"damage":0.0,"enemies":"Cultist","floor":3.0,"turns":1.0},{"damage":0.0,"enemies":"Lagavulin","floor":7.0,"turns":1.0},{"damage":4.0,"enemies":"Small Slimes","floor":12.0,"turns":3.0},{"damage":5.0,"enemies":"Blue Slaver","floor":13.0,"turns":2.0},{"damage":13.0,"enemies":"3 Sentries","floor":14.0,"turns":7.0},{"damage":13,"enemies":"Hexaghost","floor":16,"turns":10},{"damage":27,"enemies":"2 Thieves","floor":18,"turns":4},{"damage":10,"enemies":"3 Byrds","floor":20,"turns":3},{"damage":3,"enemies":"Shelled Parasite and Fungi","floor":24,"turns":5},{"damage":32,"enemies":"Book of Stabbing","floor":25,"turns":8},{"damage":16,"enemies":"Gremlin Leader","floor":28,"turns":2}],"seed_played":"5982528199181496090","potions_obtained":[{"floor":7.0,"key":"LiquidBronze"},{"floor":13.0,"key":"PowerPotion"},{"floor":18,"key":"FairyPotion"},{"floor":20,"key":"Fire Potion"},{"floor":25,"key":"SpeedPotion"}],"is_trial":false,"path_per_floor":["M","?","M","?","$","R","E","R","T","T","R","M","M","E","R","B",null,"M","$","M","?","?","R","M","E","T","R","E"],"character_chosen":"DEFECT","items_purchased":["Go for the Eyes","Defragment","Regen Potion","Doom and Gloom+1"],"campfire_rested":1,"item_purchase_floors":[5,19,19,19],"current_hp_per_floor":[64,57,57,43,43,43,43,43,43,43,43,39,34,21,21,8,55,28,28,27,50,35,35,32,3,3,13,0],"gold":233,"neow_bonus":"THREE_ENEMY_KILL","is_prod":false,"is_daily":false,"chose_seed":false,"campfire_upgraded":5,"win_rate":0,"timestamp":1555254883,"path_taken":["M","?","?","?","$","R","E","R","T","?","R","M","?","E","R","BOSS","M","$","M","?","?","R","M","E","T","R","E"],"build_version":"2019-01-23","purchased_purges":2,"victory":false,"max_hp_per_floor":[71,71,71,71,71,71,71,71,71,71,71,71,71,71,71,71,71,71,71,71,71,35,35,35,35,35,35,35],"card_choices":[{"not_picked":["Turbo","Conserve Battery"],"picked":"Genetic Algorithm","floor":1.0},{"not_picked":["Reinforced Body","White Noise"],"picked":"Rebound","floor":3.0},{"not_picked":["Sweeping Beam","Stack","Reprogram"],"picked":"SKIP","floor":7.0},{"not_picked":["Leap","Compile Driver"],"picked":"Cold Snap","floor":12.0},{"not_picked":["Genetic Algorithm","White Noise"],"picked":"Conserve Battery","floor":13.0},{"not_picked":["Force Field","Amplify"],"picked":"Undo","floor":14.0},{"not_picked":["Fission","Core Surge+1"],"picked":"Electrodynamics","floor":16},{"not_picked":["Coolheaded","Barrage+1"],"picked":"Hologram+1","floor":18},{"not_picked":["Fusion","Aggregate"],"picked":"Leap","floor":20},{"not_picked":["Darkness","Undo"],"picked":"Compile Driver+1","floor":24},{"not_picked":["Steam","Tempest"],"picked":"Coolheaded","floor":25}],"player_experience":2118436,"relics_obtained":[{"floor":7.0,"key":"Tiny Chest"},{"floor":9.0,"key":"Vajra"},{"floor":10.0,"key":"Smiling Mask"},{"floor":14.0,"key":"Molten Egg 2"},{"floor":25,"key":"Bronze Scales"},{"floor":26,"key":"Bottled Lightning"}],"event_choices":[{"damage_healed":0.0,"max_hp_gain":0.0,"max_hp_loss":0.0,"gold_gain":75.0,"event_name":"FaceTrader","player_choice":"Touch","floor":2.0,"gold_loss":0.0,"damage_taken":7.0},{"damage_healed":0.0,"max_hp_gain":0.0,"max_hp_loss":0.0,"gold_gain":0.0,"event_name":"Shining Light","player_choice":"Entered Light","floor":4.0,"gold_loss":0.0,"damage_taken":14.0,"cards_upgraded":["Strike_B","Defend_B"]},{"damage_healed":23,"gold_gain":0,"player_choice":"Heal","damage_taken":0,"max_hp_gain":0,"max_hp_loss":0,"event_name":"The Library","floor":21,"gold_loss":0},{"damage_healed":0,"gold_gain":0,"player_choice":"Became a Ghost","damage_taken":0,"max_hp_gain":0,"max_hp_loss":36,"event_name":"Ghosts","floor":22,"gold_loss":0,"cards_obtained":["Ghostly","Ghostly","Ghostly","Ghostly","Ghostly"]}],"is_beta":false,"boss_relics":[{"not_picked":["Pandora\u0027s Box","Runic Dome"],"picked":"Inserter"}],"items_purged_floors":[5,19],"is_endless":false,"potions_floor_spawned":[7,13,14,18,20,25],"killed_by":"Gremlin Leader","ascension_level":14}