{"gold_per_floor":[112,124,144,160,176,207,219,219,219,232,232,244,256,273,273,368,368,387,46,63,78,4,4,17,17,17,32,44,61,73,73],"floor_reached":31,"playtime":1664,"items_purged":[],"score":276,"play_id":"6b6ba541-8761-4496-b1a2-6e193fe25170","local_time":"20180707161619","is_ascension_mode":false,"campfire_choices":[{"floor":8,"key":"REST"},{"floor":15,"key":"REST"},{"floor":23,"key":"REST"},{"floor":25,"key":"REST"}],"neow_cost":"","seed_source_timestamp":80851083836306,"circlet_count":0,"master_deck":["Defend_G","Defend_G","Defend_G","Defend_G","Defend_G","Strike_G","Strike_G","Strike_G","Strike_G","Strike_G","Survivor","Neutralize","Cloak And Dagger","Poisoned Stab","Deadly Poison","Sucker Punch","Choke","A Thousand Cuts","Catalyst","PiercingWail","Normality","Noxious Fumes","Poisoned Stab","Noxious Fumes","Corpse Explosion","Blade Dance","Cloak And Dagger","Deadly Poison","Doppelganger","Caltrops","Deflect","Accuracy","Terror","Poisoned Stab","Blade Dance+1"],"relics":["Ring of the Snake","Snake Skull","Vajra","Potion Belt","Black Star","Incense Burner","Bottled Lightning"],"potions_floor_usage":[16,16,28,30,31,31],"damage_taken":[{"damage":0,"enemies":"Cultist","floor":1,"turns":5},{"damage":0,"enemies":"2 Louse","floor":2,"turns":3},{"damage":4,"enemies":"Jaw Worm","floor":3,"turns":6},{"damage":8,"enemies":"Gremlin Gang","floor":4,"turns":8},{"damage":3,"enemies":"Red Slaver","floor":5,"turns":4},{"damage":15,"enemies":"Gremlin Nob","floor":6,"turns":4},{"damage":12,"enemies":"3 Louse","floor":7,"turns":4},{"damage":2,"enemies":"Looter","floor":10,"turns":4},{"damage":7,"enemies":"Exordium Wildlife","floor":12,"turns":3},{"damage":0,"enemies":"Blue Slaver","floor":13,"turns":3},{"damage":4,"enemies":"Exordium Thugs","floor":14,"turns":3},{"damage":20,"enemies":"Hexaghost","floor":16,"turns":8},{"damage":16,"enemies":"Spheric Guardian","floor":18,"turns":4},{"damage":9,"enemies":"Chosen","floor":20,"turns":5},{"damage":11,"enemies":"Centurion and Healer","floor":21,"turns":6},{"damage":7,"enemies":"3 Cultists","floor":24,"turns":3},{"damage":20,"enemies":"Chosen and Byrds","floor":27,"turns":5},{"damage":8,"enemies":"Snake Plant","floor":28,"turns":4},{"damage":28,"enemies":"Snecko","floor":29,"turns":5},{"damage":17,"enemies":"Cultist and Chosen","floor":30,"turns":5},{"damage":7,"enemies":"Centurion and Healer","floor":31,"turns":1}],"seed_played":"-5140285133858137176","potions_obtained":[{"floor":2,"key":"Energy Potion"},{"floor":3,"key":"Dexterity Potion"},{"floor":7,"key":"Explosive Potion"},{"floor":12,"key":"Explosive Potion"},{"floor":14,"key":"LiquidBronze"},{"floor":20,"key":"Poison Potion"},{"floor":24,"key":"Poison Potion"},{"floor":27,"key":"Fruit Juice"},{"floor":28,"key":"LiquidBronze"}],"is_trial":false,"path_per_floor":["M","M","M","M","M","E","M","R","T","M","?","M","M","M","R","B",null,"M","$","M","M","$","R","M","R","T","M","M","M","M"],"character_chosen":"THE_SILENT","items_purchased":["Incense Burner","Cloak And Dagger","Caltrops"],"campfire_rested":4,"item_purchase_floors":[19,19,22],"current_hp_per_floor":[70,70,66,58,55,40,28,49,49,47,47,40,40,36,57,37,70,54,54,45,34,34,55,48,69,69,49,46,18,1,0],"gold":73,"neow_bonus":"","is_prod":false,"is_daily":false,"chose_seed":false,"campfire_upgraded":0,"win_rate":0,"timestamp":1530998179,"path_taken":["M","M","M","?","M","E","M","R","T","M","?","M","M","M","R","BOSS","M","$","M","M","$","R","?","R","T","M","M","M","M","M"],"build_version":"2018-07-05","purchased_purges":0,"victory":false,"max_hp_per_floor":[70,70,70,70,70,70,70,70,70,70,70,70,70,70,70,70,70,70,70,70,70,70,70,70,70,70,70,75,75,75,75],"card_choices":[{"not_picked":["Dagger Throw","Backstab"],"picked":"Cloak And Dagger","floor":1},{"not_picked":["Flying Knee","Slice"],"picked":"Poisoned Stab","floor":2},{"not_picked":["Endless Agony","Caltrops"],"picked":"Deadly Poison","floor":3},{"not_picked":["Deflect","Distraction"],"picked":"Sucker Punch","floor":4},{"not_picked":["Acrobatics","Footwork"],"picked":"Choke","floor":5},{"not_picked":["Acrobatics","PiercingWail"],"picked":"A Thousand Cuts","floor":6},{"not_picked":["Endless Agony","Terror"],"picked":"Catalyst","floor":7},{"not_picked":["Dodge and Roll","Riddle With Holes"],"picked":"PiercingWail","floor":10},{"not_picked":["Infinite Blades","Leg Sweep"],"picked":"Noxious Fumes","floor":12},{"not_picked":["Finisher","Masterful Stab"],"picked":"Poisoned Stab","floor":13},{"not_picked":["Underhanded Strike","Dagger Spray"],"picked":"Noxious Fumes","floor":14},{"not_picked":["Burst","A Thousand Cuts"],"picked":"Corpse Explosion","floor":16},{"not_picked":["Dodge and Roll+1","Choke"],"picked":"Blade Dance","floor":18},{"not_picked":["Acrobatics","Poisoned Stab"],"picked":"Deadly Poison","floor":20},{"not_picked":["Quick Slash","Acrobatics"],"picked":"Doppelganger","floor":21},{"not_picked":["Reflex+1","Leg Sweep"],"picked":"Deflect","floor":24},{"not_picked":["Blade Dance","Well Laid Plans"],"picked":"Accuracy","floor":27},{"not_picked":["Flying Knee","Outmaneuver"],"picked":"Terror","floor":28},{"not_picked":["Cloak And Dagger","Quick Slash"],"picked":"Poisoned Stab","floor":29},{"not_picked":["Dodge and Roll","Underhanded Strike"],"picked":"Blade Dance+1","floor":30}],"player_experience":139256,"relics_obtained":[{"floor":6,"key":"Snake Skull"},{"floor":9,"key":"Vajra"},{"floor":26,"key":"Bottled Lightning"}],"event_choices":[{"event_name":"Accursed Blacksmith","player_choice":"Rummage","floor":11,"damage_taken":0}],"boss_relics":[{"not_picked":["Snecko Eye","Empty Cage"],"picked":"Black Star"}],"items_purged_floors":[],"is_endless":false,"potions_floor_spawned":[2,3,7,10,12,14,20,24,27,28],"killed_by":"Centurion and Healer","ascension_level":0}