{"gold_per_floor":[111,111,130,13,13,39,49,65,118,118,132,151,151,162,162,257,257,272,290,135,135],"floor_reached":21,"playtime":3948,"items_purged":[],"score":210,"play_id":"e254460e-4e0d-4cdb-91bd-ecd7c4758893","local_time":"20180916104545","is_ascension_mode":true,"campfire_choices":[{"floor":10,"key":"REST"},{"floor":15,"key":"REST"}],"neow_cost":"","seed_source_timestamp":438742199775622,"circlet_count":0,"master_deck":["Defend_G","Defend_G","Defend_G","Defend_G","Defend_G+1","Strike_G","Strike_G","Strike_G","Strike_G","Strike_G","Survivor","Neutralize","Deadly Poison","Well Laid Plans+1","Caltrops","Concentrate","Dagger Throw","Deadly Poison","Infinite Blades","Deadly Poison","Accuracy","Deflect","Envenom","Dagger Spray+1","Bane+1","Footwork","Dash"],"relics":["Ring of the Snake","Potion Belt","PreservedInsect","Vajra","White Beast Statue"],"potions_floor_usage":[11,21,21,21],"damage_taken":[{"damage":2,"enemies":"Cultist","floor":1,"turns":4},{"damage":0,"enemies":"Jaw Worm","floor":3,"turns":3},{"damage":25,"enemies":"Lagavulin","floor":6,"turns":8},{"damage":7,"enemies":"2 Louse","floor":7,"turns":3},{"damage":3,"enemies":"2 Fungi Beasts","floor":8,"turns":4},{"damage":9,"enemies":"3 Louse","floor":11,"turns":4},{"damage":5,"enemies":"Looter","floor":12,"turns":4},{"damage":9,"enemies":"Large Slime","floor":14,"turns":5},{"damage":19,"enemies":"Hexaghost","floor":16,"turns":8},{"damage":22,"enemies":"Shell Parasite","floor":18,"turns":7},{"damage":13,"enemies":"Chosen","floor":19,"turns":6},{"damage":40,"enemies":"Centurion and Healer","floor":21,"turns":6}],"seed_played":"-7834635001013686742","potions_obtained":[{"floor":3,"key":"Block Potion"},{"floor":6,"key":"FearPotion"},{"floor":8,"key":"LiquidBronze"},{"floor":11,"key":"GamblersBrew"},{"floor":18,"key":"Fire Potion"},{"floor":19,"key":"Block Potion"}],"is_trial":false,"path_per_floor":["M","T","M","$","?","E","M","M","T","R","M","M","?","M","R","B",null,"M","M","$"],"character_chosen":"THE_SILENT","items_purchased":["Caltrops","Concentrate","Footwork","Dash"],"campfire_rested":2,"item_purchase_floors":[4,4,20,20],"current_hp_per_floor":[68,68,68,68,54,29,22,19,19,40,31,26,26,17,38,19,70,48,35,35,0],"gold":135,"neow_bonus":"","is_prod":false,"is_daily":false,"chose_seed":false,"campfire_upgraded":0,"win_rate":0,"timestamp":1537112745,"path_taken":["M","?","M","$","?","E","M","M","T","R","M","M","?","M","R","BOSS","M","M","$","M"],"build_version":"2018-09-06","purchased_purges":0,"victory":false,"max_hp_per_floor":[70,70,70,70,70,70,70,70,70,70,70,70,70,70,70,70,70,70,70,70,70],"card_choices":[{"not_picked":["Prepared","Dagger Spray"],"picked":"Deadly Poison","floor":1},{"not_picked":["Slice","Underhanded Strike"],"picked":"Well Laid Plans","floor":3},{"not_picked":["PiercingWail","Deflect"],"picked":"Dagger Throw","floor":6},{"not_picked":["Flying Knee","Backflip"],"picked":"Deadly Poison","floor":7},{"not_picked":["Underhanded Strike","Poisoned Stab"],"picked":"Infinite Blades","floor":8},{"not_picked":["Caltrops","Footwork"],"picked":"Deadly Poison","floor":11},{"not_picked":["Acrobatics","Masterful Stab"],"picked":"Accuracy","floor":12},{"not_picked":["Heel Hook","Well Laid Plans"],"picked":"Deflect","floor":14},{"not_picked":["Grand Finale","Malaise"],"picked":"Envenom","floor":16},{"not_picked":["Endless Agony","Skewer"],"picked":"Dagger Spray+1","floor":18},{"not_picked":["Heel Hook+1","Backflip+1"],"picked":"Bane+1","floor":19}],"player_experience":354102,"relics_obtained":[{"floor":2,"key":"Potion Belt"},{"floor":6,"key":"PreservedInsect"},{"floor":9,"key":"Vajra"}],"event_choices":[{"event_name":"Shining Light","player_choice":"Entered Light","floor":5,"damage_taken":0},{"event_name":"Golden Wing","player_choice":"Ignored","floor":13,"damage_taken":0}],"is_beta":false,"boss_relics":[{"not_picked":["Tiny House","Astrolabe"],"picked":"White Beast Statue"}],"items_purged_floors":[],"is_endless":false,"potions_floor_spawned":[3,6,8,11,18,19],"killed_by":"Centurion and Healer","ascension_level":3}