{"path_per_floor":["M","$","M","?","?","R","E","M","T","R","M","R","E","?","R","B",null,"M","M","$","M","?","R","M","E","T","?","R","M","$","M","R","B",null,"M","?","M","M","M","R","M","R","T","M","R","$","M","?","R","B"],"character_chosen":"THE_SILENT","items_purchased":["Caltrops","Noxious Fumes","Paper Crane","Noxious Fumes","FairyPotion"],"gold_per_floor":[118,45,55,55,55,55,80,100,100,100,112,112,138,138,138,243,243,259,279,6,23,23,23,35,69,93,93,93,112,42,56,56,152,152,172,172,186,197,215,215,225,225,225,244,244,66,77,177,177,177],"floor_reached":51,"campfire_rested":8,"playtime":3083,"item_purchase_floors":[2,20,20,30,46],"current_hp_per_floor":[70,70,70,47,47,47,47,46,46,70,58,80,59,59,80,65,80,59,59,59,53,53,80,48,32,32,32,66,51,51,41,77,40,80,75,75,80,56,42,56,48,62,62,49,85,85,51,51,85,54],"items_purged":["Strike_G"],"gold":177,"score":779,"play_id":"e19b123a-8657-4033-b250-df4116570409","local_time":"20180614080957","is_prod":false,"is_daily":false,"chose_seed":false,"is_ascension_mode":false,"campfire_upgraded":3,"win_rate":0.0,"timestamp":1528981797,"campfire_choices":[{"data":"Deadly Poison","floor":6,"key":"SMITH"},{"floor":10,"key":"REST"},{"floor":12,"key":"REST"},{"floor":15,"key":"REST"},{"floor":23,"key":"REST"},{"floor":28,"key":"REST"},{"floor":32,"key":"REST"},{"data":"Terror","floor":40,"key":"SMITH"},{"data":"Caltrops","floor":42,"key":"SMITH"},{"floor":45,"key":"REST"},{"floor":49,"key":"REST"}],"path_taken":["M","$","M","?","?","R","E","M","T","R","M","R","E","?","R","BOSS","M","M","$","M","?","R","?","E","T","?","R","M","$","?","R","BOSS","M","?","?","M","M","R","M","R","T","?","R","?","M","?","R","BOSS"],"build_version":"2018-06-07v3","seed_source_timestamp":407922566304283,"purchased_purges":1,"victory":true,"master_deck":["Defend_G","Defend_G","Defend_G","Defend_G","Defend_G","Strike_G+1","Strike_G","Strike_G","Strike_G+1","Survivor","Neutralize","Infinite Blades","Caltrops+1","Deadly Poison+1","Noxious Fumes","Caltrops","Infinite Blades","After Image+1","After Image","All Out Attack+1","Terror+1","Noxious Fumes","Crippling Poison","Decay","Flying Knee","Caltrops","Deadly Poison","Adrenaline","Crippling Poison+1","Noxious Fumes","Caltrops","Adrenaline","Deadly Poison+1","Bandage Up","Infinite Blades+1","Deadly Poison+1","Prepared","Deadly Poison","Prepared","Dagger Throw+1"],"max_hp_per_floor":[70,70,70,80,80,80,80,80,80,80,80,80,80,80,80,80,80,80,80,80,80,80,80,80,80,80,80,80,80,80,80,80,80,80,80,80,85,85,85,85,85,85,85,85,85,85,85,85,85,85],"relics":["Ring of the Snake","NeowsBlessing","Pear","Ornamental Fan","Whetstone","Ninja Scroll","Eternal Feather","Paper Crane","Meat on the Bone","Snake Skull","Lizard Tail","The Specimen"],"card_choices":[{"not_picked":["Quick Slash","Prepared"],"picked":"Infinite Blades","floor":1},{"not_picked":["Dagger Spray","Sucker Punch"],"picked":"Deadly Poison","floor":3},{"not_picked":["Bane","Expertise"],"picked":"Noxious Fumes","floor":7},{"not_picked":["Expertise","PiercingWail"],"picked":"Caltrops","floor":8},{"not_picked":["Escape Plan","Slice"],"picked":"Infinite Blades","floor":11},{"not_picked":["Flying Knee","Backflip"],"picked":"After Image","floor":13},{"not_picked":["Glass Knife","Burst"],"picked":"After Image","floor":16},{"not_picked":["Escape Plan","Outmaneuver"],"picked":"All Out Attack+1","floor":18},{"not_picked":["Underhanded Strike","Backflip"],"picked":"Terror","floor":19},{"not_picked":["Predator","Underhanded Strike"],"picked":"Crippling Poison","floor":21},{"not_picked":["Underhanded Strike","Slice+1"],"picked":"Flying Knee","floor":24},{"not_picked":["Infinite Blades","Backflip+1"],"picked":"Caltrops","floor":25},{"not_picked":["PiercingWail","Dagger Throw"],"picked":"Crippling Poison+1","floor":29},{"not_picked":["Flying Knee","Reflex"],"picked":"Caltrops","floor":31},{"not_picked":["Burst","A Thousand Cuts"],"picked":"Adrenaline","floor":33},{"not_picked":["Backflip","Dagger Throw+1"],"picked":"Deadly Poison+1","floor":35},{"not_picked":["Mind Blast","Jack Of All Trades"],"picked":"Bandage Up","floor":36},{"not_picked":["Bane+1","Caltrops+1"],"picked":"Infinite Blades+1","floor":37},{"not_picked":["Predator","Footwork"],"picked":"Deadly Poison+1","floor":38},{"not_picked":["Dagger Throw+1","Flechettes"],"picked":"Prepared","floor":39},{"not_picked":["Footwork","Dagger Throw+1"],"picked":"Deadly Poison","floor":41},{"not_picked":["Predator+1","Flying Knee"],"picked":"Prepared","floor":44},{"not_picked":["Distraction+1","Sucker Punch"],"picked":"Dagger Throw+1","floor":47}],"player_experience":67816,"potions_floor_usage":[21,25,37,44,50],"damage_taken":[{"damage":0,"enemies":"Small Slimes","floor":1,"turns":1},{"damage":0,"enemies":"Jaw Worm","floor":3,"turns":1},{"damage":0,"enemies":"3 Sentries","floor":7,"turns":2},{"damage":1,"enemies":"Cultist","floor":8,"turns":4},{"damage":12,"enemies":"2 Fungi Beasts","floor":11,"turns":3},{"damage":21,"enemies":"Gremlin Nob","floor":13,"turns":4},{"damage":15,"enemies":"Slime Boss","floor":16,"turns":9},{"damage":21,"enemies":"Chosen","floor":18,"turns":6},{"damage":0,"enemies":"Shell Parasite","floor":19,"turns":6},{"damage":6,"enemies":"Chosen and Byrds","floor":21,"turns":6},{"damage":32,"enemies":"Snake Plant","floor":24,"turns":4},{"damage":16,"enemies":"Gremlin Leader","floor":25,"turns":6},{"damage":27,"enemies":"Slaver and Parasite","floor":29,"turns":4},{"damage":22,"enemies":"Centurion and Healer","floor":31,"turns":7},{"damage":49,"enemies":"Champ","floor":33,"turns":9},{"damage":5,"enemies":"3 Shapes","floor":35,"turns":3},{"damage":4,"enemies":"Orb Walker","floor":37,"turns":4},{"damage":28,"enemies":"Sphere and 2 Shapes","floor":38,"turns":4},{"damage":30,"enemies":"Maw","floor":39,"turns":7},{"damage":8,"enemies":"4 Shapes","floor":41,"turns":4},{"damage":25,"enemies":"Sphere and 2 Shapes","floor":44,"turns":6},{"damage":34,"enemies":"3 Darklings","floor":47,"turns":4},{"damage":113,"enemies":"Donu and Deca","floor":50,"turns":9}],"relics_obtained":[{"floor":7,"key":"Ornamental Fan"},{"floor":9,"key":"Whetstone"},{"floor":13,"key":"Ninja Scroll"},{"floor":25,"key":"Meat on the Bone"},{"floor":26,"key":"Snake Skull"},{"floor":43,"key":"The Specimen"}],"event_choices":[{"event_name":"Scrap Ooze","player_choice":"success","floor":4,"damage_taken":33},{"event_name":"Shining Light","player_choice":"Ignored","floor":5,"damage_taken":0},{"event_name":"Living Wall","player_choice":"Grow","floor":14,"damage_taken":0},{"event_name":"Forgotten Altar","player_choice":"Smashed Altar","floor":22,"damage_taken":0},{"event_name":"Match and Keep!","player_choice":"2 cards matched","floor":27,"damage_taken":0},{"event_name":"SensoryStone","player_choice":"Memory 1","floor":36,"damage_taken":0},{"event_name":"Golden Shrine","player_choice":"Pray","floor":48,"damage_taken":0}],"boss_relics":[{"not_picked":["Calling Bell","Cursed Key"],"picked":"Eternal Feather"},{"not_picked":["Runic Dome","White Beast Statue"],"picked":"Lizard Tail"}],"items_purged_floors":[46],"potions_floor_spawned":[3,8,16,18,25,29,35,37,38],"seed_played":"1517736382309169579","ascension_level":0,"potions_obtained":[{"floor":3,"key":"Ancient Potion"},{"floor":8,"key":"Strength Potion"},{"floor":16,"key":"SteroidPotion"},{"floor":18,"key":"GhostInAJar"},{"floor":25,"key":"SteroidPotion"},{"floor":29,"key":"SpeedPotion"},{"floor":35,"key":"Fruit Juice"},{"floor":37,"key":"Regen Potion"}],"is_trial":false}