{"gold_per_floor":[119,119,129,129,129,157,157,172,172,229,264,264,292,312,312,384,384,395,411,430,450,214,214,246,246,246,246,260,285,298,326,326,398,398,413,249,249,267,267,297,297,314,314,314,98,116,116,149,149,149,149,149,59,59],"floor_reached":54,"playtime":1852,"items_purged":["Strike_R"],"score":1455,"play_id":"c206c01d-8c34-4c88-8056-f2f88895fbce","local_time":"20190407114112","is_ascension_mode":true,"campfire_choices":[{"data":"Bash","floor":7.0,"key":"SMITH"},{"floor":12.0,"key":"REST"},{"data":"Ghostly Armor","floor":15.0,"key":"SMITH"},{"floor":23.0,"key":"REST"},{"data":"Double Tap","floor":25.0,"key":"SMITH"},{"floor":27.0,"key":"REST"},{"data":"Uppercut","floor":32.0,"key":"SMITH"},{"floor":41.0,"key":"REST"},{"data":"Limit Break","floor":44.0,"key":"SMITH"},{"data":"True Grit","floor":47.0,"key":"SMITH"},{"floor":49.0,"key":"RECALL"},{"data":"Battle Trance","floor":52,"key":"SMITH"}],"neow_cost":"NONE","seed_source_timestamp":718592896504400,"circlet_count":0,"master_deck":["AscendersBane","Defend_R","Defend_R","Defend_R","Defend_R","Bash+1","Pummel+1","Ghostly Armor+1","Clothesline","Immolate","Reaper","Hemokinesis+1","Uppercut+1","Double Tap+1","Decay","Sword Boomerang+1","Dropkick","Shrug It Off","Limit Break+1","Immolate+1","Sentinel+1","Juggernaut+1","Doubt","Limit Break+1","True Grit+1","Battle Trance+1","Offering"],"special_seed":0,"relics":["Burning Blood","NeowsBlessing","Pear","Red Skull","Mango","Matryoshka","Cursed Key","Regal Pillow","Vajra","Lantern","Strawberry","Self Forming Clay","Ornamental Fan","Astrolabe","Orichalcum","Shuriken","Meat on the Bone","Bottled Flame","DollysMirror","Question Card"],"potions_floor_usage":[50],"damage_taken":[{"damage":0.0,"enemies":"Jaw Worm","floor":1.0,"turns":1.0},{"damage":0.0,"enemies":"Cultist","floor":3.0,"turns":1.0},{"damage":0.0,"enemies":"3 Sentries","floor":6.0,"turns":1.0},{"damage":0.0,"enemies":"Small Slimes","floor":8.0,"turns":4.0},{"damage":71.0,"enemies":"Lagavulin Event","floor":10.0,"turns":7.0},{"damage":8.0,"enemies":"Gremlin Nob","floor":11.0,"turns":3.0},{"damage":30.0,"enemies":"Lagavulin","floor":13.0,"turns":5.0},{"damage":0.0,"enemies":"3 Louse","floor":14.0,"turns":1.0},{"damage":38.0,"enemies":"Slime Boss","floor":16.0,"turns":6.0},{"damage":22.0,"enemies":"3 Byrds","floor":18.0,"turns":6.0},{"damage":47.0,"enemies":"2 Thieves","floor":19.0,"turns":4.0},{"damage":26.0,"enemies":"Chosen and Byrds","floor":20.0,"turns":5.0},{"damage":14.0,"enemies":"3 Cultists","floor":21.0,"turns":4.0},{"damage":53.0,"enemies":"Gremlin Leader","floor":24.0,"turns":6.0},{"damage":18.0,"enemies":"Snake Plant","floor":28.0,"turns":3.0},{"damage":7.0,"enemies":"Slavers","floor":29.0,"turns":2.0},{"damage":19.0,"enemies":"Centurion and Healer","floor":30.0,"turns":5.0},{"damage":48.0,"enemies":"Gremlin Leader","floor":31.0,"turns":5.0},{"damage":81.0,"enemies":"Collector","floor":33.0,"turns":9.0},{"damage":4.0,"enemies":"Orb Walker","floor":35.0,"turns":2.0},{"damage":11.0,"enemies":"3 Darklings","floor":38.0,"turns":3.0},{"damage":67.0,"enemies":"Giant Head","floor":40.0,"turns":8.0},{"damage":43.0,"enemies":"Spire Growth","floor":42.0,"turns":5.0},{"damage":2.0,"enemies":"Sphere and 2 Shapes","floor":46.0,"turns":1.0},{"damage":43.0,"enemies":"Nemesis","floor":48.0,"turns":5.0},{"damage":45,"enemies":"Time Eater","floor":50,"turns":7},{"damage":85,"enemies":"Shield and Spear","floor":54,"turns":3}],"seed_played":"8133686720022943827","potions_obtained":[{"floor":8.0,"key":"SmokeBomb"},{"floor":11.0,"key":"Swift Potion"},{"floor":13.0,"key":"Block Potion"},{"floor":20.0,"key":"Block Potion"},{"floor":24.0,"key":"AttackPotion"},{"floor":28.0,"key":"Energy Potion"},{"floor":35.0,"key":"Poison Potion"},{"floor":40.0,"key":"Swift Potion"},{"floor":42.0,"key":"SpeedPotion"}],"is_trial":false,"path_per_floor":["M","?","M","$","?","E","R","M","T","?","E","R","E","M","R","B",null,"M","M","M","M","$","R","E","R","T","R","M","E","M","E","R","B",null,"M","$","?","M","?","E","R","M","T","R","$","M","R","E","R","B",null,"R","$","E"],"character_chosen":"IRONCLAD","items_purchased":["Regal Pillow","Orichalcum","DollysMirror","Offering"],"campfire_rested":4,"item_purchase_floors":[22,36,45,53],"current_hp_per_floor":[74,74,75,75,75,85,85,85,85,20,32,61,37,43,43,11,77,67,34,24,30,30,74,31,31,38,84,77,102,93,64,64,19,84,86,86,86,81,71,19,64,40,40,40,40,56,56,41,41,26,82,82,82,0],"gold":59,"neow_bonus":"THREE_ENEMY_KILL","is_prod":false,"is_daily":false,"chose_seed":false,"campfire_upgraded":7,"win_rate":0,"timestamp":1554662472,"path_taken":["M","?","?","$","?","E","R","M","T","?","E","R","E","M","R","BOSS","M","M","M","M","$","R","E","R","T","R","M","E","M","E","R","BOSS","M","$","?","M","?","E","R","M","T","R","?","?","R","E","R","BOSS","R","$","E"],"build_version":"2019-01-23","purchased_purges":1,"victory":false,"max_hp_per_floor":[75,75,75,75,75,85,85,85,85,85,99,99,99,99,99,99,99,99,99,99,99,99,99,99,99,106,106,106,106,106,106,106,106,106,106,106,101,101,101,101,101,101,101,101,101,101,101,101,101,101,101,101,101,101],"card_choices":[{"not_picked":["Armaments","Entrench","Hemokinesis"],"picked":"SKIP","floor":1.0},{"not_picked":["Pommel Strike","Headbutt"],"picked":"Pummel","floor":3.0},{"not_picked":["Headbutt","Thunderclap"],"picked":"Ghostly Armor","floor":6.0},{"not_picked":["Perfected Strike","Hemokinesis","Wild Strike"],"picked":"SKIP","floor":8.0},{"not_picked":["Barricade","Sever Soul"],"picked":"Clothesline","floor":11.0},{"not_picked":["Armaments","True Grit"],"picked":"Immolate","floor":13.0},{"not_picked":["Sentinel","Rage","Havoc"],"picked":"SKIP","floor":14.0},{"not_picked":["Offering","Juggernaut"],"picked":"Reaper","floor":16.0},{"not_picked":["Thunderclap","Perfected Strike+1"],"picked":"Hemokinesis+1","floor":18.0},{"not_picked":["Thunderclap","Clash"],"picked":"Uppercut","floor":19.0},{"not_picked":["Flex","Havoc","Thunderclap"],"picked":"SKIP","floor":20.0},{"not_picked":["Thunderclap","Searing Blow","Corruption"],"picked":"SKIP","floor":21.0},{"not_picked":["Blood for Blood","Sword Boomerang+1"],"picked":"Double Tap","floor":24.0},{"not_picked":["Armaments","Disarm"],"picked":"Sword Boomerang+1","floor":28.0},{"not_picked":["Dropkick","Thunderclap","Intimidate"],"picked":"SKIP","floor":29.0},{"not_picked":["Thunderclap","Intimidate"],"picked":"Dropkick","floor":29.0},{"not_picked":["Sword Boomerang","Armaments"],"picked":"Shrug It Off","floor":30.0},{"not_picked":["Clash","Dark Embrace","Warcry"],"picked":"SKIP","floor":31.0},{"not_picked":["Juggernaut","Reaper"],"picked":"Limit Break","floor":33.0},{"not_picked":["Infernal Blade","Perfected Strike","Clash"],"picked":"SKIP","floor":35.0},{"not_picked":["Havoc+1","Flex","Wild Strike"],"picked":"SKIP","floor":38.0},{"not_picked":["Intimidate","Double Tap","Cleave"],"picked":"SKIP","floor":40.0},{"not_picked":["Evolve","Thunderclap","Wild Strike"],"picked":"SKIP","floor":42.0},{"not_picked":["Shrug It Off","Cleave+1"],"picked":"True Grit","floor":46.0},{"not_picked":["Clash+1","Twin Strike"],"picked":"Battle Trance","floor":48.0}],"player_experience":486009,"relics_obtained":[{"floor":6.0,"key":"Pear"},{"floor":10.0,"key":"Red Skull"},{"floor":11.0,"key":"Mango"},{"floor":13.0,"key":"Matryoshka"},{"floor":24.0,"key":"Vajra"},{"floor":26.0,"key":"Lantern"},{"floor":26.0,"key":"Strawberry"},{"floor":29.0,"key":"Self Forming Clay"},{"floor":31.0,"key":"Ornamental Fan"},{"floor":40.0,"key":"Shuriken"},{"floor":43.0,"key":"Meat on the Bone"},{"floor":43.0,"key":"Bottled Flame"},{"floor":48.0,"key":"Question Card"}],"event_choices":[{"cards_removed":["Strike_R"],"damage_healed":0.0,"max_hp_gain":0.0,"max_hp_loss":0.0,"gold_gain":0.0,"event_name":"Bonfire Elementals","player_choice":"Offered Basic","floor":2.0,"gold_loss":0.0,"damage_taken":0.0},{"damage_healed":0.0,"max_hp_gain":0.0,"max_hp_loss":0.0,"gold_gain":0.0,"event_name":"Living Wall","player_choice":"Grow","floor":5.0,"gold_loss":0.0,"damage_taken":0.0,"cards_upgraded":["Pummel"]},{"damage_healed":0.0,"max_hp_gain":0.0,"max_hp_loss":0.0,"gold_gain":30.0,"event_name":"Dead Adventurer","player_choice":"Searched \u00273\u0027 times","floor":10.0,"gold_loss":0.0,"damage_taken":0.0},{"damage_healed":0.0,"max_hp_gain":0.0,"max_hp_loss":5.0,"gold_gain":0.0,"event_name":"Winding Halls","player_choice":"Max HP","floor":37.0,"gold_loss":0.0,"damage_taken":0.0},{"damage_healed":0.0,"max_hp_gain":0.0,"max_hp_loss":0.0,"gold_gain":0.0,"event_name":"SensoryStone","player_choice":"Memory 3","floor":39.0,"gold_loss":0.0,"damage_taken":10.0}],"is_beta":false,"boss_relics":[{"not_picked":["Runic Dome","Mark of Pain"],"picked":"Cursed Key"},{"not_picked":["Busted Crown","Black Blood"],"picked":"Astrolabe"}],"items_purged_floors":[22],"is_endless":false,"potions_floor_spawned":[8,11,13,16,20,24,28,30,35,40,42],"killed_by":"Shield and Spear","ascension_level":17}