{"gold_per_floor":[113,113,113,129,140,467,531,543,555,597,609,571,614,640,652,759,771,797,809,838,867,879,891,932,944,956,997,1009,505,505,485,485,581,581,593,593,610,16,16,48,48,60,87,113,113,140,140,157,157,157],"floor_reached":51,"playtime":5507,"items_purged":["Strike_R","Strike_R"],"score":930,"play_id":"967cb794-6a44-4ef1-9dae-c6c8edf2657e","local_time":"20181225194008","is_ascension_mode":true,"campfire_choices":[{"data":"Pommel Strike","floor":8,"key":"SMITH"},{"data":"Seeing Red","floor":15,"key":"SMITH"},{"data":"RitualDagger","floor":23,"key":"SMITH"},{"data":"Demon Form","floor":25,"key":"SMITH"},{"floor":32,"key":"REST"},{"data":"Limit Break","floor":41,"key":"SMITH"},{"data":"Rampage","floor":45,"key":"SMITH"},{"data":"Rampage","floor":49,"key":"SMITH"}],"neow_cost":"NONE","seed_source_timestamp":280868911774384,"circlet_count":0,"master_deck":["Bash+1","Rage+1","Reaper+1","Disarm+1","Seeing Red+1","Clash","Pommel Strike+1","Rampage+1","Rampage+1","Demon Form+1","RitualDagger+1","Clash","Blood for Blood+1","Battle Trance+1","Madness","Limit Break+1","Spot Weakness+1","Limit Break+1","Seeing Red+1"],"relics":["Astrolabe","Old Coin","MawBank","Sundial","Bronze Scales","Anchor","Dodecahedron","Empty Cage","Letter Opener","Shuriken","Juzu Bracelet","MutagenicStrength","ClockworkSouvenir","Runic Cube","Ornamental Fan","Toxic Egg 2","Kunai","Ice Cream","Blood Vial","Bag of Marbles","Ancient Tea Set","SsserpentHead"],"potions_floor_usage":[16,24,27,27,33],"damage_taken":[{"damage":0,"enemies":"Small Slimes","floor":1,"turns":3},{"damage":14,"enemies":"2 Louse","floor":4,"turns":3},{"damage":0,"enemies":"Cultist","floor":5,"turns":2},{"damage":15,"enemies":"Gremlin Nob","floor":6,"turns":3},{"damage":15,"enemies":"Gremlin Nob","floor":7,"turns":3},{"damage":12,"enemies":"Lagavulin","floor":10,"turns":4},{"damage":16,"enemies":"Gremlin Nob","floor":13,"turns":3},{"damage":0,"enemies":"3 Louse","floor":14,"turns":2},{"damage":18,"enemies":"Slime Boss","floor":16,"turns":7},{"damage":0,"enemies":"Spheric Guardian","floor":18,"turns":3},{"damage":0,"enemies":"3 Byrds","floor":20,"turns":2},{"damage":5,"enemies":"Snake Plant","floor":21,"turns":3},{"damage":31,"enemies":"Gremlin Leader","floor":24,"turns":6},{"damage":43,"enemies":"Slavers","floor":27,"turns":5},{"damage":5,"enemies":"Collector","floor":33,"turns":6},{"damage":23,"enemies":"3 Darklings","floor":35,"turns":3},{"damage":12,"enemies":"3 Shapes","floor":37,"turns":3},{"damage":0,"enemies":"Giant Head","floor":40,"turns":4},{"damage":0,"enemies":"3 Darklings","floor":42,"turns":2},{"damage":11,"enemies":"Nemesis","floor":44,"turns":3},{"damage":6,"enemies":"Giant Head","floor":46,"turns":5},{"damage":0,"enemies":"Transient","floor":48,"turns":5},{"damage":26,"enemies":"Donu and Deca","floor":50,"turns":4}],"seed_played":"-4461560583287195374","potions_obtained":[{"floor":1,"key":"Strength Potion"},{"floor":6,"key":"FearPotion"},{"floor":7,"key":"Ancient Potion"},{"floor":10,"key":"AttackPotion"},{"floor":24,"key":"BloodPotion"},{"floor":27,"key":"Weak Potion"},{"floor":31,"key":"AttackPotion"},{"floor":37,"key":"Dexterity Potion"},{"floor":40,"key":"Block Potion"},{"floor":44,"key":"Block Potion"}],"is_trial":false,"path_per_floor":["M","?","?","M","M","E","?","R","T","E","T","?","E","M","R","B",null,"M","?","M","M","?","R","E","R","T","E","?","$","?","?","R","B",null,"M","?","M","$","T","E","R","M","T","E","R","E","?","M","R","B",null],"character_chosen":"IRONCLAD","items_purchased":["ClockworkSouvenir","BloodPotion","Battle Trance","Madness","Ornamental Fan","Toxic Egg 2"],"campfire_rested":1,"item_purchase_floors":[29,29,29,29,38,38],"current_hp_per_floor":[80,73,73,65,72,64,56,56,56,51,51,51,42,57,57,51,80,80,74,79,74,58,58,36,36,36,10,10,10,10,10,34,29,80,77,77,68,68,68,80,80,80,80,69,69,74,74,80,80,80],"gold":157,"neow_bonus":"BOSS_RELIC","is_prod":false,"is_daily":false,"chose_seed":false,"campfire_upgraded":7,"win_rate":0,"timestamp":1545734408,"path_taken":["M","?","?","M","?","E","?","R","T","E","?","?","E","M","R","BOSS","M","?","M","M","?","R","E","R","T","E","?","$","?","?","R","BOSS","M","?","M","$","?","E","R","M","T","E","R","E","?","M","R","BOSS"],"build_version":"2018-12-20","purchased_purges":2,"victory":true,"max_hp_per_floor":[80,80,80,80,80,80,80,80,80,80,80,80,80,80,80,80,80,80,80,80,80,80,80,80,80,80,80,80,80,80,80,80,80,80,80,80,80,80,80,80,80,80,80,80,80,80,80,80,80,80],"card_choices":[{"not_picked":["Body Slam","Sword Boomerang"],"picked":"Seeing Red","floor":1},{"not_picked":["True Grit","Infernal Blade"],"picked":"Clash","floor":4},{"not_picked":["Wild Strike","Hemokinesis"],"picked":"Pommel Strike","floor":5},{"not_picked":["Sword Boomerang","Shrug It Off","Seeing Red"],"picked":"SKIP","floor":6},{"not_picked":["Headbutt","Rupture"],"picked":"Rampage","floor":10},{"not_picked":["Corruption","Uppercut"],"picked":"Rampage","floor":13},{"not_picked":["Infernal Blade","Entrench","Immolate"],"picked":"SKIP","floor":14},{"not_picked":["Immolate","Offering"],"picked":"Demon Form","floor":16},{"not_picked":["Ghostly Armor+1","Combust","Seeing Red"],"picked":"SKIP","floor":18},{"not_picked":["Evolve","Disarm"],"picked":"Clash","floor":20},{"not_picked":["Carnage","True Grit","Thunderclap"],"picked":"SKIP","floor":21},{"not_picked":["Twin Strike","Shrug It Off","Body Slam+1"],"picked":"SKIP","floor":24},{"not_picked":["Second Wind+1","Infernal Blade"],"picked":"Blood for Blood+1","floor":27},{"not_picked":["Feed","Demon Form"],"picked":"Limit Break","floor":33},{"not_picked":["Bloodletting","Twin Strike+1","Rupture+1"],"picked":"SKIP","floor":35},{"not_picked":["Body Slam","Flex","True Grit+1"],"picked":"SKIP","floor":37},{"not_picked":["Entrench+1","Carnage+1","Uppercut+1"],"picked":"SKIP","floor":40},{"not_picked":["Twin Strike","Fire Breathing"],"picked":"Spot Weakness+1","floor":42},{"not_picked":["Armaments+1","Thunderclap","Corruption"],"picked":"SKIP","floor":44},{"not_picked":["Armaments+1","Rage+1"],"picked":"Limit Break+1","floor":46},{"not_picked":["Clothesline+1","Twin Strike"],"picked":"Seeing Red+1","floor":48}],"player_experience":59723,"relics_obtained":[{"floor":6,"key":"Old Coin"},{"floor":7,"key":"MawBank"},{"floor":9,"key":"Sundial"},{"floor":10,"key":"Bronze Scales"},{"floor":11,"key":"Anchor"},{"floor":13,"key":"Dodecahedron"},{"floor":24,"key":"Letter Opener"},{"floor":26,"key":"Shuriken"},{"floor":27,"key":"Juzu Bracelet"},{"floor":39,"key":"Kunai"},{"floor":40,"key":"Ice Cream"},{"floor":43,"key":"Blood Vial"},{"floor":44,"key":"Bag of Marbles"},{"floor":46,"key":"Ancient Tea Set"}],"event_choices":[{"cards_removed":["Strike_R"],"damage_healed":0,"gold_gain":0,"player_choice":"Card Removal","damage_taken":7,"max_hp_gain":0,"max_hp_loss":0,"event_name":"Golden Wing","floor":2,"gold_loss":0},{"damage_healed":0,"gold_gain":0,"player_choice":"Upgraded","damage_taken":0,"max_hp_gain":0,"max_hp_loss":0,"event_name":"Upgrade Shrine","floor":3,"gold_loss":0,"cards_upgraded":["Bash"]},{"damage_healed":0,"gold_gain":0,"player_choice":"Searched \u00272\u0027 times","damage_taken":0,"max_hp_gain":0,"max_hp_loss":0,"event_name":"Dead Adventurer","floor":7,"gold_loss":0},{"cards_removed":["Defend_R"],"damage_healed":0,"gold_gain":0,"player_choice":"Card Removal","damage_taken":0,"max_hp_gain":0,"max_hp_loss":0,"event_name":"The Cleric","floor":12,"gold_loss":50},{"damage_healed":0,"gold_gain":0,"player_choice":"Joined the Cult","damage_taken":6,"max_hp_gain":0,"max_hp_loss":0,"event_name":"Nest","floor":19,"gold_loss":0,"cards_obtained":["RitualDagger"]},{"damage_healed":0,"gold_gain":0,"player_choice":"Obtained Book","damage_taken":16,"max_hp_gain":0,"max_hp_loss":0,"event_name":"Cursed Tome","floor":22,"gold_loss":0},{"damage_healed":0,"gold_gain":0,"player_choice":"Inject Mutagens","damage_taken":0,"relics_obtained":["MutagenicStrength"],"max_hp_gain":0,"max_hp_loss":0,"event_name":"Drug Dealer","floor":28,"gold_loss":0},{"damage_healed":0,"gold_gain":0,"player_choice":"Forge","damage_taken":0,"max_hp_gain":0,"max_hp_loss":0,"event_name":"Accursed Blacksmith","floor":30,"gold_loss":0,"cards_upgraded":["Battle Trance"]},{"damage_healed":0,"gold_gain":0,"player_choice":"Bought 1 Potion","damage_taken":0,"max_hp_gain":0,"max_hp_loss":0,"event_name":"The Woman in Blue","floor":31,"gold_loss":0},{"damage_healed":0,"gold_gain":0,"player_choice":"0 cards matched","damage_taken":0,"max_hp_gain":0,"max_hp_loss":0,"event_name":"Match and Keep!","floor":36,"gold_loss":0,"cards_obtained":[]},{"damage_healed":0,"gold_gain":0,"player_choice":"Trade","damage_taken":0,"relics_obtained":["SsserpentHead"],"max_hp_gain":0,"max_hp_loss":0,"event_name":"FaceTrader","floor":47,"gold_loss":0}],"is_beta":false,"boss_relics":[{"not_picked":["Lizard Tail","Runic Dome"],"picked":"Empty Cage"},{"not_picked":["Fusion Hammer","Busted Crown"],"picked":"Runic Cube"}],"items_purged_floors":[29,38],"is_endless":false,"potions_floor_spawned":[1,6,7,10,24,27,37,40,44,46,48],"ascension_level":3}