{"gold_per_floor":[109,109,109,209,10,38,48,48,48,82,94,94,269,281,281,380,380,392,114,114],"floor_reached":20,"playtime":738,"items_purged":[],"score":236,"play_id":"72a26605-de74-44f9-8b19-162b29031780","local_time":"20180807140454","is_ascension_mode":true,"campfire_choices":[{"data":"Crippling Poison","floor":8,"key":"SMITH"},{"floor":12,"key":"REST"},{"floor":15,"key":"REST"}],"neow_cost":"NONE","seed_source_timestamp":262797352680246,"circlet_count":0,"master_deck":["Defend_G","Defend_G","Defend_G","Defend_G+1","Defend_G+1","Strike_G","Strike_G","Strike_G","Strike_G","Strike_G","Survivor","Neutralize","Blade Dance","Crippling Poison+1","Deadly Poison","Deadly Poison","Deadly Poison","Sucker Punch","Doubt","Flying Knee","Distraction","Envenom","Sucker Punch+1","Bane","Finesse"],"relics":["Ring of the Snake","NeowsBlessing","Dream Catcher","Lee\u0027s Waffle","Blue Candle","Peace Pipe","Ancient Tea Set","Philosopher\u0027s Stone","Regal Pillow"],"potions_floor_usage":[18],"damage_taken":[{"damage":0,"enemies":"Jaw Worm","floor":1,"turns":1},{"damage":0,"enemies":"3 Sentries","floor":6,"turns":1},{"damage":0,"enemies":"Small Slimes","floor":7,"turns":1},{"damage":41,"enemies":"Gremlin Nob","floor":10,"turns":5},{"damage":10,"enemies":"2 Louse","floor":11,"turns":3},{"damage":4,"enemies":"Large Slime","floor":14,"turns":6},{"damage":27,"enemies":"The Guardian","floor":16,"turns":8},{"damage":30,"enemies":"Shell Parasite","floor":18,"turns":6},{"damage":48,"enemies":"3 Byrds","floor":20,"turns":2}],"seed_played":"-6473397575620219450","potions_obtained":[{"floor":1,"key":"Strength Potion"},{"floor":6,"key":"Ancient Potion"},{"floor":14,"key":"Weak Potion"}],"is_trial":false,"path_per_floor":["M","?","?","?","$","E","M","R","T","E","M","R","?","M","R","B",null,"M","$"],"character_chosen":"THE_SILENT","items_purchased":["Lee\u0027s Waffle","Regal Pillow","Bane","Finesse"],"campfire_rested":2,"item_purchase_floors":[5,19,19,19],"current_hp_per_floor":[70,56,31,31,77,77,77,77,77,36,26,49,49,45,68,41,77,47,47,0],"gold":114,"neow_bonus":"THREE_ENEMY_KILL","is_prod":false,"is_daily":false,"chose_seed":false,"campfire_upgraded":1,"win_rate":0,"timestamp":1533668694,"path_taken":["M","?","?","?","$","E","M","R","T","E","M","R","?","M","R","BOSS","M","$","M"],"build_version":"2018-08-02","purchased_purges":0,"victory":false,"max_hp_per_floor":[70,70,70,70,77,77,77,77,77,77,77,77,77,77,77,77,77,77,77,77],"card_choices":[{"not_picked":["Slice","Bane"],"picked":"Blade Dance","floor":1},{"not_picked":["Dodge and Roll","Heel Hook"],"picked":"Crippling Poison","floor":6},{"not_picked":["Deflect","Dagger Spray"],"picked":"Deadly Poison","floor":7},{"not_picked":["Sucker Punch","PiercingWail"],"picked":"Deadly Poison","floor":10},{"not_picked":["Quick Slash","Dagger Throw"],"picked":"Deadly Poison","floor":11},{"not_picked":["Eviscerate","Masterful Stab"],"picked":"Sucker Punch","floor":12},{"not_picked":["Dodge and Roll","Acrobatics"],"picked":"Flying Knee","floor":14},{"not_picked":["Prepared","Quick Slash"],"picked":"Distraction","floor":15},{"not_picked":["Die Die Die","Bullet Time"],"picked":"Envenom","floor":16},{"not_picked":["Backflip","Masterful Stab+1"],"picked":"Sucker Punch+1","floor":18}],"player_experience":213501,"relics_obtained":[{"floor":6,"key":"Blue Candle"},{"floor":9,"key":"Peace Pipe"},{"floor":10,"key":"Ancient Tea Set"}],"event_choices":[{"event_name":"Shining Light","player_choice":"Entered Light","floor":2,"damage_taken":0},{"event_name":"Scrap Ooze","player_choice":"success","floor":3,"damage_taken":25},{"event_name":"Golden Shrine","player_choice":"Pray","floor":4,"damage_taken":0},{"event_name":"Liars Game","player_choice":"agreed","floor":13,"damage_taken":0}],"is_beta":false,"boss_relics":[{"not_picked":["Ring of the Serpent","Busted Crown"],"picked":"Philosopher\u0027s Stone"}],"items_purged_floors":[],"is_endless":false,"potions_floor_spawned":[1,6,14],"killed_by":"3 Byrds","ascension_level":3}