{"gold_per_floor":[11,30,30,46,61,61,86,86,86,86,86,145,165,193,193,270,270,288,288,4,4,17,17,34,34,60,60,60,60,89,100,100,174,174,174],"floor_reached":35,"playtime":2614,"items_purged":[],"score":766,"play_id":"dcf504ae-8caf-4a23-b6a6-14b3a3dcdc57","local_time":"20190406010740","is_ascension_mode":true,"campfire_choices":[{"data":"Bash","floor":6.0,"key":"SMITH"},{"data":"Flame Barrier","floor":8.0,"key":"SMITH"},{"data":"True Grit","floor":11.0,"key":"SMITH"},{"data":"Shockwave","floor":15.0,"key":"SMITH"},{"data":"Limit Break","floor":23,"key":"SMITH"},{"data":"Immolate","floor":25,"key":"SMITH"},{"data":"Anger","floor":27,"key":"SMITH"},{"data":"Spot Weakness","floor":29,"key":"SMITH"},{"data":"True Grit","floor":32,"key":"SMITH"}],"neow_cost":"NO_GOLD","seed_source_timestamp":86033368053300,"circlet_count":0,"master_deck":["AscendersBane","Strike_R","Strike_R","Strike_R","Strike_R","Strike_R","Defend_R","Defend_R","Defend_R","Defend_R","Bash+1","Anger+1","True Grit+1","Sword Boomerang","Flame Barrier+1","Spot Weakness+1","Sword Boomerang","Shockwave+1","Limit Break+1","Shrug It Off","Evolve+1","Immolate+1","True Grit+1","Reaper"],"special_seed":0,"relics":["Black Blood","Blue Candle","Kunai","Frozen Egg 2","Pantograph","Omamori","Cursed Key","Ornamental Fan","Red Skull","MutagenicStrength","Nunchaku"],"potions_floor_usage":[24],"damage_taken":[{"damage":7.0,"enemies":"Cultist","floor":1.0,"turns":4.0},{"damage":7.0,"enemies":"Jaw Worm","floor":2.0,"turns":3.0},{"damage":5.0,"enemies":"Small Slimes","floor":4.0,"turns":4.0},{"damage":7.0,"enemies":"Looter","floor":5.0,"turns":4.0},{"damage":31.0,"enemies":"Gremlin Nob","floor":7.0,"turns":4.0},{"damage":41.0,"enemies":"3 Sentries","floor":12.0,"turns":14.0},{"damage":0.0,"enemies":"Large Slime","floor":13.0,"turns":5.0},{"damage":40.0,"enemies":"3 Sentries","floor":14.0,"turns":8.0},{"damage":22.0,"enemies":"Hexaghost","floor":16.0,"turns":7.0},{"damage":27.0,"enemies":"2 Thieves","floor":18.0,"turns":5.0},{"damage":0,"enemies":"3 Byrds","floor":22,"turns":5},{"damage":2,"enemies":"Cultist and Chosen","floor":24,"turns":7},{"damage":30,"enemies":"Slavers","floor":30,"turns":4},{"damage":0,"enemies":"Chosen and Byrds","floor":31,"turns":3},{"damage":27,"enemies":"Champ","floor":33,"turns":9},{"damage":86,"enemies":"3 Shapes","floor":35,"turns":3}],"seed_played":"2315104743700385287","potions_obtained":[{"floor":4.0,"key":"Swift Potion"},{"floor":7.0,"key":"Regen Potion"},{"floor":12.0,"key":"LiquidBronze"},{"floor":16.0,"key":"GamblersBrew"},{"floor":22,"key":"AttackPotion"},{"floor":30,"key":"Ancient Potion"}],"is_trial":false,"path_per_floor":["M","M","?","M","M","R","E","R","T","T","R","?","M","E","R","B",null,"M","?","$","?","M","R","M","R","T","R","?","R","E","M","R","B",null,"M"],"character_chosen":"IRONCLAD","items_purchased":["Ornamental Fan"],"campfire_rested":0,"item_purchase_floors":[20],"current_hp_per_floor":[81,80,85,86,85,85,60,60,60,60,60,40,46,12,12,21,76,55,55,55,55,61,61,65,65,65,65,65,65,41,47,47,51,83,0],"gold":174,"neow_bonus":"TWENTY_PERCENT_HP_BONUS","is_prod":false,"is_daily":false,"chose_seed":false,"campfire_upgraded":9,"win_rate":0,"timestamp":1554527260,"path_taken":["M","M","?","M","M","R","E","R","T","?","R","?","M","E","R","BOSS","M","?","$","?","M","R","M","R","T","R","?","R","E","M","R","BOSS","M"],"build_version":"2019-01-23","purchased_purges":0,"victory":false,"max_hp_per_floor":[89,89,94,94,94,94,94,94,94,94,94,94,94,94,94,94,94,94,94,94,94,94,94,94,94,94,94,94,94,94,94,94,94,94,94],"card_choices":[{"not_picked":["Cleave","Twin Strike"],"picked":"Anger","floor":1.0},{"not_picked":["Intimidate","Perfected Strike"],"picked":"True Grit","floor":2.0},{"not_picked":["Heavy Blade","Body Slam","Warcry"],"picked":"SKIP","floor":4.0},{"not_picked":["Clash","Entrench"],"picked":"Sword Boomerang","floor":5.0},{"not_picked":["Brutality","Searing Blow"],"picked":"Flame Barrier","floor":7.0},{"not_picked":["Burning Pact","Clothesline"],"picked":"Spot Weakness","floor":12.0},{"not_picked":["Shockwave","Perfected Strike"],"picked":"Sword Boomerang","floor":13.0},{"not_picked":["Seeing Red","Burning Pact"],"picked":"Shockwave","floor":14.0},{"not_picked":["Impervious","Bludgeon"],"picked":"Limit Break","floor":16.0},{"not_picked":["Thunderclap","Heavy Blade"],"picked":"Shrug It Off","floor":18.0},{"not_picked":["Warcry","Reckless Charge"],"picked":"Evolve+1","floor":22},{"not_picked":["Anger+1","Cleave"],"picked":"Immolate","floor":24},{"not_picked":["Havoc","Sever Soul"],"picked":"True Grit","floor":30},{"not_picked":["Heavy Blade","Thunderclap","Headbutt"],"picked":"SKIP","floor":31},{"not_picked":["Offering","Demon Form+1"],"picked":"Reaper","floor":33}],"player_experience":821119,"relics_obtained":[{"floor":7.0,"key":"Blue Candle"},{"floor":9.0,"key":"Kunai"},{"floor":10.0,"key":"Frozen Egg 2"},{"floor":12.0,"key":"Pantograph"},{"floor":14.0,"key":"Omamori"},{"floor":26,"key":"Red Skull"},{"floor":30,"key":"Nunchaku"}],"event_choices":[{"damage_healed":0.0,"max_hp_gain":5.0,"max_hp_loss":0.0,"gold_gain":0.0,"event_name":"Big Fish","player_choice":"Donut","floor":3.0,"gold_loss":0.0,"damage_taken":0.0},{"damage_healed":0.0,"max_hp_gain":0.0,"max_hp_loss":0.0,"gold_gain":0.0,"event_name":"Dead Adventurer","player_choice":"Searched \u00272\u0027 times","floor":12.0,"gold_loss":0.0,"damage_taken":0.0},{"damage_healed":0.0,"max_hp_gain":0.0,"max_hp_loss":0.0,"gold_gain":0.0,"event_name":"Ghosts","player_choice":"Ignored","floor":19.0,"gold_loss":0.0,"damage_taken":0.0},{"damage_healed":0.0,"max_hp_gain":0.0,"max_hp_loss":0.0,"gold_gain":0.0,"event_name":"The Mausoleum","player_choice":"Ignored","floor":21.0,"gold_loss":0.0,"damage_taken":0.0},{"damage_healed":0,"gold_gain":0,"player_choice":"Inject Mutagens","damage_taken":0,"relics_obtained":["MutagenicStrength"],"max_hp_gain":0,"max_hp_loss":0,"event_name":"Drug Dealer","floor":28,"gold_loss":0}],"is_beta":false,"boss_relics":[{"not_picked":["Lizard Tail","Ectoplasm"],"picked":"Cursed Key"},{"not_picked":["Busted Crown","Runic Cube"],"picked":"Black Blood"}],"items_purged_floors":[],"is_endless":false,"potions_floor_spawned":[4,7,12,16,22,30],"killed_by":"3 Shapes","ascension_level":20}