{"gold_per_floor":[14,31,49,65,76,76,107,107,107,107,125,143,12,31,31,126,126,139,120,35,50,67,67,67,67,94,94,104,123,138,150,150,247,247,263,282,94,94,0,0,16,33,56,70,84,84,96,111,111,111],"floor_reached":51,"playtime":3416,"items_purged":["Writhe"],"score":811,"play_id":"6181796c-fa2d-45db-ba85-c7808ef68f55","local_time":"20180924220022","is_ascension_mode":true,"campfire_choices":[{"floor":8,"key":"REST"},{"data":"Noxious Fumes","floor":10,"key":"SMITH"},{"data":"Blur","floor":15,"key":"SMITH"},{"data":"After Image","floor":23,"key":"SMITH"},{"data":"Footwork","floor":25,"key":"SMITH"},{"data":"Accuracy","floor":32,"key":"SMITH"},{"data":"Infinite Blades","floor":40,"key":"SMITH"},{"floor":49,"key":"REST"}],"neow_cost":"NO_GOLD","seed_source_timestamp":237019140298353,"circlet_count":0,"master_deck":["Defend_G","Defend_G+1","Defend_G+1","Defend_G","Defend_G","Strike_G","Strike_G","Strike_G","Survivor","Neutralize","Noxious Fumes+1","Footwork","Cloak And Dagger","Burst","Poisoned Stab","Flying Knee","Blur+1","Backstab","Deadly Poison","Accuracy+1","Blade Dance+1","After Image+1","Flechettes","Footwork+1","Deadly Poison+1","Cloak And Dagger+1","Footwork+1","Flying Knee","Accuracy+1","Outmaneuver","Corpse Explosion","Bane+1","Infinite Blades+1","Finisher","Footwork","Madness","Madness","Noxious Fumes+1","Caltrops","After Image","Cloak And Dagger","Bane","Caltrops","Bane"],"relics":["Ring of the Snake","Letter Opener","Question Card","Busted Crown","Dream Catcher","War Paint","Bird Faced Urn","Sozu","Red Mask","Smiling Mask"],"potions_floor_usage":[12,14,28,28,29,33,46,50],"damage_taken":[{"damage":8,"enemies":"Jaw Worm","floor":1,"turns":7},{"damage":1,"enemies":"Small Slimes","floor":2,"turns":5},{"damage":0,"enemies":"2 Louse","floor":3,"turns":5},{"damage":0,"enemies":"Red Slaver","floor":4,"turns":6},{"damage":0,"enemies":"2 Fungi Beasts","floor":5,"turns":5},{"damage":0,"enemies":"Lagavulin","floor":7,"turns":9},{"damage":0,"enemies":"Large Slime","floor":11,"turns":6},{"damage":6,"enemies":"Gremlin Gang","floor":12,"turns":4},{"damage":0,"enemies":"Exordium Wildlife","floor":14,"turns":4},{"damage":1,"enemies":"The Guardian","floor":16,"turns":10},{"damage":4,"enemies":"3 Byrds","floor":18,"turns":5},{"damage":0,"enemies":"2 Thieves","floor":19,"turns":4},{"damage":10,"enemies":"Shelled Parasite and Fungi","floor":21,"turns":7},{"damage":16,"enemies":"Snake Plant","floor":22,"turns":5},{"damage":4,"enemies":"Snecko","floor":28,"turns":6},{"damage":14,"enemies":"3 Cultists","floor":29,"turns":7},{"damage":9,"enemies":"Cultist and Chosen","floor":30,"turns":7},{"damage":5,"enemies":"Centurion and Healer","floor":31,"turns":6},{"damage":17,"enemies":"Automaton","floor":33,"turns":10},{"damage":2,"enemies":"3 Shapes","floor":35,"turns":3},{"damage":8,"enemies":"Orb Walker","floor":36,"turns":4},{"damage":20,"enemies":"Sphere and 2 Shapes","floor":41,"turns":5},{"damage":0,"enemies":"4 Shapes","floor":42,"turns":4},{"damage":14,"enemies":"Maw","floor":44,"turns":7},{"damage":40,"enemies":"Spire Growth","floor":45,"turns":6},{"damage":2,"enemies":"3 Darklings","floor":46,"turns":2},{"damage":32,"enemies":"Maw","floor":47,"turns":7},{"damage":23,"enemies":"Reptomancer","floor":48,"turns":7},{"damage":76,"enemies":"Time Eater","floor":50,"turns":12}],"seed_played":"-3312944090533257161","potions_obtained":[{"floor":1,"key":"SkillPotion"},{"floor":3,"key":"Swift Potion"},{"floor":5,"key":"Block Potion"},{"floor":7,"key":"Fire Potion"},{"floor":12,"key":"Weak Potion"},{"floor":16,"key":"SkillPotion"},{"floor":28,"key":"EssenceOfSteel"},{"floor":29,"key":"Strength Potion"},{"floor":31,"key":"SmokeBomb"}],"is_trial":false,"path_per_floor":["M","M","M","M","M","?","E","R","T","R","M","M","$","M","R","B",null,"M","M","?","M","M","R","$","R","T","?","M","M","M","M","R","B",null,"M","M","$","?","?","R","M","M","T","M","M","M","M","M","R","B"],"character_chosen":"THE_SILENT","items_purchased":["Deadly Poison","Accuracy","Finisher","Footwork"],"campfire_rested":2,"item_purchase_floors":[13,13,37,37],"current_hp_per_floor":[62,61,61,61,61,47,47,68,68,68,68,62,62,62,62,61,70,66,66,66,56,40,40,40,40,40,40,46,44,47,56,56,53,70,70,66,66,57,57,57,53,65,65,58,38,44,34,31,52,2],"gold":111,"neow_bonus":"REMOVE_TWO","is_prod":false,"is_daily":false,"chose_seed":false,"campfire_upgraded":6,"win_rate":0,"timestamp":1537844422,"path_taken":["M","M","M","M","M","?","E","R","T","R","M","M","$","?","R","BOSS","M","M","?","M","M","R","$","R","T","?","?","M","M","M","R","BOSS","M","M","$","?","?","R","M","M","T","M","?","M","M","M","R","BOSS"],"build_version":"2018-09-20","purchased_purges":1,"victory":true,"max_hp_per_floor":[70,70,70,70,70,70,70,70,70,70,70,70,70,70,70,70,70,70,70,70,70,70,70,70,70,70,70,70,70,70,70,70,70,70,70,70,70,70,70,70,70,70,70,70,70,70,70,70,70,70],"card_choices":[{"not_picked":["Poisoned Stab","Heel Hook"],"picked":"Noxious Fumes","floor":1},{"not_picked":["Endless Agony","Deflect"],"picked":"Footwork","floor":2},{"not_picked":["Dagger Throw","Escape Plan"],"picked":"Cloak And Dagger","floor":3},{"not_picked":["PiercingWail","Sucker Punch"],"picked":"Burst","floor":4},{"not_picked":["Underhanded Strike","Cloak And Dagger"],"picked":"Poisoned Stab","floor":5},{"not_picked":["Dagger Throw","Dagger Spray"],"picked":"Flying Knee","floor":7},{"not_picked":["Expertise","Concentrate","Bane"],"picked":"Blur","floor":11},{"not_picked":["Slice","Tactician","Reflex"],"picked":"Backstab","floor":12},{"not_picked":["Quick Slash","Leg Sweep","Predator"],"picked":"Blade Dance","floor":14},{"not_picked":["Corpse Explosion","Storm of Steel","Wraith Form v2"],"picked":"After Image","floor":16},{"not_picked":["Dagger Throw"],"picked":"Flechettes","floor":18},{"not_picked":["Bane+1"],"picked":"Footwork","floor":19},{"not_picked":["Dagger Spray"],"picked":"Deadly Poison+1","floor":21},{"not_picked":["Distraction+1"],"picked":"Cloak And Dagger","floor":22},{"not_picked":["Flying Knee+1"],"picked":"Footwork+1","floor":28},{"not_picked":["Riddle With Holes"],"picked":"Flying Knee","floor":29},{"not_picked":["Terror"],"picked":"Accuracy+1","floor":30},{"not_picked":["PiercingWail+1"],"picked":"Outmaneuver","floor":31},{"not_picked":["Bullet Time"],"picked":"Corpse Explosion","floor":33},{"not_picked":["PiercingWail+1"],"picked":"Bane+1","floor":35},{"not_picked":["Blade Dance"],"picked":"Infinite Blades","floor":36},{"not_picked":["Underhanded Strike+1"],"picked":"Noxious Fumes+1","floor":41},{"not_picked":["Backstab+1"],"picked":"Caltrops","floor":42},{"not_picked":["Expertise"],"picked":"After Image","floor":44},{"not_picked":["Underhanded Strike"],"picked":"Cloak And Dagger","floor":45},{"not_picked":["Riddle With Holes"],"picked":"Bane","floor":47},{"not_picked":["Terror+1"],"picked":"Caltrops","floor":48},{"not_picked":["Endless Agony"],"picked":"Bane","floor":49}],"player_experience":388183,"relics_obtained":[{"floor":7,"key":"Letter Opener"},{"floor":9,"key":"Question Card"},{"floor":26,"key":"War Paint"},{"floor":43,"key":"Smiling Mask"}],"event_choices":[{"event_name":"Shining Light","player_choice":"Entered Light","floor":6,"damage_taken":0},{"event_name":"Addict","player_choice":"Obtained Relic","floor":20,"damage_taken":0},{"event_name":"The Mausoleum","player_choice":"Yes","floor":27,"damage_taken":0},{"event_name":"Winding Halls","player_choice":"Embrace Madness","floor":38,"damage_taken":0},{"event_name":"Tomb of Lord Red Mask","player_choice":"Paid","floor":39,"damage_taken":0}],"is_beta":false,"boss_relics":[{"not_picked":["Runic Dome","Coffee Dripper"],"picked":"Busted Crown"},{"not_picked":["Astrolabe","Tiny House"],"picked":"Sozu"}],"items_purged_floors":[37],"is_endless":false,"potions_floor_spawned":[1,3,5,7,12,16,19,28,29,31,36,41,44],"ascension_level":3}