{"gold_per_floor":[110,125,300,300,310,345,40,67,92,92,92,20,20,20,20,118,118,130,145,145,165,165],"floor_reached":22,"playtime":1157,"items_purged":[],"score":240,"play_id":"100ee3a4-0025-4900-9df6-291ee4f25cf7","local_time":"20190127200251","is_ascension_mode":true,"campfire_choices":[{"floor":10,"key":"REST"},{"floor":13,"key":"REST"},{"floor":15,"key":"REST"}],"neow_cost":"NONE","seed_source_timestamp":402493997250827,"circlet_count":0,"master_deck":["Defend_G","Defend_G","Defend_G","Defend_G","Defend_G","Strike_G","Strike_G","Strike_G","Strike_G","Survivor","Neutralize","Blade Dance","Caltrops","Doubt","Backstab","Backflip","Dagger Spray","Footwork","Blade Dance","Caltrops","Venomology","Acrobatics","Dagger Spray","Sucker Punch"],"relics":["Fusion Hammer","PreservedInsect","Ninja Scroll","Orichalcum","Regal Pillow","WristBlade","FaceOfCleric"],"potions_floor_usage":[18,22],"damage_taken":[{"damage":1,"enemies":"Small Slimes","floor":1,"turns":4},{"damage":1,"enemies":"Jaw Worm","floor":2,"turns":5},{"damage":10,"enemies":"2 Louse","floor":5,"turns":3},{"damage":27,"enemies":"3 Sentries","floor":6,"turns":10},{"damage":10,"enemies":"Gremlin Nob","floor":8,"turns":3},{"damage":45,"enemies":"Hexaghost","floor":16,"turns":13},{"damage":0,"enemies":"3 Byrds","floor":18,"turns":4},{"damage":0,"enemies":"Spheric Guardian","floor":19,"turns":3},{"damage":53,"enemies":"Cultist and Chosen","floor":21,"turns":6},{"damage":28,"enemies":"3 Cultists","floor":22,"turns":5}],"seed_played":"8243810152629258942","potions_obtained":[{"floor":1,"key":"SteroidPotion"},{"floor":2,"key":"Ancient Potion"},{"floor":6,"key":"EssenceOfSteel"},{"floor":16,"key":"FairyPotion"}],"is_trial":false,"path_per_floor":["M","M","?","?","M","E","$","E","T","R","?","$","R","$","R","B",null,"M","M","?","M","M"],"character_chosen":"THE_SILENT","items_purchased":["Ninja Scroll","Dagger Spray","Caltrops"],"campfire_rested":3,"item_purchase_floors":[7,7,12],"current_hp_per_floor":[69,68,68,68,58,31,31,21,21,57,57,57,70,70,70,25,59,59,59,59,7,0],"gold":165,"neow_bonus":"BOSS_RELIC","is_prod":false,"is_daily":false,"chose_seed":false,"campfire_upgraded":0,"win_rate":0,"timestamp":1548640971,"path_taken":["M","M","?","?","?","E","$","E","T","R","?","$","R","$","R","BOSS","M","M","?","M","M"],"build_version":"2019-01-23","purchased_purges":0,"victory":false,"max_hp_per_floor":[70,70,70,70,70,70,70,70,70,70,70,70,70,70,70,70,70,70,70,70,71,71],"card_choices":[{"not_picked":["Terror","Eviscerate"],"picked":"Blade Dance","floor":1},{"not_picked":["Bane","Flying Knee"],"picked":"Caltrops","floor":2},{"not_picked":["Skewer","Dagger Throw"],"picked":"Backstab","floor":5},{"not_picked":["Doppelganger","PiercingWail"],"picked":"Backflip","floor":6},{"not_picked":["Acrobatics","Slice"],"picked":"Footwork","floor":8},{"not_picked":["Grand Finale","Envenom"],"picked":"Venomology","floor":16},{"not_picked":["Noxious Fumes","Expertise"],"picked":"Acrobatics","floor":18},{"not_picked":["Sucker Punch+1","Backflip"],"picked":"Dagger Spray","floor":19},{"not_picked":["Poisoned Stab","Dagger Throw"],"picked":"Sucker Punch","floor":21}],"player_experience":729176,"relics_obtained":[{"floor":6,"key":"PreservedInsect"},{"floor":8,"key":"Orichalcum"},{"floor":9,"key":"Regal Pillow"}],"event_choices":[{"damage_healed":0,"gold_gain":175,"player_choice":"AGREE","damage_taken":0,"max_hp_gain":0,"max_hp_loss":0,"event_name":"Liars Game","floor":3,"gold_loss":0,"cards_obtained":["Doubt"]},{"damage_healed":0,"gold_gain":0,"player_choice":"Leave","damage_taken":0,"max_hp_gain":0,"max_hp_loss":0,"event_name":"The Cleric","floor":4,"gold_loss":0},{"damage_healed":0,"gold_gain":0,"cards_transformed":["Strike_G"],"player_choice":"Change","damage_taken":0,"max_hp_gain":0,"max_hp_loss":0,"event_name":"Living Wall","floor":11,"gold_loss":0,"cards_obtained":["Blade Dance"]},{"damage_healed":0,"gold_gain":0,"player_choice":"Trade","damage_taken":0,"relics_obtained":["FaceOfCleric"],"max_hp_gain":0,"max_hp_loss":0,"event_name":"FaceTrader","floor":20,"gold_loss":0}],"is_beta":false,"boss_relics":[{"not_picked":["Velvet Choker","Philosopher\u0027s Stone"],"picked":"WristBlade"}],"items_purged_floors":[],"is_endless":false,"potions_floor_spawned":[1,2,6,16,18],"killed_by":"3 Cultists","ascension_level":5}