{"gold_per_floor":[214,231,231,28,28,59,59,87,87,105,105,124,149,165,165,266,266,276,276,6,6,19,47,67,67,67,67,79,98,126,145,145,249,249,264,275,275,286,304,304,317,352,429,456,456,473,473,30,30,30],"floor_reached":51,"playtime":4331,"items_purged":["Writhe","Strike_B"],"score":1254,"play_id":"7b975d0f-02c8-461e-803a-64a2b99a00c3","local_time":"20180809000333","is_ascension_mode":true,"campfire_choices":[{"floor":7,"key":"REST"},{"floor":11,"key":"REST"},{"data":"Zap","floor":15,"key":"SMITH"},{"data":"Loop","floor":25,"key":"SMITH"},{"data":"Electrodynamics","floor":27,"key":"SMITH"},{"floor":32,"key":"REST"},{"data":"Seek","floor":40,"key":"SMITH"},{"floor":47,"key":"REST"},{"floor":49,"key":"REST"}],"neow_cost":"NONE","seed_source_timestamp":1422505290843999,"circlet_count":0,"master_deck":["Strike_B","Strike_B","Defend_B","Defend_B","Defend_B","Defend_B","Zap+1","Dualcast","AscendersBane","Sweeping Beam+1","Rip and Tear+1","Compile Driver+1","Electrodynamics+1","Go for the Eyes+1","Auto Shields","Ball Lightning+1","Conserve Battery","Cold Snap+1","Electrodynamics","Go for the Eyes+1","Tempest","FTL+1","Loop+1","Barrage+1","Auto Shields","Echo Form","Conserve Battery+1","Leap+1","Seek+1","Defragment+1","BootSequence+1","Thunder Strike+1","BootSequence+1","Undo","FTL+1"],"relics":["Cracked Core","Molten Egg 2","DataDisk","Bronze Scales","Pantograph","Bottled Tornado","Mummified Hand","Velvet Choker","Vajra","Runic Capacitor","Oddly Smooth Stone","Torii","Whetstone","Incense Burner","Tiny Chest","Centennial Puzzle","Art of War"],"potions_floor_usage":[6,23,28,33,33,39,42,44,50,50],"damage_taken":[{"damage":11,"enemies":"Small Slimes","floor":1,"turns":5},{"damage":6,"enemies":"Cultist","floor":2,"turns":3},{"damage":17,"enemies":"3 Sentries","floor":6,"turns":6},{"damage":20,"enemies":"Lagavulin","floor":8,"turns":6},{"damage":0,"enemies":"2 Louse","floor":10,"turns":1},{"damage":0,"enemies":"2 Fungi Beasts","floor":12,"turns":2},{"damage":12,"enemies":"Gremlin Nob","floor":13,"turns":3},{"damage":0,"enemies":"Exordium Thugs","floor":14,"turns":2},{"damage":0,"enemies":"Slime Boss","floor":16,"turns":5},{"damage":0,"enemies":"Spheric Guardian","floor":18,"turns":3},{"damage":4,"enemies":"2 Thieves","floor":22,"turns":2},{"damage":0,"enemies":"Gremlin Leader","floor":23,"turns":4},{"damage":6,"enemies":"Centurion and Healer","floor":24,"turns":3},{"damage":6,"enemies":"Snake Plant","floor":28,"turns":3},{"damage":2,"enemies":"Chosen and Byrds","floor":29,"turns":3},{"damage":15,"enemies":"Book of Stabbing","floor":30,"turns":4},{"damage":14,"enemies":"Centurion and Healer","floor":31,"turns":2},{"damage":25,"enemies":"Collector","floor":33,"turns":6},{"damage":14,"enemies":"Orb Walker","floor":35,"turns":3},{"damage":13,"enemies":"3 Darklings","floor":36,"turns":2},{"damage":1,"enemies":"Transient","floor":38,"turns":5},{"damage":16,"enemies":"Maw","floor":39,"turns":6},{"damage":10,"enemies":"Spire Growth","floor":41,"turns":3},{"damage":36,"enemies":"Giant Head","floor":42,"turns":7},{"damage":0,"enemies":"2 Orb Walkers","floor":44,"turns":3},{"damage":0,"enemies":"Transient","floor":46,"turns":5},{"damage":4,"enemies":"Awakened One","floor":50,"turns":8}],"seed_played":"-3245522990013325983","potions_obtained":[{"floor":2,"key":"Fire Potion"},{"floor":8,"key":"Poison Potion"},{"floor":12,"key":"Weak Potion"},{"floor":14,"key":"AttackPotion"},{"floor":16,"key":"EssenceOfSteel"},{"floor":24,"key":"Ancient Potion"},{"floor":28,"key":"FearPotion"},{"floor":36,"key":"SkillPotion"},{"floor":41,"key":"SteroidPotion"},{"floor":42,"key":"GamblersBrew"},{"floor":44,"key":"Dexterity Potion"},{"floor":46,"key":"AttackPotion"}],"is_trial":false,"path_per_floor":["M","M","?","$","?","E","R","E","T","M","R","M","E","M","R","B",null,"M","?","$","?","M","E","M","R","T","R","M","M","E","M","R","B",null,"M","M","?","M","M","R","M","E","T","E","?","M","R","$","R","B"],"character_chosen":"DEFECT","items_purchased":["DataDisk","Compile Driver+1","Runic Capacitor","Undo","Block Potion","Art of War","FTL+1"],"campfire_rested":5,"item_purchase_floors":[4,4,20,48,48,48,48],"current_hp_per_floor":[57,51,51,51,44,27,49,29,29,29,51,51,39,39,39,64,72,72,72,72,72,68,68,62,62,62,62,56,54,39,25,47,47,68,54,41,75,74,58,58,48,12,12,12,12,12,34,34,56,71],"gold":30,"neow_bonus":"HUNDRED_GOLD","is_prod":false,"is_daily":false,"chose_seed":false,"campfire_upgraded":4,"win_rate":0,"timestamp":1533798213,"path_taken":["M","M","?","$","?","E","R","E","T","M","R","?","E","M","R","BOSS","M","?","$","?","M","E","M","R","T","R","M","M","E","M","R","BOSS","M","M","?","M","M","R","M","E","T","E","?","M","R","$","R","BOSS"],"build_version":"2018-08-02","purchased_purges":2,"victory":true,"max_hp_per_floor":[75,75,75,75,75,75,75,75,75,75,75,75,75,75,75,75,75,75,75,75,75,75,75,75,75,75,75,75,75,75,75,75,75,75,75,75,75,75,75,75,75,75,75,75,75,75,75,75,75,75],"card_choices":[{"not_picked":["Hologram","Conserve Battery"],"picked":"Sweeping Beam","floor":1},{"not_picked":["Consume","Compile Driver"],"picked":"Rip and Tear","floor":2},{"not_picked":["Streamline+1","Redo"],"picked":"Electrodynamics","floor":6},{"not_picked":["Blizzard+1","Recycle"],"picked":"Go for the Eyes+1","floor":8},{"not_picked":["Aggregate","Go for the Eyes+1"],"picked":"Auto Shields","floor":10},{"not_picked":["White Noise","Conserve Battery"],"picked":"Ball Lightning+1","floor":12},{"not_picked":["Reinforced Body","Coolheaded"],"picked":"Conserve Battery","floor":13},{"not_picked":["Coolheaded","Double Energy"],"picked":"Cold Snap+1","floor":14},{"not_picked":["Hyperbeam+1","Buffer"],"picked":"Electrodynamics","floor":16},{"not_picked":["Redo","Ball Lightning+1"],"picked":"Go for the Eyes+1","floor":18},{"not_picked":["Hyperbeam+1","Recycle"],"picked":"Tempest","floor":22},{"not_picked":["Coolheaded","White Noise"],"picked":"FTL+1","floor":23},{"not_picked":["Beam Cell+1","Hologram"],"picked":"Loop","floor":24},{"not_picked":["Scrape+1","Hello World","Chaos"],"picked":"SKIP","floor":28},{"not_picked":["Double Energy","Rebound+1"],"picked":"Barrage+1","floor":29},{"not_picked":["Coolheaded","Hologram"],"picked":"Auto Shields","floor":30},{"not_picked":["Beam Cell+1","Coolheaded"],"picked":"Loop","floor":31},{"not_picked":["Seek","All For One+1"],"picked":"Echo Form","floor":33},{"not_picked":["Sweeping Beam+1","Rebound+1"],"picked":"Conserve Battery+1","floor":35},{"not_picked":["Compile Driver+1","Ball Lightning+1"],"picked":"Leap+1","floor":36},{"not_picked":["Barrage+1","Tempest"],"picked":"Seek","floor":38},{"not_picked":["Blizzard+1","Coolheaded"],"picked":"Defragment+1","floor":39},{"not_picked":["Hello World","Doom and Gloom+1"],"picked":"BootSequence+1","floor":41},{"not_picked":["Static Discharge","Tempest"],"picked":"Thunder Strike+1","floor":42},{"not_picked":["Blizzard+1","Barrage+1"],"picked":"BootSequence+1","floor":44},{"not_picked":["Streamline+1","Ball Lightning+1","Redo+1"],"picked":"SKIP","floor":46}],"player_experience":387568,"relics_obtained":[{"floor":6,"key":"Bronze Scales"},{"floor":8,"key":"Pantograph"},{"floor":9,"key":"Bottled Tornado"},{"floor":13,"key":"Mummified Hand"},{"floor":23,"key":"Oddly Smooth Stone"},{"floor":26,"key":"Torii"},{"floor":30,"key":"Whetstone"},{"floor":42,"key":"Incense Burner"},{"floor":43,"key":"Tiny Chest"},{"floor":44,"key":"Centennial Puzzle"}],"event_choices":[{"event_name":"Wheel of Change","player_choice":"Relic","floor":3,"damage_taken":0},{"event_name":"Golden Wing","player_choice":"Card Removal","floor":5,"damage_taken":0},{"event_name":"The Mausoleum","player_choice":"Yes","floor":19,"damage_taken":0},{"event_name":"Ghosts","player_choice":"Ignored","floor":21,"damage_taken":0},{"event_name":"Bonfire Elementals","player_choice":"UNCOMMON","floor":37,"damage_taken":0},{"event_name":"Tomb of Lord Red Mask","player_choice":"Ignored","floor":45,"damage_taken":0}],"is_beta":false,"boss_relics":[{"not_picked":["White Beast Statue","Ectoplasm"],"picked":"Velvet Choker"},{"not_picked":["Coffee Dripper","Philosopher\u0027s Stone","Calling Bell"]}],"items_purged_floors":[20,48],"is_endless":false,"potions_floor_spawned":[2,8,12,14,16,24,28,36,41,42,44,46],"ascension_level":10}