{"gold_per_floor":[114,132,152,3,22,48,48,60,60,95,106,106],"floor_reached":12,"playtime":737,"items_purged":[],"score":92,"play_id":"e7d85b49-7aa3-4671-972a-d0c2e2474f44","local_time":"20180707122430","is_ascension_mode":false,"campfire_choices":[{"floor":7,"key":"REST"}],"neow_cost":"NONE","seed_source_timestamp":67816014553063,"circlet_count":0,"master_deck":["Defend_G","Defend_G","Defend_G","Defend_G","Defend_G","Strike_G","Strike_G","Strike_G","Strike_G","Strike_G","Survivor","Neutralize","Skewer","Deadly Poison","Calculated Gamble","Cloak And Dagger","Outmaneuver","Catalyst","Calculated Gamble","Tools of the Trade","Infinite Blades"],"relics":["Ring of the Snake","Snake Skull","Juzu Bracelet","Toxic Egg 2","Du-Vu Doll"],"potions_floor_usage":[6],"damage_taken":[{"damage":4,"enemies":"Cultist","floor":1,"turns":4},{"damage":0,"enemies":"2 Louse","floor":2,"turns":3},{"damage":3,"enemies":"Jaw Worm","floor":3,"turns":4},{"damage":3,"enemies":"2 Fungi Beasts","floor":5,"turns":5},{"damage":47,"enemies":"Gremlin Nob","floor":6,"turns":5},{"damage":0,"enemies":"Large Slime","floor":8,"turns":7},{"damage":19,"enemies":"Lagavulin","floor":10,"turns":7},{"damage":14,"enemies":"Exordium Thugs","floor":11,"turns":7},{"damage":1,"enemies":"Exordium Wildlife","floor":12,"turns":1}],"seed_played":"6744348126952131054","potions_obtained":[{"floor":1,"key":"SpeedPotion"},{"floor":5,"key":"Explosive Potion"}],"is_trial":false,"path_per_floor":["M","M","M","$","M","E","R","M","T","E","M"],"character_chosen":"THE_SILENT","items_purchased":["Snake Skull"],"campfire_rested":1,"item_purchase_floors":[4],"current_hp_per_floor":[66,66,63,63,60,13,34,34,34,15,1,0],"gold":106,"neow_bonus":"THREE_CARDS","is_prod":false,"is_daily":false,"chose_seed":false,"campfire_upgraded":0,"win_rate":0,"timestamp":1530984270,"path_taken":["M","M","M","$","?","E","R","M","T","E","M","M"],"build_version":"2018-07-05","purchased_purges":0,"victory":false,"max_hp_per_floor":[70,70,70,70,70,70,70,70,70,70,70,70],"card_choices":[{"not_picked":["Flying Knee","Backflip"],"picked":"Skewer","floor":0},{"not_picked":["Crippling Poison","Reflex"],"picked":"Deadly Poison","floor":1},{"not_picked":["Masterful Stab","Dagger Throw"],"picked":"Calculated Gamble","floor":2},{"not_picked":["Dagger Throw","Leg Sweep"],"picked":"Cloak And Dagger","floor":3},{"not_picked":["Distraction","Eviscerate"],"picked":"Outmaneuver","floor":5},{"not_picked":["Caltrops","Cloak And Dagger"],"picked":"Catalyst","floor":6},{"not_picked":["Masterful Stab","Dagger Throw"],"picked":"Calculated Gamble","floor":8},{"not_picked":["Dagger Spray","Acrobatics+1"],"picked":"Tools of the Trade","floor":10},{"not_picked":["Masterful Stab","Underhanded Strike"],"picked":"Infinite Blades","floor":11}],"player_experience":138519,"relics_obtained":[{"floor":6,"key":"Juzu Bracelet"},{"floor":9,"key":"Toxic Egg 2"},{"floor":10,"key":"Du-Vu Doll"}],"event_choices":[],"boss_relics":[],"items_purged_floors":[],"is_endless":false,"potions_floor_spawned":[1,5],"killed_by":"Exordium Wildlife","ascension_level":0}