{"gold_per_floor":[359,379,36,36,36,63,63,63,63,80,80,93,93,108,108,185,185,185],"floor_reached":18,"playtime":723,"items_purged":["Doubt"],"score":264,"play_id":"1a200815-910b-4d36-80d6-fe9086bf98eb","local_time":"20180815152415","is_ascension_mode":true,"campfire_choices":[{"floor":7.0,"key":"REST"},{"data":"Sunder","floor":13,"key":"SMITH"},{"data":"Capacitor","floor":15,"key":"SMITH"}],"neow_cost":"CURSE","seed_source_timestamp":1999744970521249,"circlet_count":0,"master_deck":["Strike_B","Strike_B+1","Strike_B","Defend_B","Defend_B+1","Defend_B","Defend_B","Zap","Dualcast","AscendersBane","FTL","Self Repair+1","FTL","Go for the Eyes+1","Sunder+1","Capacitor+1","Steam","Seek"],"special_seed":0,"relics":["Cracked Core","Runic Capacitor","Whetstone","Bottled Tornado","Philosopher\u0027s Stone"],"potions_floor_usage":[16,16],"damage_taken":[{"damage":6.0,"enemies":"Cultist","floor":1.0,"turns":4.0},{"damage":0.0,"enemies":"2 Louse","floor":2.0,"turns":2.0},{"damage":45.0,"enemies":"3 Sentries","floor":6.0,"turns":8.0},{"damage":0,"enemies":"Small Slimes","floor":10,"turns":2},{"damage":1,"enemies":"Looter","floor":12,"turns":4},{"damage":9,"enemies":"Exordium Wildlife","floor":14,"turns":3},{"damage":38,"enemies":"Hexaghost","floor":16,"turns":10},{"damage":67,"enemies":"3 Byrds","floor":18,"turns":3}],"seed_played":"-6134728234679324049","potions_obtained":[{"floor":2.0,"key":"Dexterity Potion"},{"floor":6.0,"key":"AttackPotion"},{"floor":14,"key":"Block Potion"},{"floor":16,"key":"FocusPotion"}],"is_trial":false,"path_per_floor":["M","M","$","$","?","E","R","?","T","M","?","M","R","M","R","B",null],"character_chosen":"DEFECT","items_purchased":["Runic Capacitor","FTL"],"campfire_rested":1,"item_purchase_floors":[3,3],"current_hp_per_floor":[62,62,62,62,55,17,39,64,64,71,56,65,65,66,66,38,66,0],"gold":185,"neow_bonus":"TWO_FIFTY_GOLD","is_prod":false,"is_daily":false,"chose_seed":false,"campfire_upgraded":2,"win_rate":0,"timestamp":1534371855,"path_taken":["M","M","?","$","?","E","R","?","T","M","?","M","R","M","R","BOSS","M"],"build_version":"2018-08-09","purchased_purges":1,"victory":false,"max_hp_per_floor":[75,75,75,75,75,75,75,75,75,75,75,75,75,75,75,75,75,75],"card_choices":[{"not_picked":["Conserve Battery","Turbo"],"picked":"FTL","floor":1.0},{"not_picked":["Gash","Undo"],"picked":"Self Repair","floor":2.0},{"not_picked":["Compile Driver","Lockon"],"picked":"Go for the Eyes","floor":6.0},{"not_picked":["Compile Driver","Gash"],"picked":"Sunder","floor":10},{"not_picked":["Coolheaded","Hologram"],"picked":"Capacitor","floor":12},{"not_picked":["Chill","Stack"],"picked":"Steam","floor":14},{"not_picked":["Buffer","Creative AI"],"picked":"Seek","floor":16}],"player_experience":466976,"relics_obtained":[{"floor":6.0,"key":"Whetstone"},{"floor":9.0,"key":"Bottled Tornado"}],"event_choices":[{"event_name":"Golden Wing","player_choice":"Card Removal","floor":5.0,"damage_taken":0.0},{"event_name":"Big Fish","player_choice":"Banana","floor":8.0,"damage_taken":0.0},{"event_name":"Shining Light","player_choice":"Entered Light","floor":11,"damage_taken":0}],"is_beta":false,"boss_relics":[{"not_picked":["Black Star","Astrolabe"],"picked":"Philosopher\u0027s Stone"}],"items_purged_floors":[3],"is_endless":false,"potions_floor_spawned":[2,6,14,16],"killed_by":"3 Byrds","ascension_level":13}