{"gold_per_floor":[114,129,145,165,177,210,210,241,264,264,27,46,21,51,63,146,158,189,217,245,306,330,342,387,411,423,435,481,493,515,540,552,641,653,680,712,724,736,638,650,697,722,734,33,64,64,82,94,94,94,94],"floor_reached":51,"playtime":4311,"items_purged":["Strike_R"],"score":1617,"play_id":"a698230e-916c-4bbc-baf5-6b9de0399f38","local_time":"20190413232119","is_ascension_mode":true,"campfire_choices":[{"data":"Clothesline","floor":7.0,"key":"SMITH"},{"floor":10.0,"key":"REST"},{"data":"Bludgeon","floor":15.0,"key":"SMITH"},{"data":"Armaments","floor":23.0,"key":"SMITH"},{"data":"Flame Barrier","floor":27.0,"key":"SMITH"},{"data":"Flame Barrier","floor":32.0,"key":"SMITH"},{"data":"Fiend Fire","floor":40,"key":"SMITH"},{"data":"Juggernaut","floor":46,"key":"SMITH"},{"floor":49,"key":"REST"}],"neow_cost":"NONE","seed_source_timestamp":0,"circlet_count":0,"master_deck":["AscendersBane","Strike_R","Strike_R","Strike_R","Defend_R","Defend_R+1","Defend_R","Defend_R","Bash+1","Iron Wave","Flame Barrier+1","Clothesline+1","Flame Barrier+1","Havoc","Shrug It Off","Bludgeon+1","Feel No Pain","Fiend Fire+1","Dark Embrace","Armaments+1","Flame Barrier+1","Clothesline","Fiend Fire+1","Metallicize+1","Sentinel","Impervious","Clothesline","Feel No Pain","Sentinel","Whirlwind","Juggernaut+1","Uppercut+1","Uppercut"],"special_seed":0,"relics":["Burning Blood","Happy Flower","Smiling Mask","Oddly Smooth Stone","Strawberry","MawBank","Snecko Eye","Regal Pillow","Bag of Marbles","Anchor","Juzu Bracelet","Velvet Choker","Red Skull","Torii","Pear","Unceasing Top","Centennial Puzzle"],"potions_floor_usage":[41,45,50,50,50,51],"damage_taken":[{"damage":7.0,"enemies":"Cultist","floor":1.0,"turns":4.0},{"damage":4.0,"enemies":"2 Louse","floor":2.0,"turns":3.0},{"damage":7.0,"enemies":"Small Slimes","floor":3.0,"turns":5.0},{"damage":2.0,"enemies":"Red Slaver","floor":4.0,"turns":4.0},{"damage":0.0,"enemies":"3 Louse","floor":5.0,"turns":2.0},{"damage":33.0,"enemies":"Gremlin Nob","floor":6.0,"turns":5.0},{"damage":34.0,"enemies":"Lagavulin","floor":8.0,"turns":7.0},{"damage":2.0,"enemies":"Large Slime","floor":12.0,"turns":7.0},{"damage":6.0,"enemies":"3 Sentries","floor":14.0,"turns":9.0},{"damage":0.0,"enemies":"The Guardian","floor":16.0,"turns":12.0},{"damage":0.0,"enemies":"Shell Parasite","floor":18.0,"turns":3.0},{"damage":5.0,"enemies":"3 Byrds","floor":19.0,"turns":4.0},{"damage":6.0,"enemies":"Shelled Parasite and Fungi","floor":20.0,"turns":4.0},{"damage":0.0,"enemies":"Cultist and Chosen","floor":22.0,"turns":4.0},{"damage":19.0,"enemies":"Slavers","floor":24.0,"turns":4.0},{"damage":6.0,"enemies":"Sentry and Sphere","floor":25.0,"turns":4.0},{"damage":8.0,"enemies":"Book of Stabbing","floor":28.0,"turns":3.0},{"damage":0.0,"enemies":"Snecko","floor":30.0,"turns":3.0},{"damage":0.0,"enemies":"Snake Plant","floor":31.0,"turns":1.0},{"damage":73.0,"enemies":"Champ","floor":33.0,"turns":16.0},{"damage":0,"enemies":"3 Darklings","floor":35,"turns":4},{"damage":0,"enemies":"Orb Walker","floor":36,"turns":3},{"damage":27,"enemies":"Reptomancer","floor":41,"turns":9},{"damage":11,"enemies":"Writhing Mass","floor":42,"turns":5},{"damage":0,"enemies":"Nemesis","floor":45,"turns":3},{"damage":63,"enemies":"Sphere and 2 Shapes","floor":47,"turns":4},{"damage":0,"enemies":"3 Darklings","floor":48,"turns":4},{"damage":41,"enemies":"Donu and Deca","floor":50,"turns":9},{"damage":24,"enemies":"Time Eater","floor":51,"turns":3}],"seed_played":"1785786570612593088","potions_obtained":[{"floor":2.0,"key":"Ancient Potion"},{"floor":3.0,"key":"Dexterity Potion"},{"floor":4.0,"key":"Explosive Potion"},{"floor":8.0,"key":"AttackPotion"},{"floor":18.0,"key":"Poison Potion"},{"floor":19.0,"key":"Poison Potion"},{"floor":25.0,"key":"Dexterity Potion"},{"floor":30.0,"key":"SmokeBomb"},{"floor":33.0,"key":"Swift Potion"},{"floor":35,"key":"EntropicBrew"},{"floor":36,"key":"Block Potion"},{"floor":41,"key":"AttackPotion"},{"floor":45,"key":"Weak Potion"}],"is_trial":false,"path_per_floor":["M","M","M","M","M","E","R","E","T","R","$","M","$","E","R","B",null,"M","M","M","T","M","R","E","M","T","R","E","$","M","M","R","B",null,"M","M","?","?","?","R","E","M","T","$","E","R","M","M","R","B","B"],"character_chosen":"IRONCLAD","items_purchased":["Bludgeon","Strawberry","True Grit","Pear","Unceasing Top","Whirlwind"],"campfire_rested":2,"item_purchase_floors":[11,11,13,44,44,44],"current_hp_per_floor":[67,69,68,72,75,48,48,20,20,42,49,53,53,53,53,59,76,82,82,82,82,82,82,69,69,69,69,67,67,73,79,79,12,65,71,77,77,77,77,77,56,51,51,61,67,67,10,16,58,23,0],"gold":94,"neow_bonus":"UPGRADE_CARD","is_prod":false,"is_daily":false,"chose_seed":false,"campfire_upgraded":7,"win_rate":0,"timestamp":1555212079,"path_taken":["M","M","M","M","M","E","R","E","T","R","$","M","$","E","R","BOSS","M","?","M","?","M","R","E","M","T","R","E","$","M","M","R","BOSS","M","M","?","?","?","R","E","M","T","$","E","R","M","M","R","BOSS","BOSS"],"build_version":"2019-01-23","purchased_purges":1,"victory":false,"max_hp_per_floor":[75,75,75,75,75,75,75,75,75,75,82,82,82,82,82,82,82,82,82,82,82,82,82,82,82,82,82,82,82,82,82,82,82,82,82,82,82,82,82,82,82,82,82,92,92,92,92,92,92,92,92],"card_choices":[{"not_picked":["Body Slam","Seeing Red"],"picked":"Iron Wave","floor":1.0},{"not_picked":["Feel No Pain","Cleave"],"picked":"Flame Barrier","floor":2.0},{"not_picked":["Ghostly Armor","Headbutt"],"picked":"Clothesline","floor":3.0},{"not_picked":["Anger","Heavy Blade"],"picked":"Flame Barrier","floor":4.0},{"not_picked":["True Grit","Clash","Body Slam"],"picked":"SKIP","floor":5.0},{"not_picked":["Heavy Blade","Berserk"],"picked":"Havoc","floor":6.0},{"not_picked":["Burning Pact","Power Through"],"picked":"Shrug It Off","floor":8.0},{"not_picked":["Warcry","Heavy Blade"],"picked":"Feel No Pain","floor":12.0},{"not_picked":["Intimidate","Perfected Strike"],"picked":"Fiend Fire","floor":14.0},{"not_picked":["Bludgeon","Exhume"],"picked":"Dark Embrace","floor":16.0},{"not_picked":["Warcry","Searing Blow"],"picked":"Armaments","floor":18.0},{"not_picked":["Sword Boomerang","Anger"],"picked":"Flame Barrier+1","floor":19.0},{"not_picked":["Seeing Red","Thunderclap","Anger"],"picked":"SKIP","floor":20.0},{"not_picked":["True Grit","Body Slam"],"picked":"Clothesline","floor":22.0},{"not_picked":["Havoc","True Grit"],"picked":"Fiend Fire","floor":24.0},{"not_picked":["Heavy Blade","True Grit+1","Clash"],"picked":"SKIP","floor":25.0},{"not_picked":["Warcry","Flex","Cleave"],"picked":"SKIP","floor":28.0},{"not_picked":["Warcry","Flex","Cleave"],"picked":"SKIP","floor":28.0},{"not_picked":["Pommel Strike","Body Slam"],"picked":"Metallicize+1","floor":30.0},{"not_picked":["Offering","Reckless Charge"],"picked":"Sentinel","floor":31.0},{"not_picked":["Limit Break","Berserk"],"picked":"Impervious","floor":33.0},{"not_picked":["Warcry","Wild Strike"],"picked":"Clothesline","floor":35},{"not_picked":["Iron Wave+1","Clash"],"picked":"Feel No Pain","floor":36},{"not_picked":["Wild Strike+1","Dropkick","Sentinel"],"picked":"SKIP","floor":41},{"not_picked":["Wild Strike+1","Dropkick"],"picked":"Sentinel","floor":41},{"not_picked":["Pommel Strike","Burning Pact","Clash+1"],"picked":"SKIP","floor":42},{"not_picked":["Havoc+1","Thunderclap"],"picked":"Juggernaut","floor":45},{"not_picked":["Heavy Blade","Inflame"],"picked":"Uppercut+1","floor":47},{"not_picked":["Headbutt+1","Infernal Blade"],"picked":"Uppercut","floor":48}],"player_experience":858136,"relics_obtained":[{"floor":6.0,"key":"Happy Flower"},{"floor":8.0,"key":"Smiling Mask"},{"floor":9.0,"key":"Oddly Smooth Stone"},{"floor":14.0,"key":"MawBank"},{"floor":21.0,"key":"Regal Pillow"},{"floor":24.0,"key":"Bag of Marbles"},{"floor":26.0,"key":"Anchor"},{"floor":28.0,"key":"Juzu Bracelet"},{"floor":41,"key":"Red Skull"},{"floor":43,"key":"Torii"},{"floor":45,"key":"Centennial Puzzle"}],"event_choices":[{"damage_healed":0,"gold_gain":0,"player_choice":"Forge","damage_taken":0,"max_hp_gain":0,"max_hp_loss":0,"event_name":"Accursed Blacksmith","floor":37,"gold_loss":0,"cards_upgraded":["Fiend Fire"]},{"cards_removed":["True Grit"],"damage_healed":0,"gold_gain":0,"player_choice":"Removed Skill","damage_taken":0,"max_hp_gain":0,"max_hp_loss":0,"event_name":"Falling","floor":38,"gold_loss":0},{"cards_removed":["Strike_R"],"damage_healed":0,"gold_gain":0,"player_choice":"Upgrade and Remove","damage_taken":0,"max_hp_gain":0,"max_hp_loss":0,"event_name":"Designer","floor":39,"gold_loss":110,"cards_upgraded":["Defend_R"]}],"is_beta":false,"boss_relics":[{"not_picked":["Runic Cube","Tiny House"],"picked":"Snecko Eye"},{"not_picked":["Empty Cage","Astrolabe"],"picked":"Velvet Choker"}],"items_purged_floors":[44],"is_endless":false,"potions_floor_spawned":[2,3,4,8,18,19,20,25,30,33,35,36,41,45],"killed_by":"Time Eater","ascension_level":20}