{"gold_per_floor":[365,440,279,279,50,81,81,81,107,139,139,165,165,200,200,294,294,312,227,65,86,86],"floor_reached":22,"playtime":639,"items_purged":["Regret"],"score":391,"play_id":"f00c53e8-ad61-4577-9ea9-14e53c52b883","local_time":"20190411225111","is_ascension_mode":true,"campfire_choices":[{"floor":7.0,"key":"REST"},{"data":"Inflame","floor":11.0,"key":"SMITH"},{"data":"Evolve","floor":15.0,"key":"SMITH"}],"neow_cost":"CURSE","seed_source_timestamp":181869899337400,"circlet_count":0,"master_deck":["AscendersBane","Strike_R","Strike_R","Defend_R","Defend_R","Defend_R","Defend_R","Bash+1","Inflame+1","Iron Wave","Parasite","Pummel","Wild Strike","Evolve+1","Limit Break","Inflame+1","Exhume+1","Feel No Pain+1","Whirlwind","Sword Boomerang"],"special_seed":0,"relics":["Burning Blood","Sling","Unceasing Top","Happy Flower","Strawberry","Question Card","Golden Idol","Shuriken","Astrolabe","Omamori","Regal Pillow"],"potions_floor_usage":[16],"damage_taken":[{"damage":16.0,"enemies":"Cultist","floor":1.0,"turns":5.0},{"damage":32.0,"enemies":"Gremlin Nob","floor":6.0,"turns":4.0},{"damage":30.0,"enemies":"Lagavulin","floor":10.0,"turns":7.0},{"damage":20.0,"enemies":"Gremlin Nob","floor":12.0,"turns":4.0},{"damage":10.0,"enemies":"3 Sentries","floor":14.0,"turns":6.0},{"damage":25,"enemies":"Hexaghost","floor":16,"turns":9},{"damage":40,"enemies":"Shell Parasite","floor":18,"turns":4},{"damage":20,"enemies":"Chosen","floor":21,"turns":4},{"damage":21,"enemies":"Centurion and Healer","floor":22,"turns":2}],"seed_played":"-1533905386919451513","potions_obtained":[{"floor":6.0,"key":"EssenceOfSteel"},{"floor":12.0,"key":"Poison Potion"},{"floor":14.0,"key":"Explosive Potion"}],"is_trial":false,"path_per_floor":["M","?","$","?","$","E","R","?","T","E","R","E","?","E","R","B",null,"M","?","$","M","M"],"character_chosen":"IRONCLAD","items_purchased":["Inflame","Sling","Regal Pillow"],"campfire_rested":1,"item_purchase_floors":[3,5,20],"current_hp_per_floor":[58,47,47,47,47,21,43,61,61,44,44,30,30,26,26,7,57,23,23,23,9,0],"gold":86,"neow_bonus":"TWO_FIFTY_GOLD","is_prod":false,"is_daily":false,"chose_seed":false,"campfire_upgraded":2,"win_rate":0,"timestamp":1555048271,"path_taken":["M","?","$","?","$","E","R","?","T","E","R","E","?","E","R","BOSS","M","?","$","M","M"],"build_version":"2019-01-23","purchased_purges":1,"victory":false,"max_hp_per_floor":[75,75,75,75,75,75,75,75,75,82,82,82,74,74,74,74,74,74,74,74,74,74],"card_choices":[{"not_picked":["Warcry","Havoc","Cleave"],"picked":"SKIP","floor":1.0},{"not_picked":["Cleave","Brutality"],"picked":"Iron Wave","floor":6.0},{"not_picked":["Intimidate","Dual Wield"],"picked":"Pummel","floor":10.0},{"not_picked":["Berserk","Heavy Blade","Wild Strike"],"picked":"SKIP","floor":12.0},{"not_picked":["Berserk","Heavy Blade"],"picked":"Wild Strike","floor":12.0},{"not_picked":["Sword Boomerang","Blood for Blood","Cleave"],"picked":"Evolve","floor":14.0},{"not_picked":["Reaper","Exhume","Brutality"],"picked":"Limit Break","floor":16},{"not_picked":["Entrench","Shockwave","Havoc"],"picked":"Whirlwind","floor":18},{"not_picked":["Twin Strike","Warcry","Havoc"],"picked":"Sword Boomerang","floor":21}],"player_experience":532546,"relics_obtained":[{"floor":6.0,"key":"Unceasing Top"},{"floor":9.0,"key":"Happy Flower"},{"floor":10.0,"key":"Strawberry"},{"floor":12.0,"key":"Question Card"},{"floor":14.0,"key":"Shuriken"}],"event_choices":[{"damage_healed":0.0,"max_hp_gain":0.0,"max_hp_loss":0.0,"gold_gain":75.0,"event_name":"World of Goop","player_choice":"Gather Gold","floor":2.0,"gold_loss":0.0,"damage_taken":11.0},{"damage_healed":0.0,"max_hp_gain":0.0,"max_hp_loss":0.0,"gold_gain":0.0,"event_name":"Living Wall","player_choice":"Grow","floor":4.0,"gold_loss":0.0,"damage_taken":0.0,"cards_upgraded":["Bash"]},{"damage_healed":18.0,"max_hp_gain":0.0,"max_hp_loss":0.0,"gold_gain":0.0,"event_name":"Mushrooms","player_choice":"Healed and dodged fight","floor":8.0,"gold_loss":0.0,"damage_taken":0.0,"cards_obtained":["Parasite"]},{"damage_healed":0.0,"max_hp_gain":0.0,"max_hp_loss":8.0,"gold_gain":0.0,"event_name":"Golden Idol","player_choice":"Lose Max HP","floor":13.0,"gold_loss":0.0,"damage_taken":0.0,"relics_obtained":["Golden Idol"]},{"damage_healed":0,"gold_gain":0,"player_choice":"Obtained Relic","damage_taken":0,"relics_obtained":["Omamori"],"max_hp_gain":0,"max_hp_loss":0,"event_name":"Addict","floor":19,"gold_loss":85}],"is_beta":false,"boss_relics":[{"not_picked":["Fusion Hammer","Calling Bell"],"picked":"Astrolabe"}],"items_purged_floors":[3],"is_endless":false,"potions_floor_spawned":[6,12,14],"killed_by":"Centurion and Healer","ascension_level":18}