{"gold_per_floor":[114,133,58,76,76,76,94,10,10,45,45,79,79,111,111,188,238,252,252,252,252,205,205,205],"floor_reached":24,"playtime":1529,"items_purged":[],"score":424,"play_id":"10b446c3-4043-4a4b-81fd-1b4a58027784","local_time":"20190405170828","is_ascension_mode":true,"campfire_choices":[{"data":"Clothesline","floor":6,"key":"SMITH"},{"data":"Bash","floor":11,"key":"SMITH"},{"floor":13,"key":"REST"},{"data":"Barricade","floor":15,"key":"SMITH"},{"data":"Rage","floor":23,"key":"SMITH"}],"neow_cost":"NONE","seed_source_timestamp":58434595580600,"circlet_count":0,"master_deck":["AscendersBane","Strike_R+1","Strike_R","Strike_R","Defend_R","Defend_R","Defend_R+1","Defend_R","Bash+1","Clothesline+1","Armaments+1","Iron Wave","Shrug It Off+1","Metallicize","Pommel Strike+1","Barricade+1","Impervious+1","Battle Trance","Rage+1","RitualDagger","Pommel Strike+1"],"relics":["Burning Blood","Question Card","War Paint","Whetstone","Kunai","Tiny House"],"potions_floor_usage":[22,24,24],"damage_taken":[{"damage":9,"enemies":"2 Louse","floor":1,"turns":4},{"damage":1,"enemies":"Cultist","floor":2,"turns":4},{"damage":7,"enemies":"Small Slimes","floor":4,"turns":6},{"damage":10,"enemies":"Red Slaver","floor":7,"turns":4},{"damage":39,"enemies":"3 Sentries","floor":10,"turns":14},{"damage":22,"enemies":"Gremlin Nob","floor":12,"turns":6},{"damage":17,"enemies":"3 Sentries","floor":14,"turns":11},{"damage":29,"enemies":"The Guardian","floor":16,"turns":20},{"damage":2,"enemies":"Spheric Guardian","floor":18,"turns":16},{"damage":12,"enemies":"2 Thieves","floor":22,"turns":5},{"damage":68,"enemies":"Gremlin Leader","floor":24,"turns":9}],"seed_played":"121843383774773233","potions_obtained":[{"floor":14,"key":"GamblersBrew"},{"floor":17,"key":"Fire Potion"},{"floor":18,"key":"SkillPotion"},{"floor":22,"key":"Block Potion"}],"is_trial":false,"path_per_floor":["M","M","?","M","?","R","M","$","T","E","R","E","R","E","R","B",null,"M","?","?","?","M","R","E"],"character_chosen":"IRONCLAD","items_purchased":["Metallicize"],"campfire_rested":1,"item_purchase_floors":[8],"current_hp_per_floor":[72,77,77,76,76,76,72,72,72,39,39,23,47,36,36,13,70,74,68,68,68,62,62,0],"gold":205,"neow_bonus":"TEN_PERCENT_HP_BONUS","is_prod":false,"is_daily":false,"chose_seed":false,"campfire_upgraded":4,"win_rate":0,"timestamp":1554498508,"path_taken":["M","M","?","M","?","R","?","$","T","E","R","E","R","E","R","BOSS","M","?","?","?","M","R","E"],"build_version":"2019-01-23","purchased_purges":0,"victory":false,"max_hp_per_floor":[82,82,82,82,82,82,82,82,82,82,82,82,82,82,82,82,87,87,87,87,87,87,87,87],"card_choices":[{"not_picked":["Warcry","Clash"],"picked":"Clothesline","floor":1},{"not_picked":["Thunderclap","Evolve"],"picked":"Armaments","floor":2},{"not_picked":["Twin Strike","Thunderclap"],"picked":"Iron Wave","floor":4},{"not_picked":["Armaments","Flex"],"picked":"Shrug It Off","floor":7},{"not_picked":["Seeing Red","Havoc","Fire Breathing"],"picked":"Pommel Strike","floor":10},{"not_picked":["Double Tap","Heavy Blade","Havoc","Armaments"],"picked":"SKIP","floor":12},{"not_picked":["Sword Boomerang","Metallicize","Wild Strike"],"picked":"Barricade","floor":14},{"not_picked":["Brutality","Berserk","Bludgeon"],"picked":"Impervious","floor":16},{"not_picked":["Body Slam","Dropkick","Anger"],"picked":"Battle Trance","floor":17},{"not_picked":["Hemokinesis","Flame Barrier","Warcry"],"picked":"Rage","floor":18},{"not_picked":["Thunderclap+1","Hemokinesis","True Grit"],"picked":"Pommel Strike+1","floor":22}],"player_experience":815008,"relics_obtained":[{"floor":9,"key":"Question Card"},{"floor":10,"key":"War Paint"},{"floor":12,"key":"Whetstone"},{"floor":14,"key":"Kunai"}],"event_choices":[{"cards_removed":["Strike_R"],"damage_healed":0,"gold_gain":0,"player_choice":"Card Removal","damage_taken":0,"max_hp_gain":0,"max_hp_loss":0,"event_name":"The Cleric","floor":3,"gold_loss":75},{"damage_healed":0,"gold_gain":0,"player_choice":"Forge","damage_taken":0,"max_hp_gain":0,"max_hp_loss":0,"event_name":"Accursed Blacksmith","floor":5,"gold_loss":0,"cards_upgraded":["Armaments"]},{"damage_healed":0,"gold_gain":0,"player_choice":"Joined the Cult","damage_taken":6,"max_hp_gain":0,"max_hp_loss":0,"event_name":"Nest","floor":19,"gold_loss":0,"cards_obtained":["RitualDagger"]},{"damage_healed":0,"gold_gain":0,"player_choice":"Ignored","damage_taken":0,"max_hp_gain":0,"max_hp_loss":0,"event_name":"Ghosts","floor":20,"gold_loss":0},{"cards_removed":["Strike_R"],"damage_healed":0,"gold_gain":0,"player_choice":"Offered Basic","damage_taken":0,"max_hp_gain":0,"max_hp_loss":0,"event_name":"Bonfire Elementals","floor":21,"gold_loss":0}],"is_beta":false,"boss_relics":[{"not_picked":["Fusion Hammer","White Beast Statue"],"picked":"Tiny House"}],"items_purged_floors":[],"is_endless":false,"potions_floor_spawned":[14,18,22],"killed_by":"Gremlin Leader","ascension_level":20}