{"gold_per_floor":[112,112,128,1,19,19,19,47,97,130,130,149,169,169,169,271,271,291,53,0,0,19,19,19,19,44,56,68,180,17,30,30,125,125,136,156,0,10,22,22,122,142,195,206,128,128],"floor_reached":46,"playtime":3165,"items_purged":["Writhe","Shame"],"score":591,"play_id":"59a5efdc-dc26-483f-a764-5b69b73f24d5","local_time":"20190120215009","is_ascension_mode":true,"campfire_choices":[{"data":"Footwork","floor":6,"key":"SMITH"},{"data":"Accuracy","floor":11,"key":"SMITH"},{"data":"Footwork","floor":15,"key":"SMITH"},{"floor":23,"key":"REST"},{"data":"Footwork","floor":25,"key":"SMITH"},{"data":"Infinite Blades","floor":27,"key":"SMITH"},{"data":"Burst","floor":32,"key":"SMITH"},{"floor":40,"key":"REST"}],"neow_cost":"CURSE","seed_source_timestamp":194430677900988,"circlet_count":0,"master_deck":["Defend_G","Defend_G+1","Defend_G","Defend_G","Defend_G","Strike_G","Strike_G","Strike_G+1","Survivor","Neutralize","Venomology","Accuracy+1","Cloak And Dagger","Cloak And Dagger","Footwork+1","Footwork+1","Backflip","Backstab","Footwork+1","Tools of the Trade","Burst+1","Setup","Infinite Blades+1","Escape Plan","Outmaneuver","Infinite Blades","A Thousand Cuts","Blur","Caltrops+1","Caltrops","Accuracy+1","Caltrops+1","Blade Dance+1","Accuracy"],"relics":["Ring of the Serpent","Regal Pillow","Vajra","Strawberry","Eternal Feather","Potion Belt","Matryoshka","MawBank","Bronze Scales","Singing Bowl","Red Mask","Prayer Wheel","Centennial Puzzle","Anchor"],"potions_floor_usage":[5,8,10,12,13,16,16,31,31,33,33,35,36,38,38,38,39,41,41,42,44,44,46],"damage_taken":[{"damage":15,"enemies":"Cultist","floor":1,"turns":7},{"damage":2,"enemies":"2 Louse","floor":3,"turns":4},{"damage":2,"enemies":"Jaw Worm","floor":5,"turns":7},{"damage":22,"enemies":"3 Sentries","floor":8,"turns":12},{"damage":0,"enemies":"Lagavulin","floor":10,"turns":10},{"damage":0,"enemies":"Large Slime","floor":12,"turns":7},{"damage":2,"enemies":"Exordium Thugs","floor":13,"turns":5},{"damage":16,"enemies":"The Guardian","floor":16,"turns":13},{"damage":11,"enemies":"Shell Parasite","floor":18,"turns":10},{"damage":19,"enemies":"2 Thieves","floor":20,"turns":5},{"damage":47,"enemies":"3 Cultists","floor":22,"turns":14},{"damage":13,"enemies":"Centurion and Healer","floor":31,"turns":10},{"damage":40,"enemies":"Automaton","floor":33,"turns":14},{"damage":32,"enemies":"3 Shapes","floor":35,"turns":4},{"damage":0,"enemies":"3 Darklings","floor":36,"turns":7},{"damage":19,"enemies":"Jaw Worm Horde","floor":38,"turns":7},{"damage":19,"enemies":"Spire Growth","floor":39,"turns":9},{"damage":27,"enemies":"Mind Bloom Boss Battle","floor":41,"turns":9},{"damage":20,"enemies":"3 Darklings","floor":42,"turns":7},{"damage":8,"enemies":"Sphere and 2 Shapes","floor":44,"turns":6},{"damage":43,"enemies":"Spire Growth","floor":46,"turns":3}],"seed_played":"5950649858825777995","potions_obtained":[{"floor":5,"key":"Dexterity Potion"},{"floor":12,"key":"SkillPotion"},{"floor":22,"key":"GhostInAJar"},{"floor":31,"key":"AttackPotion"},{"floor":33,"key":"AttackPotion"},{"floor":36,"key":"AttackPotion"},{"floor":39,"key":"LiquidBronze"},{"floor":41,"key":"Dexterity Potion"}],"is_trial":false,"path_per_floor":["M","?","M","$","M","R","?","E","T","E","R","M","M","?","R","B",null,"M","$","M","?","M","R","?","R","T","R","?","?","$","M","R","B",null,"M","M","?","M","M","R","?","M","T","M","$","M"],"character_chosen":"THE_SILENT","items_purchased":["Cloak And Dagger","Infinite Blades","Potion Belt","Infinite Blades","Accuracy"],"campfire_rested":2,"item_purchase_floors":[4,19,19,30,45],"current_hp_per_floor":[55,41,39,39,52,52,52,30,30,37,37,37,35,35,35,19,63,52,52,33,33,7,60,60,75,75,77,77,77,77,66,79,39,69,39,39,39,20,1,58,33,15,15,7,7,0],"gold":128,"neow_bonus":"THREE_RARE_CARDS","is_prod":false,"is_daily":false,"chose_seed":false,"campfire_upgraded":6,"win_rate":0,"timestamp":1548042609,"path_taken":["M","?","M","$","M","R","?","E","T","E","R","?","M","?","R","BOSS","M","$","M","?","M","R","?","R","T","R","?","?","$","?","R","BOSS","M","M","?","M","M","R","?","M","T","M","$","M"],"build_version":"2019-01-17v2","purchased_purges":2,"victory":false,"max_hp_per_floor":[70,70,70,70,70,70,70,70,70,77,77,77,77,77,77,77,77,77,77,77,77,77,77,77,77,77,77,77,77,77,79,79,79,79,81,81,81,81,81,81,83,85,85,85,85,85],"card_choices":[{"not_picked":["Malaise","Bullet Time"],"picked":"Venomology","floor":0},{"not_picked":["Outmaneuver","Dagger Throw"],"picked":"Accuracy","floor":1},{"not_picked":["Flying Knee","Backstab"],"picked":"Cloak And Dagger","floor":3},{"not_picked":["Deflect","Cloak And Dagger"],"picked":"Footwork","floor":5},{"not_picked":["Reflex","Escape Plan"],"picked":"Footwork","floor":8},{"not_picked":["Crippling Poison","Deflect"],"picked":"Backflip","floor":10},{"not_picked":["Wraith Form v2","Calculated Gamble"],"picked":"Backstab","floor":12},{"not_picked":["Skewer","Accuracy"],"picked":"Footwork","floor":13},{"not_picked":["Malaise","Doppelganger"],"picked":"Burst","floor":16},{"not_picked":["Terror","Underhanded Strike"],"picked":"Setup","floor":18},{"not_picked":["Flechettes","Choke+1"],"picked":"Escape Plan","floor":20},{"not_picked":["Terror","Underhanded Strike"],"picked":"Outmaneuver","floor":22},{"not_picked":["Reflex","Dodge and Roll","Predator"],"picked":"Singing Bowl","floor":31},{"not_picked":["Die Die Die","Grand Finale"],"picked":"A Thousand Cuts","floor":33},{"not_picked":["Dagger Spray+1","Skewer+1","Backstab+1"],"picked":"Singing Bowl","floor":35},{"not_picked":["Tactician+1","Calculated Gamble+1"],"picked":"Blur","floor":36},{"not_picked":["Tactician+1","Outmaneuver"],"picked":"Caltrops+1","floor":38},{"not_picked":["Bane+1","Leg Sweep+1"],"picked":"Caltrops","floor":39},{"not_picked":["PiercingWail","Underhanded Strike+1","Heel Hook+1"],"picked":"Singing Bowl","floor":41},{"not_picked":["PiercingWail+1","Catalyst+1","Flying Knee"],"picked":"Singing Bowl","floor":42},{"not_picked":["PiercingWail+1","Bane+1"],"picked":"Accuracy+1","floor":42},{"not_picked":["Calculated Gamble","Backflip"],"picked":"Caltrops+1","floor":44},{"not_picked":["Masterful Stab+1","Backflip"],"picked":"Blade Dance+1","floor":44}],"player_experience":712386,"relics_obtained":[{"floor":8,"key":"Regal Pillow"},{"floor":9,"key":"Vajra"},{"floor":10,"key":"Strawberry"},{"floor":26,"key":"MawBank"},{"floor":26,"key":"Bronze Scales"},{"floor":41,"key":"Prayer Wheel"},{"floor":43,"key":"Centennial Puzzle"},{"floor":43,"key":"Anchor"}],"event_choices":[{"damage_healed":0,"gold_gain":0,"player_choice":"Entered Light","damage_taken":14,"max_hp_gain":0,"max_hp_loss":0,"event_name":"Shining Light","floor":2,"gold_loss":0,"cards_upgraded":["Defend_G","Strike_G"]},{"cards_removed":["Strike_G"],"damage_healed":0,"gold_gain":0,"player_choice":"Purged","damage_taken":0,"max_hp_gain":0,"max_hp_loss":0,"event_name":"Purifier","floor":7,"gold_loss":0},{"damage_healed":0,"gold_gain":0,"cards_transformed":["Strike_G"],"player_choice":"Transformed","damage_taken":0,"max_hp_gain":0,"max_hp_loss":0,"event_name":"Transmorgrifier","floor":14,"gold_loss":0,"cards_obtained":["Tools of the Trade"]},{"damage_healed":0,"gold_gain":0,"player_choice":"Stole Relic","damage_taken":0,"relics_obtained":["Matryoshka"],"max_hp_gain":0,"max_hp_loss":0,"event_name":"Addict","floor":24,"gold_loss":0,"cards_obtained":["Shame"]},{"damage_healed":0,"gold_gain":0,"player_choice":"Opened","damage_taken":0,"relics_obtained":["Singing Bowl"],"max_hp_gain":0,"max_hp_loss":0,"event_name":"The Mausoleum","floor":28,"gold_loss":0},{"damage_healed":0,"gold_gain":100,"player_choice":"Pray","damage_taken":0,"max_hp_gain":0,"max_hp_loss":0,"event_name":"Golden Shrine","floor":29,"gold_loss":0},{"damage_healed":0,"gold_gain":0,"player_choice":"Paid","damage_taken":0,"relics_obtained":["Red Mask"],"max_hp_gain":0,"max_hp_loss":0,"event_name":"Tomb of Lord Red Mask","floor":37,"gold_loss":156},{"damage_healed":0,"gold_gain":0,"player_choice":"Fight","damage_taken":0,"max_hp_gain":0,"max_hp_loss":0,"event_name":"MindBloom","floor":41,"gold_loss":0}],"is_beta":false,"boss_relics":[{"not_picked":["White Beast Statue","Lizard Tail"],"picked":"Eternal Feather"},{"not_picked":["Runic Pyramid","Snecko Eye"],"picked":"Ring of the Serpent"}],"items_purged_floors":[4,30],"is_endless":false,"potions_floor_spawned":[5,12,13,22,31,33,36,39,41],"killed_by":"Spire Growth","ascension_level":5}