{"gold_per_floor":[119,129,129,140,140,167,184,184,184,184,210,268,206,206],"floor_reached":14,"playtime":731,"items_purged":[],"score":196,"play_id":"3245b4c8-13d0-4fe4-b377-519a9e50d229","local_time":"20190403003751","is_ascension_mode":true,"campfire_choices":[{"data":"Armaments","floor":8,"key":"SMITH"},{"floor":10,"key":"REST"}],"neow_cost":"NONE","seed_source_timestamp":1712754280674500,"circlet_count":0,"master_deck":["AscendersBane","Strike_R","Strike_R","Strike_R","Strike_R","Strike_R","Defend_R","Defend_R","Defend_R","Defend_R","Bash+1","Limit Break","Headbutt","Anger","Shrug It Off","Armaments+1","True Grit","Flame Barrier","Ghostly Armor"],"relics":["Burning Blood","Singing Bowl","Dream Catcher","Turnip","Unceasing Top","Darkstone Periapt"],"potions_floor_usage":[6,12],"damage_taken":[{"damage":13,"enemies":"2 Louse","floor":1,"turns":2},{"damage":7,"enemies":"Cultist","floor":2,"turns":4},{"damage":7,"enemies":"Small Slimes","floor":4,"turns":3},{"damage":32,"enemies":"Lagavulin","floor":6,"turns":5},{"damage":1,"enemies":"2 Fungi Beasts","floor":7,"turns":4},{"damage":50,"enemies":"Gremlin Nob","floor":11,"turns":5},{"damage":6,"enemies":"3 Sentries","floor":12,"turns":13},{"damage":18,"enemies":"Gremlin Gang","floor":14,"turns":1}],"seed_played":"3409087465047280444","potions_obtained":[{"floor":1,"key":"Explosive Potion"},{"floor":6,"key":"EssenceOfSteel"}],"is_trial":false,"path_per_floor":["M","M","?","M","T","E","M","R","T","R","E","?","?","M"],"character_chosen":"IRONCLAD","items_purchased":[],"campfire_rested":1,"item_purchase_floors":[],"current_hp_per_floor":[61,60,60,59,59,33,38,38,38,60,16,18,18,0],"gold":206,"neow_bonus":"ONE_RANDOM_RARE_CARD","is_prod":false,"is_daily":false,"chose_seed":false,"campfire_upgraded":1,"win_rate":0,"timestamp":1554266271,"path_taken":["M","M","?","?","?","E","M","R","T","R","E","?","?","M"],"build_version":"2019-01-23","purchased_purges":0,"victory":false,"max_hp_per_floor":[75,75,75,75,75,75,75,75,75,75,75,77,77,77],"card_choices":[{"not_picked":["Heavy Blade","Warcry"],"picked":"Headbutt","floor":1},{"not_picked":["Feel No Pain","Heavy Blade"],"picked":"Anger","floor":2},{"not_picked":["Sword Boomerang","Seeing Red"],"picked":"Shrug It Off","floor":4},{"not_picked":["Flex","Headbutt"],"picked":"Armaments","floor":6},{"not_picked":["Body Slam","Exhume"],"picked":"True Grit","floor":7},{"not_picked":["Body Slam","Warcry"],"picked":"Flame Barrier","floor":10},{"not_picked":["Perfected Strike","Reckless Charge"],"picked":"Ghostly Armor","floor":11},{"not_picked":["Anger","Twin Strike","Armaments"],"picked":"Singing Bowl","floor":12}],"player_experience":793854,"relics_obtained":[{"floor":5,"key":"Singing Bowl"},{"floor":6,"key":"Dream Catcher"},{"floor":9,"key":"Turnip"},{"floor":11,"key":"Unceasing Top"},{"floor":12,"key":"Darkstone Periapt"}],"event_choices":[{"damage_healed":0,"gold_gain":0,"player_choice":"Forge","damage_taken":0,"max_hp_gain":0,"max_hp_loss":0,"event_name":"Accursed Blacksmith","floor":3,"gold_loss":0,"cards_upgraded":["Bash"]},{"damage_healed":0,"gold_gain":0,"player_choice":"Searched \u00271\u0027 times","damage_taken":0,"max_hp_gain":0,"max_hp_loss":0,"event_name":"Dead Adventurer","floor":12,"gold_loss":0},{"damage_healed":0,"gold_gain":0,"player_choice":"Left Gold","damage_taken":0,"max_hp_gain":0,"max_hp_loss":0,"event_name":"World of Goop","floor":13,"gold_loss":62}],"is_beta":false,"boss_relics":[],"items_purged_floors":[],"is_endless":false,"potions_floor_spawned":[1,6],"killed_by":"Gremlin Gang","ascension_level":20}