{"gold_per_floor":[14,14,30,30,50,50,84,105,105,105,105,130,144,144,144,263,263,286,300,375,16,29,29,64,64,118,151,169,14,14,28,28,152,152,177,200,223,17,17,17,57,80,80,113,129,129,129,142,142,142],"floor_reached":51,"playtime":4970,"items_purged":["Doubt"],"score":1260,"play_id":"1fdd2225-34ac-4678-a8c1-cf579be4d67e","local_time":"20180810164033","is_ascension_mode":true,"campfire_choices":[{"data":"Neutralize","floor":6.0,"key":"SMITH"},{"data":"Blade Dance","floor":11.0,"key":"SMITH"},{"data":"Dodge and Roll","floor":15.0,"key":"SMITH"},{"data":"Sucker Punch","floor":23.0,"key":"SMITH"},{"data":"Backstab","floor":25.0,"key":"SMITH"},{"floor":30.0,"key":"REST"},{"data":"Noxious Fumes","floor":32.0,"key":"SMITH"},{"data":"Catalyst","floor":40.0,"key":"SMITH"},{"floor":46,"key":"REST"},{"data":"Leg Sweep","floor":49,"key":"SMITH"}],"neow_cost":"NO_GOLD","seed_source_timestamp":0,"circlet_count":0,"master_deck":["Survivor","Neutralize+1","AscendersBane","Poisoned Stab","Dagger Throw","Blade Dance+1","Dagger Throw","Dodge and Roll+1","Flying Knee","Corpse Explosion","PiercingWail","Cloak And Dagger","Backstab+1","Infinite Blades","Sucker Punch+1","Backflip","Endless Agony","Heel Hook","Noxious Fumes+1","Masterful Stab","Blade Dance","Slice","Prepared","Deflect","Dagger Spray","Distraction","Prepared","Accuracy","Backflip","Backflip","Catalyst+1","Clumsy","Dark Shackles","Thinking Ahead","Master of Strategy","Terror","Leg Sweep+1","Pain","Underhanded Strike+1","Leg Sweep+1","Injury","Die Die Die"],"special_seed":0,"relics":["Ring of the Snake","Dead Branch","Golden Idol","Thread and Needle","Bottled Lightning","Cursed Key","Paper Crane","Bottled Tornado","Tiny Chest","Happy Flower","Pandora\u0027s Box","Bronze Scales","TwistedFunnel","Blue Candle","Pantograph","Boot","Pen Nib"],"potions_floor_usage":[50,50],"damage_taken":[{"damage":0.0,"enemies":"2 Louse","floor":1.0,"turns":4.0},{"damage":1.0,"enemies":"Small Slimes","floor":3.0,"turns":4.0},{"damage":0.0,"enemies":"Jaw Worm","floor":5.0,"turns":5.0},{"damage":33.0,"enemies":"Lagavulin","floor":7.0,"turns":8.0},{"damage":0.0,"enemies":"Blue Slaver","floor":8.0,"turns":3.0},{"damage":6.0,"enemies":"Exordium Thugs","floor":12.0,"turns":5.0},{"damage":0.0,"enemies":"Looter","floor":13.0,"turns":3.0},{"damage":20.0,"enemies":"Slime Boss","floor":16.0,"turns":15.0},{"damage":5.0,"enemies":"Shell Parasite","floor":18.0,"turns":4.0},{"damage":0.0,"enemies":"Spheric Guardian","floor":19.0,"turns":1.0},{"damage":15.0,"enemies":"Snake Plant","floor":22.0,"turns":4.0},{"damage":14.0,"enemies":"Slavers","floor":24.0,"turns":5.0},{"damage":3.0,"enemies":"Book of Stabbing","floor":27.0,"turns":6.0},{"damage":0.0,"enemies":"Cultist and Chosen","floor":28.0,"turns":4.0},{"damage":0.0,"enemies":"Centurion and Healer","floor":31.0,"turns":5.0},{"damage":22.0,"enemies":"Automaton","floor":33.0,"turns":8.0},{"damage":0.0,"enemies":"3 Darklings","floor":35.0,"turns":3.0},{"damage":0.0,"enemies":"Orb Walker","floor":36.0,"turns":3.0},{"damage":0.0,"enemies":"2 Orb Walkers","floor":41.0,"turns":5.0},{"damage":0.0,"enemies":"Maw","floor":42.0,"turns":5.0},{"damage":1,"enemies":"Giant Head","floor":44,"turns":6},{"damage":3,"enemies":"Spire Growth","floor":45,"turns":4},{"damage":0,"enemies":"3 Darklings","floor":48,"turns":3},{"damage":36,"enemies":"Time Eater","floor":50,"turns":11}],"seed_played":"-6855606830700920765","potions_obtained":[{"floor":3.0,"key":"EssenceOfSteel"},{"floor":7.0,"key":"GamblersBrew"},{"floor":8.0,"key":"Swift Potion"},{"floor":22.0,"key":"Poison Potion"},{"floor":28.0,"key":"Strength Potion"},{"floor":31.0,"key":"Weak Potion"},{"floor":36.0,"key":"FearPotion"},{"floor":44,"key":"Dexterity Potion"}],"is_trial":false,"path_per_floor":["M","?","M","?","M","R","E","M","T","?","R","M","M","?","R","B",null,"M","M","?","$","M","R","E","R","T","E","M","$","R","M","R","B",null,"M","M","T","$","?","R","E","M","T","E","M","R","T","M","R","B"],"character_chosen":"THE_SILENT","items_purchased":["Paper Crane","Backstab","Infinite Blades","Noxious Fumes","TwistedFunnel"],"campfire_rested":2,"item_purchase_floors":[21,21,21,29,38],"current_hp_per_floor":[63,63,62,67,67,67,34,34,34,34,34,28,28,70,70,50,65,60,60,53,53,38,38,24,24,24,21,21,21,42,42,42,20,58,58,58,58,58,48,48,48,48,48,47,44,65,65,65,65,34],"gold":142,"neow_bonus":"ONE_RARE_RELIC","is_prod":false,"is_daily":false,"chose_seed":false,"campfire_upgraded":8,"win_rate":0,"timestamp":1533944433,"path_taken":["M","?","M","?","M","R","E","M","T","?","R","M","?","?","R","BOSS","M","?","?","$","?","R","E","R","T","E","M","?","R","M","R","BOSS","M","M","?","$","?","R","E","M","T","E","?","R","?","M","R","BOSS"],"build_version":"2018-08-09","purchased_purges":1,"victory":true,"max_hp_per_floor":[70,65,65,70,70,70,70,70,70,70,70,70,70,70,70,70,70,70,70,70,70,70,70,70,70,70,70,70,70,70,70,70,70,70,70,70,70,70,70,70,70,70,70,70,70,70,70,70,70,70],"card_choices":[{"not_picked":["PiercingWail","Reflex"],"picked":"Poisoned Stab","floor":1.0},{"not_picked":["Leg Sweep","Crippling Poison"],"picked":"Dagger Throw","floor":3.0},{"not_picked":["Flying Knee","Distraction"],"picked":"Blade Dance","floor":5.0},{"not_picked":["Deadly Poison","Bullet Time","PiercingWail"],"picked":"SKIP","floor":7.0},{"not_picked":["Masterful Stab","PiercingWail"],"picked":"Dagger Throw","floor":8.0},{"not_picked":["Quick Slash","Prepared"],"picked":"Dodge and Roll","floor":12.0},{"not_picked":["Wraith Form v2","Expertise"],"picked":"Flying Knee","floor":13.0},{"not_picked":["Envenom","Unload"],"picked":"Corpse Explosion","floor":16.0},{"not_picked":["Leg Sweep","Finisher"],"picked":"PiercingWail","floor":18.0},{"not_picked":["Setup","Well Laid Plans"],"picked":"Cloak And Dagger","floor":19.0},{"not_picked":["All Out Attack","Distraction"],"picked":"Sucker Punch","floor":22.0},{"not_picked":["Underhanded Strike","Unload"],"picked":"Backflip","floor":24.0},{"not_picked":["Slice","Catalyst"],"picked":"Endless Agony","floor":27.0},{"not_picked":["Blade Dance","Outmaneuver"],"picked":"Heel Hook","floor":28.0},{"not_picked":["Poisoned Stab","Underhanded Strike","Masterful Stab"],"picked":"SKIP","floor":31.0},{"not_picked":["Bane","Terror"],"picked":"Backflip","floor":35.0},{"not_picked":["Calculated Gamble+1","Slice"],"picked":"Catalyst","floor":36.0},{"not_picked":["Magnetism","Panacea"],"picked":"Dark Shackles","floor":39.0},{"not_picked":["Enlightenment","Trip"],"picked":"Thinking Ahead","floor":39.0},{"not_picked":["Swift Strike","Transmutation"],"picked":"Master of Strategy","floor":39.0},{"not_picked":["Dagger Spray","Setup"],"picked":"Terror","floor":41.0},{"not_picked":["Dagger Spray+1","Flying Knee"],"picked":"Leg Sweep","floor":42.0},{"not_picked":["Bouncing Flask+1","Sucker Punch"],"picked":"Underhanded Strike+1","floor":44},{"not_picked":["Deadly Poison+1","Flying Knee"],"picked":"Leg Sweep+1","floor":45},{"not_picked":["Bane","Dash"],"picked":"Die Die Die","floor":48}],"player_experience":417580,"relics_obtained":[{"floor":7.0,"key":"Thread and Needle"},{"floor":9.0,"key":"Bottled Lightning"},{"floor":24.0,"key":"Bottled Tornado"},{"floor":26.0,"key":"Tiny Chest"},{"floor":27.0,"key":"Happy Flower"},{"floor":37.0,"key":"Bronze Scales"},{"floor":41.0,"key":"Blue Candle"},{"floor":43,"key":"Pantograph"},{"floor":44,"key":"Boot"},{"floor":47,"key":"Pen Nib"}],"event_choices":[{"event_name":"Golden Idol","player_choice":"Lose Max HP","floor":2.0,"damage_taken":0.0},{"event_name":"Big Fish","player_choice":"Donut","floor":4.0,"damage_taken":0.0},{"event_name":"Liars Game","player_choice":"disagreed","floor":10.0,"damage_taken":0.0},{"event_name":"Wheel of Change","player_choice":"Full Heal","floor":14.0,"damage_taken":0.0},{"event_name":"FaceTrader","player_choice":"Touch","floor":20.0,"damage_taken":0.0},{"event_name":"SensoryStone","player_choice":"Memory 3","floor":39.0,"damage_taken":0.0}],"is_beta":false,"boss_relics":[{"not_picked":["Ectoplasm","Fusion Hammer"],"picked":"Cursed Key"},{"not_picked":["Empty Cage","Coffee Dripper"],"picked":"Pandora\u0027s Box"}],"items_purged_floors":[29],"is_endless":false,"potions_floor_spawned":[3,7,8,12,13,22,28,31,36,44,45,48],"ascension_level":12}