{"gold_per_floor":[112,10,25,36,36,66,66,16,16,33,33,33,33,46,46,148,148,162,26,39,39,39,39,72,72,95,95,115,115],"floor_reached":29,"playtime":3033,"items_purged":["Pride","Decay","Injury"],"score":241,"play_id":"752d8e31-8d34-4c1d-8c8b-650f8caa82d1","local_time":"20180626085816","is_ascension_mode":false,"campfire_choices":[{"floor":7.0,"key":"REST"},{"floor":11.0,"key":"REST"},{"floor":15.0,"key":"REST"},{"floor":23,"key":"REST"},{"floor":25,"key":"REST"}],"neow_cost":"","seed_source_timestamp":0,"circlet_count":0,"master_deck":["Survivor","Neutralize","Noxious Fumes","Poisoned Stab","Outmaneuver","Infinite Blades","Finisher","Distraction","Quick Slash","Adrenaline","Underhanded Strike","Sucker Punch","Cloak And Dagger","Eviscerate","Cloak And Dagger","Acrobatics","Flying Knee","Deadly Poison","Acrobatics","Dagger Throw","Noxious Fumes","Deadly Poison","Infinite Blades","Flying Knee+1","Decay","Caltrops","Dagger Spray+1","RitualDagger"],"special_seed":17707,"relics":["Calling Bell","Bag of Marbles","Smiling Mask","Torii","Sundial","Dead Branch","Juzu Bracelet","Pandora\u0027s Box","Dream Catcher","Singing Bowl"],"potions_floor_usage":[24,28,29],"damage_taken":[{"damage":1.0,"enemies":"Small Slimes","floor":1.0,"turns":4.0},{"damage":9.0,"enemies":"Cultist","floor":3.0,"turns":4.0},{"damage":1.0,"enemies":"Jaw Worm","floor":4.0,"turns":5.0},{"damage":25.0,"enemies":"3 Sentries","floor":6.0,"turns":7.0},{"damage":18.0,"enemies":"2 Fungi Beasts","floor":10.0,"turns":5.0},{"damage":9.0,"enemies":"Blue Slaver","floor":14.0,"turns":5.0},{"damage":6.0,"enemies":"Hexaghost","floor":16.0,"turns":8.0},{"damage":23,"enemies":"Shell Parasite","floor":18,"turns":4},{"damage":33,"enemies":"3 Byrds","floor":20,"turns":4},{"damage":11,"enemies":"Book of Stabbing","floor":24,"turns":5},{"damage":22,"enemies":"Snake Plant","floor":28,"turns":5},{"damage":47,"enemies":"Gremlin Leader","floor":29,"turns":4}],"seed_played":"2560150127053973455","potions_obtained":[{"floor":6.0,"key":"Block Potion"},{"floor":10.0,"key":"Swift Potion"},{"floor":14.0,"key":"Weak Potion"},{"floor":20,"key":"Swift Potion"}],"is_trial":false,"path_per_floor":["M","$","M","M","?","E","R","$","T","M","R","T","?","M","R","B",null,"M","$","M","?","?","R","E","R","T","?","M"],"character_chosen":"THE_SILENT","items_purchased":["Poisoned Stab","Deadly Poison","Infinite Blades"],"campfire_rested":5,"item_purchase_floors":[],"current_hp_per_floor":[69,69,60,59,59,34,55,55,55,37,58,58,58,49,70,64,70,47,47,14,14,37,58,47,68,68,62,42,0],"gold":115,"neow_bonus":"","is_prod":false,"is_daily":false,"chose_seed":false,"campfire_upgraded":0,"win_rate":0,"timestamp":1530021496,"path_taken":["M","$","M","M","?","E","R","$","T","M","R","?","?","M","R","BOSS","M","$","M","?","?","R","E","R","T","?","M","E"],"build_version":"2018-06-21v2","purchased_purges":3,"victory":false,"max_hp_per_floor":[70,70,70,70,70,70,70,70,70,70,70,70,70,70,70,70,70,70,70,70,70,70,70,70,70,70,70,72,72],"card_choices":[{"not_picked":["Backflip","Deflect"],"picked":"Noxious Fumes","floor":1.0},{"not_picked":["Flechettes","Deflect"],"picked":"Outmaneuver","floor":3.0},{"not_picked":["Footwork","Expertise"],"picked":"Infinite Blades","floor":4.0},{"not_picked":["Flying Knee","Deflect"],"picked":"Finisher","floor":6.0},{"not_picked":["Cloak And Dagger","Tools of the Trade"],"picked":"Distraction","floor":10.0},{"not_picked":["Prepared","PiercingWail"],"picked":"Quick Slash","floor":14.0},{"not_picked":["Unload","Wraith Form v2"],"picked":"Adrenaline","floor":16.0},{"not_picked":["Footwork+1","Quick Slash+1"],"picked":"Noxious Fumes","floor":18},{"not_picked":["Distraction","Footwork+1"],"picked":"Flying Knee+1","floor":20},{"not_picked":["Crippling Poison","Deflect"],"picked":"Caltrops","floor":24},{"not_picked":["Escape Plan","Quick Slash"],"picked":"Dagger Spray+1","floor":25},{"not_picked":["Sucker Punch","Slice","Acrobatics+1"],"picked":"Singing Bowl","floor":28}],"player_experience":105318,"relics_obtained":[{"floor":0.0,"key":"Bag of Marbles"},{"floor":0.0,"key":"Smiling Mask"},{"floor":0.0,"key":"Torii"},{"floor":6.0,"key":"Sundial"},{"floor":9.0,"key":"Dead Branch"},{"floor":12.0,"key":"Juzu Bracelet"},{"floor":24,"key":"Dream Catcher"},{"floor":26,"key":"Singing Bowl"}],"event_choices":[{"event_name":"Wheel of Change","player_choice":"Curse","floor":5.0,"damage_taken":0.0},{"event_name":"Living Wall","player_choice":"Forget","floor":13.0,"damage_taken":0.0},{"event_name":"Forgotten Altar","player_choice":"Smashed Altar","floor":21,"damage_taken":0},{"event_name":"The Library","player_choice":"Heal","floor":22,"damage_taken":0},{"event_name":"Nest","player_choice":"Joined the Cult","floor":27,"damage_taken":0}],"boss_relics":[{"not_picked":["Runic Dome","Sozu"],"picked":"Pandora\u0027s Box"}],"items_purged_floors":[],"is_endless":false,"potions_floor_spawned":[6,10,14,20],"killed_by":"Gremlin Leader","ascension_level":0}