{"gold_per_floor":[112,112,19,19,19,50,50,66,66,81,81,92,157,176,176,276,276,296,395,3,17,31,31,46,80,155,155,175,175,25,40,40,40],"floor_reached":33,"playtime":3309,"items_purged":[],"score":267,"play_id":"82d3138f-3ad8-4dbd-bbf9-b2032f86f0b9","local_time":"20190401142702","is_ascension_mode":false,"campfire_choices":[{"data":"Carnage","floor":11,"key":"SMITH"},{"data":"Bash","floor":15,"key":"SMITH"},{"floor":27,"key":"REST"},{"floor":29,"key":"REST"},{"data":"Battle Trance","floor":32,"key":"SMITH"}],"neow_cost":"","seed_source_timestamp":140020489910053,"circlet_count":0,"master_deck":["Strike_R","Strike_R","Strike_R","Strike_R","Defend_R","Defend_R","Defend_R","Defend_R","Bash+1","Cleave","Intimidate","Enlightenment+1","Carnage+1","Battle Trance+1","Clothesline","Blood for Blood","Dropkick","Impervious","Perfected Strike+1","Clothesline","Rage+1","Cleave","Intimidate+1"],"relics":["Black Blood","Sundial","Ornamental Fan","Darkstone Periapt","Matryoshka","Ancient Tea Set","MutagenicStrength","Gambling Chip","Boot","Toxic Egg 2","Lantern"],"potions_floor_usage":[13,13,16,21,25,25,25],"damage_taken":[{"damage":15,"enemies":"Jaw Worm","floor":1,"turns":5},{"damage":44,"enemies":"3 Sentries","floor":6,"turns":8},{"damage":0,"enemies":"Cultist","floor":8,"turns":2},{"damage":0,"enemies":"Small Slimes","floor":10,"turns":2},{"damage":12,"enemies":"3 Louse","floor":12,"turns":3},{"damage":10,"enemies":"Lagavulin Event","floor":13,"turns":4},{"damage":9,"enemies":"Red Slaver","floor":14,"turns":4},{"damage":18,"enemies":"The Guardian","floor":16,"turns":8},{"damage":0,"enemies":"Chosen","floor":18,"turns":3},{"damage":16,"enemies":"3 Byrds","floor":21,"turns":7},{"damage":17,"enemies":"Snake Plant","floor":22,"turns":4},{"damage":6,"enemies":"Snecko","floor":24,"turns":3},{"damage":74,"enemies":"Slavers","floor":25,"turns":9},{"damage":8,"enemies":"Shelled Parasite and Fungi","floor":28,"turns":4},{"damage":0,"enemies":"3 Cultists","floor":31,"turns":4},{"damage":81,"enemies":"Champ","floor":33,"turns":12}],"seed_played":"3581030056143994769","potions_obtained":[{"floor":6,"key":"PowerPotion"},{"floor":10,"key":"Energy Potion"},{"floor":12,"key":"SpeedPotion"},{"floor":16,"key":"Energy Potion"},{"floor":18,"key":"SteroidPotion"},{"floor":21,"key":"Strength Potion"},{"floor":22,"key":"BloodPotion"}],"is_trial":false,"path_per_floor":["?","$","?","?","M","?","?","?"],"character_chosen":"IRONCLAD","items_purchased":["Enlightenment","Matryoshka","Ancient Tea Set","Lantern"],"campfire_rested":2,"item_purchase_floors":[3,20,20,30],"current_hp_per_floor":[71,71,71,71,71,33,33,39,39,45,45,39,35,32,32,20,80,80,80,80,74,67,67,71,15,15,39,41,65,65,75,75,0],"gold":40,"neow_bonus":"","is_prod":false,"is_daily":false,"chose_seed":false,"campfire_upgraded":3,"win_rate":0.0,"timestamp":1554139622,"path_taken":["M","?","?","?","?","E","$","M","T","M","R","?","?","M","R","BOSS","M","?","$","M","M","?","M","E","T","R","M","R","$","M","R","BOSS"],"build_version":"2019-01-23","purchased_purges":0,"victory":false,"max_hp_per_floor":[80,80,80,80,80,80,80,80,80,80,80,80,80,80,80,80,80,80,80,80,80,80,80,80,80,80,80,80,80,80,80,80,80],"card_choices":[{"not_picked":["Sword Boomerang","Warcry"],"picked":"Cleave","floor":1},{"not_picked":["Uppercut","Clothesline"],"picked":"Carnage","floor":6},{"not_picked":["Armaments","Headbutt","Whirlwind"],"picked":"SKIP","floor":8},{"not_picked":["Corruption","Body Slam"],"picked":"Battle Trance","floor":10},{"not_picked":["Shrug It Off","Clash"],"picked":"Clothesline","floor":12},{"not_picked":["Pommel Strike","Headbutt"],"picked":"Blood for Blood","floor":13},{"not_picked":["Armaments","Battle Trance"],"picked":"Dropkick","floor":14},{"not_picked":["Feed","Berserk"],"picked":"Impervious","floor":16},{"not_picked":["Clash","Warcry"],"picked":"Perfected Strike+1","floor":18},{"not_picked":["Rampage","Body Slam"],"picked":"Clothesline","floor":21},{"not_picked":["Pommel Strike","Dark Embrace"],"picked":"Rage+1","floor":22},{"not_picked":["Flame Barrier","Rupture+1","Sword Boomerang+1"],"picked":"SKIP","floor":24},{"not_picked":["Pommel Strike+1","Clash+1"],"picked":"Cleave","floor":25},{"not_picked":["Fire Breathing","Dropkick"],"picked":"Intimidate+1","floor":28},{"not_picked":["Clash","Pommel Strike","Sword Boomerang"],"picked":"SKIP","floor":31}],"player_experience":0,"relics_obtained":[{"floor":6,"key":"Sundial"},{"floor":9,"key":"Ornamental Fan"},{"floor":13,"key":"Darkstone Periapt"},{"floor":25,"key":"Gambling Chip"},{"floor":26,"key":"Boot"},{"floor":26,"key":"Toxic Egg 2"}],"event_choices":[{"damage_healed":0,"gold_gain":0,"cards_transformed":["Strike_R"],"player_choice":"Transformed","damage_taken":0,"max_hp_gain":0,"max_hp_loss":0,"event_name":"Transmorgrifier","floor":2,"gold_loss":0,"cards_obtained":["Intimidate"]},{"damage_healed":0,"gold_gain":0,"player_choice":"Leave","damage_taken":0,"max_hp_gain":0,"max_hp_loss":0,"event_name":"The Cleric","floor":4,"gold_loss":0},{"damage_healed":0,"gold_gain":0,"player_choice":"Forge","damage_taken":0,"max_hp_gain":0,"max_hp_loss":0,"event_name":"Accursed Blacksmith","floor":5,"gold_loss":0,"cards_upgraded":["Enlightenment"]},{"damage_healed":0,"gold_gain":0,"player_choice":"Searched \u00271\u0027 times","damage_taken":0,"max_hp_gain":0,"max_hp_loss":0,"event_name":"Dead Adventurer","floor":13,"gold_loss":0},{"damage_healed":0,"gold_gain":99,"player_choice":"Stole From Cult","damage_taken":0,"max_hp_gain":0,"max_hp_loss":0,"event_name":"Nest","floor":19,"gold_loss":0},{"damage_healed":0,"gold_gain":0,"player_choice":"Inject Mutagens","damage_taken":0,"relics_obtained":["MutagenicStrength"],"max_hp_gain":0,"max_hp_loss":0,"event_name":"Drug Dealer","floor":23,"gold_loss":0}],"is_beta":false,"boss_relics":[{"not_picked":["Eternal Feather","Velvet Choker"],"picked":"Black Blood"}],"items_purged_floors":[],"is_endless":false,"potions_floor_spawned":[6,10,12,16,18,21,22],"killed_by":"Champ","ascension_level":0}