{"gold_per_floor":[109,109,109,124,124,124,150,169,196,196,221,28,45,71,71,148,148,161,175,195,195,208,208,220,220,220,67,67,77,92,92,92,92],"floor_reached":33,"playtime":3383,"items_purged":["Decay"],"score":580,"play_id":"16827992-f903-4bff-be54-2618adb44f44","local_time":"20180823202646","is_ascension_mode":true,"campfire_choices":[{"data":"Doom and Gloom","floor":6,"key":"SMITH"},{"floor":10,"key":"REST"},{"data":"Streamline","floor":15,"key":"SMITH"},{"data":"Sunder","floor":23,"key":"SMITH"},{"data":"Storm","floor":28,"key":"SMITH"},{"floor":32,"key":"REST"}],"neow_cost":"NONE","seed_source_timestamp":568268478827662,"circlet_count":0,"master_deck":["Zap","Dualcast","AscendersBane","Doom and Gloom+1","Tempest","Lockon","Core Surge","Streamline+1","Conserve Battery","Reinforced Body","Genetic Algorithm","Steam","Tempest","Machine Learning","Leap","Redo","Redo","Ball Lightning","BootSequence","Go for the Eyes","Rebound","Sunder+1","Hologram","BootSequence","Storm+1","Capacitor","Leap+1","Darkness","Hologram","Hologram+1"],"relics":["Cracked Core","FaceOfCleric","Bag of Marbles","Pen Nib","Cables","Lee\u0027s Waffle","Bottled Lightning","Pandora\u0027s Box","Question Card"],"potions_floor_usage":[11,16,16,24,29,33],"damage_taken":[{"damage":3,"enemies":"Small Slimes","floor":1,"turns":3},{"damage":0,"enemies":"Cultist","floor":4,"turns":3},{"damage":40,"enemies":"3 Sentries","floor":7,"turns":6},{"damage":0,"enemies":"2 Louse","floor":8,"turns":1},{"damage":8,"enemies":"Gremlin Nob","floor":11,"turns":3},{"damage":13,"enemies":"Blue Slaver","floor":13,"turns":3},{"damage":14,"enemies":"3 Sentries","floor":14,"turns":4},{"damage":0,"enemies":"Slime Boss","floor":16,"turns":4},{"damage":16,"enemies":"2 Thieves","floor":18,"turns":4},{"damage":12,"enemies":"Chosen","floor":19,"turns":4},{"damage":7,"enemies":"Snake Plant","floor":20,"turns":3},{"damage":0,"enemies":"Cultist and Chosen","floor":22,"turns":4},{"damage":18,"enemies":"Chosen and Byrds","floor":24,"turns":5},{"damage":6,"enemies":"Centurion and Healer","floor":29,"turns":5},{"damage":28,"enemies":"Snecko","floor":30,"turns":5},{"damage":35,"enemies":"Champ","floor":33,"turns":11}],"seed_played":"-8078677655078146501","potions_obtained":[{"floor":1,"key":"Poison Potion"},{"floor":7,"key":"Energy Potion"},{"floor":14,"key":"FearPotion"},{"floor":20,"key":"AttackPotion"},{"floor":24,"key":"AttackPotion"},{"floor":30,"key":"Block Potion"}],"is_trial":false,"path_per_floor":["M","?","?","M","?","R","E","M","T","R","E","$","M","E","R","B",null,"M","M","M","?","M","R","M","?","T","$","R","M","M","?","R"],"character_chosen":"DEFECT","items_purchased":["Lee\u0027s Waffle","Darkness"],"campfire_rested":2,"item_purchase_floors":[12,27],"current_hp_per_floor":[61,61,66,66,66,66,27,28,28,51,44,86,74,61,61,62,82,67,56,50,50,51,51,34,34,34,34,34,29,2,2,30,0],"gold":92,"neow_bonus":"THREE_CARDS","is_prod":false,"is_daily":false,"chose_seed":false,"campfire_upgraded":4,"win_rate":0,"timestamp":1535081206,"path_taken":["M","?","?","M","?","R","E","M","T","R","E","$","?","E","R","BOSS","M","?","M","?","M","R","M","?","T","$","R","M","?","?","R","BOSS"],"build_version":"2018-08-16","purchased_purges":1,"victory":false,"max_hp_per_floor":[71,71,76,76,76,76,77,78,78,78,79,86,87,88,88,89,89,90,91,92,92,93,93,94,94,94,94,94,95,96,96,96,96],"card_choices":[{"not_picked":["Conserve Battery","Lockon"],"picked":"Doom and Gloom","floor":0},{"not_picked":["Darkness","Beam Cell"],"picked":"Tempest","floor":1},{"not_picked":["Beam Cell","Rebound"],"picked":"Streamline","floor":4},{"not_picked":["Sweeping Beam","Gash"],"picked":"Conserve Battery","floor":7},{"not_picked":["Reboot","Aggregate"],"picked":"Reinforced Body","floor":8},{"not_picked":["Recycle","Streamline"],"picked":"Genetic Algorithm","floor":11},{"not_picked":["Chill","Storm"],"picked":"Steam","floor":13},{"not_picked":["Fusion","Undo"],"picked":"Tempest","floor":14},{"not_picked":["Hyperbeam","Rainbow"],"picked":"Machine Learning","floor":16},{"not_picked":["Tempest+1","Cold Snap"],"picked":"Sunder","floor":18},{"not_picked":["Sweeping Beam","Redo"],"picked":"Hologram","floor":19},{"not_picked":["Consume","Ball Lightning"],"picked":"BootSequence","floor":20},{"not_picked":["Compile Driver","Sunder"],"picked":"Capacitor","floor":22},{"not_picked":["White Noise","Streamline"],"picked":"Leap+1","floor":24},{"not_picked":["Chaos+1","Gash","Beam Cell"],"picked":"Hologram","floor":29},{"not_picked":["Leap","Beam Cell","Doom and Gloom+1"],"picked":"Hologram+1","floor":30}],"player_experience":590386,"relics_obtained":[{"floor":7,"key":"Bag of Marbles"},{"floor":9,"key":"Pen Nib"},{"floor":11,"key":"Cables"},{"floor":14,"key":"Bottled Lightning"},{"floor":26,"key":"Question Card"}],"event_choices":[{"event_name":"Match and Keep!","player_choice":"2 cards matched","floor":2,"damage_taken":0},{"event_name":"Big Fish","player_choice":"Donut","floor":3,"damage_taken":0},{"event_name":"FaceTrader","player_choice":"Trade","floor":5,"damage_taken":0},{"event_name":"Transmorgrifier","player_choice":"Transform","floor":21,"damage_taken":0},{"event_name":"Forgotten Altar","player_choice":"Smashed Altar","floor":25,"damage_taken":0},{"event_name":"Drug Dealer","player_choice":"Ignored","floor":31,"damage_taken":0}],"is_beta":false,"boss_relics":[{"not_picked":["Calling Bell","Ectoplasm"],"picked":"Pandora\u0027s Box"}],"items_purged_floors":[27],"is_endless":false,"potions_floor_spawned":[1,7,8,14,20,24,30],"killed_by":"Champ","ascension_level":15}