{"gold_per_floor":[110,127,1,1,1,1,12,12,89,89,103,118,42,7,7,105,105,121,138,63,76,88,88,187,187,187,200,226,226,226,226,226,329,329,348,362,362,412,429,429,441,441],"floor_reached":42,"playtime":4915,"items_purged":["Strike_G"],"score":535,"play_id":"52c6fc8e-be06-4ff9-b300-1074453515fc","local_time":"20190404092339","is_ascension_mode":true,"campfire_choices":[{"floor":6,"key":"REST"},{"data":"Footwork","floor":8,"key":"SMITH"},{"data":"Accuracy","floor":15,"key":"SMITH"},{"data":"Footwork","floor":23,"key":"SMITH"},{"floor":25,"key":"REST"},{"floor":29,"key":"REST"},{"floor":32,"key":"REST"},{"floor":40,"key":"REST"}],"neow_cost":"PERCENT_DAMAGE","seed_source_timestamp":1229046980450854,"circlet_count":0,"master_deck":["Defend_G","Defend_G","Defend_G","Defend_G","Defend_G","Strike_G","Survivor","Neutralize","Blade Dance","Footwork+1","Blade Dance","Caltrops","Bullet Time","Footwork+1","Blade Dance","Adrenaline","Accuracy+1","Burst","Dodge and Roll","Dodge and Roll+1","Distraction","Blade Dance","Dodge and Roll+1","PiercingWail","Flying Knee","Burst","Concentrate+1","Predator+1","Bandage Up","Escape Plan+1","Blur","Parasite","Backflip+1"],"relics":["Ring of the Snake","Dead Branch","Lantern","Pear","Gremlin Horn","Lizard Tail","Shuriken","Regal Pillow","Nilry\u0027s Codex","WristBlade","Calipers"],"potions_floor_usage":[16,28,28,33,38,38],"damage_taken":[{"damage":0,"enemies":"Jaw Worm","floor":1,"turns":5},{"damage":0,"enemies":"2 Louse","floor":2,"turns":4},{"damage":4,"enemies":"Small Slimes","floor":7,"turns":4},{"damage":0,"enemies":"3 Louse","floor":11,"turns":2},{"damage":0,"enemies":"Lots of Slimes","floor":12,"turns":1},{"damage":45,"enemies":"The Guardian","floor":16,"turns":13},{"damage":10,"enemies":"Shell Parasite","floor":18,"turns":7},{"damage":4,"enemies":"Chosen","floor":19,"turns":5},{"damage":8,"enemies":"3 Cultists","floor":21,"turns":6},{"damage":2,"enemies":"Sentry and Sphere","floor":22,"turns":7},{"damage":9,"enemies":"Snake Plant","floor":27,"turns":5},{"damage":38,"enemies":"Slavers","floor":28,"turns":8},{"damage":36,"enemies":"Automaton","floor":33,"turns":10},{"damage":4,"enemies":"3 Shapes","floor":35,"turns":5},{"damage":2,"enemies":"Orb Walker","floor":36,"turns":4},{"damage":55,"enemies":"2 Orb Walkers","floor":38,"turns":5},{"damage":52,"enemies":"4 Shapes","floor":39,"turns":8},{"damage":38,"enemies":"Writhing Mass","floor":41,"turns":13},{"damage":13,"enemies":"Reptomancer","floor":42,"turns":2}],"seed_played":"8494553971727519785","potions_obtained":[{"floor":7,"key":"SkillPotion"},{"floor":11,"key":"GhostInAJar"},{"floor":21,"key":"Swift Potion"},{"floor":28,"key":"Block Potion"},{"floor":33,"key":"GamblersBrew"},{"floor":36,"key":"Explosive Potion"}],"is_trial":false,"path_per_floor":["M","M","$","?","?","R","M","R","T","T","M","M","$","?","R","B",null,"M","M","$","M","M","R","?","R","T","M","E","R","?","?","R","B",null,"M","M","?","?","M","R","M","E"],"character_chosen":"THE_SILENT","items_purchased":["Blade Dance","Caltrops","Accuracy"],"campfire_rested":5,"item_purchase_floors":[3,3,13],"current_hp_per_floor":[49,49,49,49,37,58,54,54,64,64,64,64,64,80,80,35,69,59,55,55,47,45,45,45,69,69,60,22,61,45,45,80,44,71,67,65,65,14,7,46,12,0],"gold":441,"neow_bonus":"ONE_RARE_RELIC","is_prod":false,"is_daily":false,"chose_seed":false,"campfire_upgraded":3,"win_rate":0,"timestamp":1554387819,"path_taken":["M","M","$","?","?","R","M","R","T","?","M","M","$","?","R","BOSS","M","M","$","M","M","R","?","R","T","M","E","R","?","?","R","BOSS","M","M","?","?","M","R","?","E"],"build_version":"2019-01-23","purchased_purges":1,"victory":false,"max_hp_per_floor":[70,70,70,70,70,70,70,70,80,80,80,80,80,80,80,80,80,80,80,80,80,80,80,80,80,80,80,80,80,80,80,80,80,80,80,80,80,80,80,80,80,80],"card_choices":[{"not_picked":["Outmaneuver","Dodge and Roll"],"picked":"Blade Dance","floor":1},{"not_picked":["Underhanded Strike","Bouncing Flask"],"picked":"Footwork","floor":2},{"not_picked":["Outmaneuver","Poisoned Stab"],"picked":"Footwork","floor":7},{"not_picked":["Outmaneuver","Poisoned Stab"],"picked":"Blade Dance","floor":11},{"not_picked":["Flying Knee","Quick Slash"],"picked":"Adrenaline","floor":12},{"not_picked":["Tools of the Trade","Envenom"],"picked":"Burst","floor":16},{"not_picked":["Prepared+1","Concentrate"],"picked":"Dodge and Roll","floor":18},{"not_picked":["Terror+1","Choke"],"picked":"Dodge and Roll+1","floor":19},{"not_picked":["Slice+1","Acrobatics"],"picked":"Distraction","floor":21},{"not_picked":["Deflect+1","PiercingWail"],"picked":"Blade Dance","floor":22},{"not_picked":["Acrobatics","Slice+1"],"picked":"Dodge and Roll+1","floor":27},{"not_picked":["Crippling Poison","PiercingWail","Poisoned Stab+1"],"picked":"SKIP","floor":28},{"not_picked":["Bullet Time","Adrenaline"],"picked":"Burst","floor":33},{"not_picked":["Dash","Cloak And Dagger"],"picked":"Concentrate+1","floor":35},{"not_picked":["Dash","Terror+1"],"picked":"Predator+1","floor":36},{"not_picked":["Finesse","Impatience"],"picked":"Bandage Up","floor":37},{"not_picked":["Acrobatics","Poisoned Stab+1"],"picked":"Escape Plan+1","floor":38},{"not_picked":["Backflip+1","Bane+1"],"picked":"Blur","floor":39},{"not_picked":["Leg Sweep","Underhanded Strike+1"],"picked":"Backflip+1","floor":41}],"player_experience":790547,"relics_obtained":[{"floor":9,"key":"Pear"},{"floor":10,"key":"Gremlin Horn"},{"floor":26,"key":"Shuriken"},{"floor":28,"key":"Regal Pillow"},{"floor":30,"key":"Nilry\u0027s Codex"},{"floor":38,"key":"Calipers"}],"event_choices":[{"damage_healed":0,"gold_gain":0,"cards_transformed":["Strike_G"],"player_choice":"Change","damage_taken":0,"max_hp_gain":0,"max_hp_loss":0,"event_name":"Living Wall","floor":4,"gold_loss":0,"cards_obtained":["Bullet Time"]},{"damage_healed":0,"gold_gain":0,"player_choice":"Success","damage_taken":12,"relics_obtained":["Lantern"],"max_hp_gain":0,"max_hp_loss":0,"event_name":"Scrap Ooze","floor":5,"gold_loss":0},{"damage_healed":20,"gold_gain":0,"player_choice":"Healed","damage_taken":0,"max_hp_gain":0,"max_hp_loss":0,"event_name":"The Cleric","floor":14,"gold_loss":35},{"damage_healed":0,"gold_gain":99,"player_choice":"Stole From Cult","damage_taken":0,"max_hp_gain":0,"max_hp_loss":0,"event_name":"Nest","floor":24,"gold_loss":0},{"damage_healed":0,"gold_gain":0,"player_choice":"Obtained Book","damage_taken":16,"max_hp_gain":0,"max_hp_loss":0,"event_name":"Cursed Tome","floor":30,"gold_loss":0},{"damage_healed":0,"gold_gain":0,"cards_transformed":["Strike_G","Strike_G"],"player_choice":"Became Test Subject","damage_taken":0,"max_hp_gain":0,"max_hp_loss":0,"event_name":"Drug Dealer","floor":31,"gold_loss":0,"cards_obtained":["PiercingWail","Flying Knee"]},{"damage_healed":0,"gold_gain":0,"player_choice":"Memory 1","damage_taken":0,"max_hp_gain":0,"max_hp_loss":0,"event_name":"SensoryStone","floor":37,"gold_loss":0},{"damage_healed":0,"gold_gain":0,"player_choice":"Fight","damage_taken":0,"max_hp_gain":0,"max_hp_loss":0,"event_name":"Mysterious Sphere","floor":38,"gold_loss":0}],"is_beta":false,"boss_relics":[{"not_picked":["Black Star","Philosopher\u0027s Stone"],"picked":"Lizard Tail"},{"not_picked":["Runic Dome","Cursed Key"],"picked":"WristBlade"}],"items_purged_floors":[20],"is_endless":false,"potions_floor_spawned":[7,11,21,28,33,36],"killed_by":"Reptomancer","ascension_level":5}