{"gold_per_floor":[16,35,50,70,46,73,73,85,85,85,111,81,81],"floor_reached":13,"playtime":971,"items_purged":[],"score":109,"play_id":"cb42efb6-7402-444d-8dfa-609d59a3d347","local_time":"20180923205017","is_ascension_mode":true,"campfire_choices":[{"data":"Riddle With Holes","floor":7,"key":"SMITH"}],"neow_cost":"NO_GOLD","seed_source_timestamp":204221853122414,"circlet_count":0,"master_deck":["Defend_G","Defend_G","Defend_G","Defend_G","Defend_G","Strike_G","Strike_G","Strike_G","Strike_G","Strike_G","Survivor","Neutralize","Riddle With Holes+1","Quick Slash","Deadly Poison","Underhanded Strike","Dagger Throw","Footwork","Deadly Poison","Backflip"],"special_seed":0,"relics":["Ring of the Snake","Gambling Chip","Mummified Hand","Sundial","Darkstone Periapt"],"potions_floor_usage":[6,6,11,13],"damage_taken":[{"damage":0.0,"enemies":"Jaw Worm","floor":1.0,"turns":7.0},{"damage":0,"enemies":"Small Slimes","floor":2,"turns":4},{"damage":3,"enemies":"Cultist","floor":3,"turns":4},{"damage":0,"enemies":"Blue Slaver","floor":4,"turns":5},{"damage":23,"enemies":"Gremlin Nob","floor":6,"turns":4},{"damage":5,"enemies":"2 Fungi Beasts","floor":8,"turns":5},{"damage":20,"enemies":"Lagavulin","floor":11,"turns":6},{"damage":19,"enemies":"3 Sentries","floor":13,"turns":6}],"seed_played":"7720439613919110726","potions_obtained":[{"floor":3,"key":"EssenceOfSteel"},{"floor":4,"key":"Dexterity Potion"},{"floor":6,"key":"Weak Potion"},{"floor":11,"key":"Strength Potion"}],"is_trial":false,"path_per_floor":["M","M","M","M","$","E","R","M","T","$","E","?"],"character_chosen":"THE_SILENT","items_purchased":["Dagger Throw"],"campfire_rested":0,"item_purchase_floors":[5],"current_hp_per_floor":[70,70,67,67,67,44,44,39,39,39,19,19,0],"gold":81,"neow_bonus":"ONE_RARE_RELIC","is_prod":false,"is_daily":false,"chose_seed":false,"campfire_upgraded":1,"win_rate":0,"timestamp":1537753817,"path_taken":["M","M","M","M","$","E","R","M","T","$","E","?","E"],"build_version":"2018-09-20","purchased_purges":0,"victory":false,"max_hp_per_floor":[70,70,70,70,70,70,70,70,70,70,70,70,70],"card_choices":[{"not_picked":["Deadly Poison","Acrobatics"],"picked":"Riddle With Holes","floor":1.0},{"not_picked":["Masterful Stab","Cloak And Dagger"],"picked":"Quick Slash","floor":2},{"not_picked":["Terror","Backflip"],"picked":"Deadly Poison","floor":3},{"not_picked":["Poisoned Stab","Glass Knife"],"picked":"Underhanded Strike","floor":4},{"not_picked":["Deflect","Quick Slash"],"picked":"Footwork","floor":6},{"not_picked":["Flying Knee","Prepared"],"picked":"Deadly Poison","floor":8},{"not_picked":["Dagger Spray","All Out Attack"],"picked":"Backflip","floor":11}],"player_experience":381249,"relics_obtained":[{"floor":6,"key":"Mummified Hand"},{"floor":9,"key":"Sundial"},{"floor":11,"key":"Darkstone Periapt"}],"event_choices":[{"event_name":"World of Goop","player_choice":"Left","floor":12,"damage_taken":0}],"is_beta":false,"boss_relics":[],"items_purged_floors":[],"is_endless":false,"potions_floor_spawned":[3,4,6,11],"killed_by":"3 Sentries","ascension_level":3}