{"gold_per_floor":[113,125,125,275,200,200,227,227,227,254,264,264,283,104,104,182,182,193,68,68,86,86,86,86],"floor_reached":24,"playtime":739,"items_purged":["Doubt","Strike_B","Strike_B"],"score":420,"play_id":"db5256a8-c634-4d77-bfdc-c29f832313ec","local_time":"20190408161658","is_ascension_mode":true,"campfire_choices":[{"data":"Zap","floor":6.0,"key":"SMITH"},{"data":"Go for the Eyes","floor":8.0,"key":"SMITH"},{"data":"Loop","floor":15.0,"key":"SMITH"},{"data":"Machine Learning","floor":23,"key":"SMITH"}],"neow_cost":"NONE","seed_source_timestamp":875785039900,"circlet_count":0,"master_deck":["AscendersBane","Strike_B","Defend_B","Defend_B","Defend_B","Defend_B","Zap+1","Dualcast","Go for the Eyes+1","Cold Snap","Glacier","Core Surge","Cold Snap","Darkness","Loop+1","Machine Learning+1","Glacier"],"special_seed":0,"relics":["Cracked Core","NeowsBlessing","Sundial","Strawberry","Du-Vu Doll","Snecko Eye","Ornamental Fan"],"potions_floor_usage":[18,24,24],"damage_taken":[{"damage":0.0,"enemies":"Jaw Worm","floor":1.0,"turns":1.0},{"damage":0.0,"enemies":"2 Louse","floor":2.0,"turns":1.0},{"damage":0.0,"enemies":"3 Sentries","floor":7.0,"turns":1.0},{"damage":23.0,"enemies":"Lagavulin","floor":10.0,"turns":7.0},{"damage":0.0,"enemies":"Cultist","floor":11.0,"turns":3.0},{"damage":10.0,"enemies":"Gremlin Gang","floor":13.0,"turns":5.0},{"damage":2.0,"enemies":"The Guardian","floor":16.0,"turns":9.0},{"damage":24,"enemies":"2 Thieves","floor":18,"turns":5},{"damage":1,"enemies":"Chosen","floor":21,"turns":5},{"damage":47,"enemies":"Gremlin Leader","floor":24,"turns":7}],"seed_played":"-1941696114139460336","potions_obtained":[{"floor":10.0,"key":"Block Potion"},{"floor":11.0,"key":"SkillPotion"},{"floor":18,"key":"SneckoOil"}],"is_trial":false,"path_per_floor":["M","M","?","?","$","R","E","R","T","E","M","?","M","$","R","B",null,"M","$","T","M","$","R","E"],"character_chosen":"DEFECT","items_purchased":["Loop"],"campfire_rested":0,"item_purchase_floors":[14],"current_hp_per_floor":[64,64,69,69,69,69,69,69,76,53,53,46,36,36,36,34,71,47,47,47,46,46,46,0],"gold":86,"neow_bonus":"THREE_ENEMY_KILL","is_prod":false,"is_daily":false,"chose_seed":false,"campfire_upgraded":4,"win_rate":0,"timestamp":1554765418,"path_taken":["M","M","?","?","$","R","E","R","T","E","M","?","?","$","R","BOSS","M","$","?","?","$","R","E"],"build_version":"2019-01-23","purchased_purges":3,"victory":false,"max_hp_per_floor":[71,71,76,76,76,76,76,76,83,83,83,83,83,83,83,83,83,83,83,83,83,83,83,83],"card_choices":[{"not_picked":["Double Energy","Gash"],"picked":"Go for the Eyes","floor":1.0},{"not_picked":["Go for the Eyes","Leap"],"picked":"Cold Snap","floor":2.0},{"not_picked":["Consume","Compile Driver"],"picked":"Glacier","floor":7.0},{"not_picked":["Gash","Steam"],"picked":"Core Surge","floor":10.0},{"not_picked":["Streamline","Hologram"],"picked":"Cold Snap","floor":11.0},{"not_picked":["Rebound","Consume"],"picked":"Darkness","floor":13.0},{"not_picked":["Multi-Cast","Meteor Strike"],"picked":"Machine Learning","floor":16.0},{"not_picked":["Gash","Redo","Go for the Eyes+1"],"picked":"SKIP","floor":18},{"not_picked":["Conserve Battery","Fission"],"picked":"Glacier","floor":21}],"player_experience":493172,"relics_obtained":[{"floor":7.0,"key":"Sundial"},{"floor":9.0,"key":"Strawberry"},{"floor":10.0,"key":"Du-Vu Doll"},{"floor":20,"key":"Ornamental Fan"}],"event_choices":[{"damage_healed":0.0,"max_hp_gain":5.0,"max_hp_loss":0.0,"gold_gain":0.0,"event_name":"Big Fish","player_choice":"Donut","floor":3.0,"gold_loss":0.0,"damage_taken":0.0},{"damage_healed":0.0,"max_hp_gain":0.0,"max_hp_loss":0.0,"gold_gain":150.0,"event_name":"Liars Game","player_choice":"AGREE","floor":4.0,"gold_loss":0.0,"damage_taken":0.0,"cards_obtained":["Doubt"]},{"cards_removed":["Strike_B"],"damage_healed":0.0,"max_hp_gain":0.0,"max_hp_loss":0.0,"gold_gain":0.0,"event_name":"Golden Wing","player_choice":"Card Removal","floor":12.0,"gold_loss":0.0,"damage_taken":7.0}],"is_beta":false,"boss_relics":[{"not_picked":["FrozenCore","Black Star"],"picked":"Snecko Eye"}],"items_purged_floors":[5,14,19],"is_endless":false,"potions_floor_spawned":[10,11,13,16,18],"killed_by":"Gremlin Leader","ascension_level":17}