{"gold_per_floor":[119,134,134,145,165,165,188,188,188,188],"floor_reached":10,"playtime":550,"items_purged":[],"score":110,"play_id":"00f356ae-025a-42f9-8500-c87d3f7546ce","local_time":"20181225122042","is_ascension_mode":true,"campfire_choices":[{"data":"Neutralize","floor":6.0,"key":"SMITH"},{"floor":8.0,"key":"REST"}],"neow_cost":"NONE","seed_source_timestamp":109721452111304,"circlet_count":0,"master_deck":["AscendersBane","Defend_G","Defend_G","Defend_G","Defend_G","Defend_G","Strike_G","Strike_G","Strike_G","Strike_G","Survivor","Neutralize+1","Riddle With Holes","Deflect","Malaise","Endless Agony","Dash"],"special_seed":0,"relics":["Ring of the Snake","Regal Pillow","Juzu Bracelet"],"potions_floor_usage":[],"damage_taken":[{"damage":4.0,"enemies":"Small Slimes","floor":1.0,"turns":4.0},{"damage":2.0,"enemies":"Cultist","floor":2.0,"turns":5.0},{"damage":0.0,"enemies":"2 Louse","floor":4.0,"turns":3.0},{"damage":26.0,"enemies":"Gremlin Gang","floor":5.0,"turns":9.0},{"damage":41,"enemies":"Lagavulin","floor":10,"turns":11}],"seed_played":"-8564124964249983967","potions_obtained":[{"floor":4.0,"key":"Fruit Juice"}],"is_trial":false,"path_per_floor":["M","M","?","M","M","R","T","R","T","E"],"character_chosen":"THE_SILENT","items_purchased":[],"campfire_rested":1,"item_purchase_floors":[],"current_hp_per_floor":[61,59,59,64,38,38,38,76,76,35],"gold":188,"neow_bonus":"TEN_PERCENT_HP_BONUS","is_prod":false,"is_daily":false,"chose_seed":false,"campfire_upgraded":1,"win_rate":0,"timestamp":1545769242,"path_taken":["M","M","?","?","M","R","?","R","T","E"],"build_version":"2018-12-20","purchased_purges":0,"victory":false,"max_hp_per_floor":[72,72,72,77,77,77,77,77,77,77],"card_choices":[{"not_picked":["Cloak And Dagger","Backflip"],"picked":"Riddle With Holes","floor":1.0},{"not_picked":["Tactician","Bane"],"picked":"Deflect","floor":2.0},{"not_picked":["Outmaneuver","Dodge and Roll"],"picked":"Endless Agony","floor":4.0},{"not_picked":["Reflex","Predator"],"picked":"Dash","floor":5.0}],"player_experience":702354,"relics_obtained":[{"floor":7.0,"key":"Regal Pillow"},{"floor":9.0,"key":"Juzu Bracelet"}],"event_choices":[{"damage_healed":0.0,"max_hp_gain":0.0,"max_hp_loss":0.0,"gold_gain":0.0,"cards_transformed":["Strike_G"],"event_name":"Transmorgrifier","player_choice":"Transformed","floor":3.0,"gold_loss":0.0,"damage_taken":0.0,"cards_obtained":["Malaise"]}],"is_beta":false,"boss_relics":[],"items_purged_floors":[],"is_endless":false,"potions_floor_spawned":[4],"killed_by":"Lagavulin","ascension_level":18}