{"gold_per_floor":[216,231,48,63,163,191,191,222,248,281,293,293,327,337,337,412,412,426,426,437,28,28,61,61,89,113,113,123,136,146,162,162,236,236,256,256,156,156,170,199,199,229,229,262,262,262],"floor_reached":46,"playtime":3190,"items_purged":["Heavy Blade","Flex"],"score":975,"play_id":"8085ba0f-4362-46de-a8fb-a4346524e9c1","local_time":"20180814201018","is_ascension_mode":true,"campfire_choices":[{"data":"Uppercut","floor":7,"key":"SMITH"},{"floor":15,"key":"REST"},{"data":"Immolate","floor":24,"key":"SMITH"},{"data":"Whirlwind","floor":27,"key":"SMITH"},{"data":"Armaments","floor":32,"key":"SMITH"},{"floor":41,"key":"REST"}],"neow_cost":"NONE","seed_source_timestamp":0,"circlet_count":0,"master_deck":["Bash","AscendersBane","Uppercut+1","Iron Wave","Inflame","Reaper","Headbutt+1","Twin Strike","Inflame+1","Feel No Pain","Anger","Armaments+1","Impervious","Spot Weakness","Cleave","Twin Strike","Pummel","Clash","Thunderclap","Flex","Whirlwind+1","Feel No Pain","Uppercut+1","Immolate+1","True Grit+1","Disarm","Havoc"],"special_seed":0,"relics":["Burning Blood","Whetstone","Ancient Tea Set","Strawberry","Bag of Marbles","Omamori","Pandora\u0027s Box","Blue Candle","Orichalcum","Blood Vial","Singing Bowl","Boot","Runic Cube","The Courier","Thread and Needle","Shuriken","Question Card","FaceOfCleric"],"potions_floor_usage":[10,13,16,23,23,33,39,44,46],"damage_taken":[{"damage":19.0,"enemies":"Jaw Worm","floor":1.0,"turns":5.0},{"damage":1.0,"enemies":"Cultist","floor":2.0,"turns":3.0},{"damage":0.0,"enemies":"Small Slimes","floor":4.0,"turns":3.0},{"damage":25.0,"enemies":"Gremlin Nob","floor":6.0,"turns":4.0},{"damage":50,"enemies":"3 Sentries","floor":8,"turns":9},{"damage":27,"enemies":"Gremlin Nob","floor":10,"turns":4},{"damage":1,"enemies":"Looter","floor":11,"turns":2},{"damage":21,"enemies":"Lagavulin","floor":13,"turns":7},{"damage":27,"enemies":"3 Louse","floor":14,"turns":3},{"damage":51,"enemies":"The Guardian","floor":16,"turns":11},{"damage":22,"enemies":"Spheric Guardian","floor":18,"turns":4},{"damage":0,"enemies":"Chosen","floor":20,"turns":3},{"damage":41,"enemies":"Slavers","floor":23,"turns":5},{"damage":36,"enemies":"Book of Stabbing","floor":25,"turns":5},{"damage":9,"enemies":"Snecko","floor":28,"turns":3},{"damage":0,"enemies":"Snake Plant","floor":29,"turns":2},{"damage":3,"enemies":"Centurion and Healer","floor":30,"turns":8},{"damage":13,"enemies":"Snecko","floor":31,"turns":3},{"damage":50,"enemies":"Collector","floor":33,"turns":8},{"damage":9,"enemies":"Orb Walker","floor":35,"turns":3},{"damage":27,"enemies":"Flame Bruiser 1 Orb","floor":39,"turns":7},{"damage":63,"enemies":"Giant Head","floor":40,"turns":8},{"damage":30,"enemies":"Nemesis","floor":42,"turns":7},{"damage":39,"enemies":"Giant Head","floor":44,"turns":8},{"damage":77,"enemies":"Nemesis","floor":46,"turns":6}],"seed_played":"5957323502122827797","potions_obtained":[{"floor":2.0,"key":"Dexterity Potion"},{"floor":8,"key":"Energy Potion"},{"floor":13,"key":"Weak Potion"},{"floor":14,"key":"Dexterity Potion"},{"floor":18,"key":"Fire Potion"},{"floor":20,"key":"AttackPotion"},{"floor":25,"key":"Ancient Potion"},{"floor":30,"key":"AttackPotion"},{"floor":33,"key":"LiquidBronze"},{"floor":38,"key":"BloodPotion"},{"floor":38,"key":"Strength Potion"},{"floor":40,"key":"Fire Potion"},{"floor":44,"key":"Strength Potion"}],"is_trial":false,"path_per_floor":["M","M","$","M","?","E","R","E","T","E","M","?","E","M","R","B",null,"M","?","M","$","?","E","R","E","T","R","M","M","M","M","R","B",null,"M","?","$","?","M","E","R","E","T","E","?"],"character_chosen":"IRONCLAD","items_purchased":["Inflame","Reaper","Fruit Juice","Orichalcum","Feel No Pain"],"campfire_rested":2,"item_purchase_floors":[3,3,21,21,21],"current_hp_per_floor":[59,64,64,76,76,57,57,20,27,18,23,23,21,30,56,11,68,52,52,58,58,58,38,38,26,26,26,35,45,62,59,59,19,83,84,84,84,84,87,32,64,66,66,35,35,0],"gold":262,"neow_bonus":"HUNDRED_GOLD","is_prod":false,"is_daily":false,"chose_seed":false,"campfire_upgraded":4,"win_rate":0,"timestamp":1534302618,"path_taken":["M","M","$","M","?","E","R","E","T","E","M","?","E","M","R","BOSS","M","?","M","$","?","E","R","E","T","R","M","?","?","M","R","BOSS","M","?","$","?","?","E","R","E","T","E","?","E"],"build_version":"2018-08-09","purchased_purges":2,"victory":false,"max_hp_per_floor":[80,80,80,80,80,80,80,80,87,87,87,87,87,87,87,87,87,87,87,87,87,87,92,92,94,94,94,96,98,100,102,102,104,104,106,106,106,106,108,108,108,108,108,108,108,108],"card_choices":[{"not_picked":["Thunderclap","Wild Strike"],"picked":"Uppercut","floor":1.0},{"not_picked":["Twin Strike","Cleave"],"picked":"Iron Wave","floor":2.0},{"not_picked":["Pommel Strike","Double Tap"],"picked":"Headbutt","floor":4.0},{"not_picked":["Thunderclap","Warcry"],"picked":"Twin Strike","floor":6.0},{"not_picked":["Blood for Blood","Power Through"],"picked":"Inflame","floor":8},{"not_picked":["Sever Soul","Clash"],"picked":"Feel No Pain","floor":10},{"not_picked":["Berserk","Wild Strike","Flex"],"picked":"SKIP","floor":11},{"not_picked":["Hemokinesis","Cleave"],"picked":"Anger","floor":13},{"not_picked":["Body Slam","Carnage"],"picked":"Armaments","floor":14},{"not_picked":["Exhume","Dark Embrace"],"picked":"Impervious","floor":16},{"not_picked":["Body Slam","Thunderclap","Heavy Blade+1"],"picked":"SKIP","floor":18},{"not_picked":["Rampage","Power Through"],"picked":"Whirlwind","floor":20},{"not_picked":["Dual Wield","Uppercut"],"picked":"Immolate","floor":23},{"not_picked":["Flex+1","Seeing Red","Heavy Blade"],"picked":"Singing Bowl","floor":25},{"not_picked":["Dual Wield","Rupture","Thunderclap"],"picked":"Singing Bowl","floor":28},{"not_picked":["Wild Strike","Evolve","Heavy Blade"],"picked":"Singing Bowl","floor":29},{"not_picked":["Thunderclap","Headbutt","Warcry"],"picked":"Singing Bowl","floor":30},{"not_picked":["Spot Weakness","Twin Strike","Body Slam+1"],"picked":"Singing Bowl","floor":31},{"not_picked":["Brutality","Bludgeon","Dark Embrace"],"picked":"Singing Bowl","floor":33},{"not_picked":["Thunderclap+1","Fire Breathing","Wild Strike+1"],"picked":"Singing Bowl","floor":35},{"not_picked":["Blood for Blood","Clothesline","Twin Strike"],"picked":"Singing Bowl","floor":39},{"not_picked":["Clothesline","Warcry"],"picked":"True Grit+1","floor":40},{"not_picked":["Seeing Red","Rupture+1"],"picked":"Disarm","floor":42},{"not_picked":["Intimidate","Second Wind"],"picked":"Havoc","floor":44}],"player_experience":452699,"relics_obtained":[{"floor":6.0,"key":"Whetstone"},{"floor":8,"key":"Ancient Tea Set"},{"floor":9,"key":"Strawberry"},{"floor":10,"key":"Bag of Marbles"},{"floor":13,"key":"Omamori"},{"floor":23,"key":"Blood Vial"},{"floor":25,"key":"Singing Bowl"},{"floor":26,"key":"Boot"},{"floor":40,"key":"The Courier"},{"floor":42,"key":"Thread and Needle"},{"floor":43,"key":"Shuriken"},{"floor":44,"key":"Question Card"}],"event_choices":[{"event_name":"Golden Shrine","player_choice":"Pray","floor":5.0,"damage_taken":0.0},{"event_name":"Living Wall","player_choice":"Grow","floor":12,"damage_taken":0},{"event_name":"The Mausoleum","player_choice":"Yes","floor":19,"damage_taken":0},{"event_name":"Duplicator","player_choice":"One dupe","floor":22,"damage_taken":0},{"event_name":"Tomb of Lord Red Mask","player_choice":"Ignored","floor":36,"damage_taken":0},{"event_name":"The Lab","player_choice":"Got Potions","floor":38,"damage_taken":0},{"event_name":"FaceTrader","player_choice":"Trade","floor":45,"damage_taken":0}],"is_beta":false,"boss_relics":[{"not_picked":["Empty Cage","Ectoplasm"],"picked":"Pandora\u0027s Box"},{"not_picked":["Lizard Tail","Runic Pyramid"],"picked":"Runic Cube"}],"items_purged_floors":[21,37],"is_endless":false,"potions_floor_spawned":[2,8,13,14,18,20,25,30,33,40,42,44],"killed_by":"Nemesis","ascension_level":13}