{"gold_per_floor":[365,5,15,90,106,135,135,169,195,195,206,206,132,198,198,302,302,320,595,605,171,171,171,124,157,157,168,12,28,28,28,28,132,132,150,164,184,184,202,202,202,230,268,297,29,40,40,51,51,51],"floor_reached":50,"playtime":2667,"items_purged":["Strike_G","Regret","Strike_G"],"score":675,"play_id":"bd558169-d275-4af4-b19f-2718244222d4","local_time":"20190130204040","is_ascension_mode":true,"campfire_choices":[{"data":"Noxious Fumes","floor":7.0,"key":"SMITH"},{"floor":10.0,"key":"REST"},{"data":"Footwork","floor":12.0,"key":"SMITH"},{"data":"Deadly Poison","floor":15.0,"key":"SMITH"},{"data":"After Image","floor":23.0,"key":"SMITH"},{"floor":32,"key":"REST"},{"floor":40,"key":"REST"},{"floor":47,"key":"REST"},{"floor":49,"key":"REST"}],"neow_cost":"TEN_PERCENT_HP_LOSS","seed_source_timestamp":0,"circlet_count":0,"master_deck":["Defend_G","Defend_G","Defend_G","Defend_G","Defend_G","Strike_G","Strike_G","Survivor","Neutralize","Footwork+1","Deadly Poison+1","Leg Sweep","Noxious Fumes+1","Prepared","Cloak And Dagger","Dash","Dagger Spray","Leg Sweep","After Image+1","Poisoned Stab","Bane","Finesse","Deflect","Noxious Fumes","After Image+1","Poisoned Stab+1","Wraith Form v2","Deadly Poison+1","Cloak And Dagger+1","Madness","Deflect","Poisoned Stab+1","Flechettes","Bane","Caltrops","Footwork","Distraction","Deflect+1","Leg Sweep+1"],"special_seed":0,"relics":["Ring of the Snake","TwistedFunnel","Anchor","Regal Pillow","Bag of Marbles","Velvet Choker","ClockworkSouvenir","The Courier","Happy Flower","DollysMirror","Lizard Tail","MawBank","PreservedInsect"],"potions_floor_usage":[25,25,33,42,42,44,50,50],"damage_taken":[{"damage":0.0,"enemies":"Small Slimes","floor":1.0,"turns":3.0},{"damage":0.0,"enemies":"2 Louse","floor":3.0,"turns":2.0},{"damage":0.0,"enemies":"Cultist","floor":5.0,"turns":4.0},{"damage":15.0,"enemies":"Lagavulin","floor":6.0,"turns":7.0},{"damage":22.0,"enemies":"3 Sentries","floor":8.0,"turns":8.0},{"damage":0.0,"enemies":"2 Fungi Beasts","floor":11.0,"turns":3.0},{"damage":11.0,"enemies":"The Guardian","floor":16.0,"turns":12.0},{"damage":0.0,"enemies":"Chosen","floor":18.0,"turns":5.0},{"damage":6.0,"enemies":"Spheric Guardian","floor":20.0,"turns":5.0},{"damage":12,"enemies":"Gremlin Leader","floor":25,"turns":6},{"damage":0,"enemies":"Shelled Parasite and Fungi","floor":27,"turns":5},{"damage":0,"enemies":"3 Cultists","floor":29,"turns":5},{"damage":35,"enemies":"Automaton","floor":33,"turns":9},{"damage":4,"enemies":"3 Darklings","floor":35,"turns":6},{"damage":0,"enemies":"Orb Walker","floor":36,"turns":4},{"damage":37,"enemies":"Writhing Mass","floor":37,"turns":6},{"damage":0,"enemies":"4 Shapes","floor":39,"turns":5},{"damage":44,"enemies":"Giant Head","floor":42,"turns":11},{"damage":22,"enemies":"Transient","floor":44,"turns":5},{"damage":21,"enemies":"Jaw Worm Horde","floor":46,"turns":5},{"damage":14,"enemies":"Maw","floor":48,"turns":8},{"damage":77,"enemies":"Donu and Deca","floor":50,"turns":10}],"seed_played":"-7350711950905313724","potions_obtained":[{"floor":3.0,"key":"Block Potion"},{"floor":5.0,"key":"SteroidPotion"},{"floor":8.0,"key":"Weak Potion"},{"floor":16.0,"key":"GamblersBrew"},{"floor":18.0,"key":"Poison Potion"},{"floor":29,"key":"PowerPotion"},{"floor":35,"key":"Energy Potion"},{"floor":37,"key":"GhostInAJar"},{"floor":39,"key":"Dexterity Potion"},{"floor":44,"key":"Poison Potion"},{"floor":48,"key":"Swift Potion"}],"is_trial":false,"path_per_floor":["M","$","M","?","M","E","R","E","T","R","M","R","$","?","R","B",null,"M","?","M","$","?","R","$","E","T","M","$","M","$","?","R","B",null,"M","M","M","?","M","R","?","E","T","M","$","M","R","M","R","B"],"character_chosen":"THE_SILENT","items_purchased":["TwistedFunnel","Deadly Poison","Leg Sweep","Leg Sweep","ClockworkSouvenir","Bane","Finesse","Deflect","DollysMirror","Bane","Caltrops","Footwork","Distraction"],"campfire_rested":5,"item_purchase_floors":[2,2,2,13,21,21,21,24,28,45,45,45,45],"current_hp_per_floor":[63,63,63,52,52,37,37,15,15,48,48,48,48,48,48,37,57,57,57,51,51,40,40,40,28,28,28,28,28,28,28,63,28,58,54,54,17,17,17,52,52,8,8,27,27,6,41,27,62,0],"gold":51,"neow_bonus":"TWO_FIFTY_GOLD","is_prod":false,"is_daily":false,"chose_seed":false,"campfire_upgraded":4,"win_rate":0,"timestamp":1548902440,"path_taken":["M","$","M","?","M","E","R","E","T","R","M","R","$","?","R","BOSS","M","?","?","$","?","R","$","E","T","M","$","M","?","?","R","BOSS","M","M","M","?","M","R","?","E","T","M","$","M","R","M","R","BOSS"],"build_version":"2019-01-23","purchased_purges":3,"victory":false,"max_hp_per_floor":[63,63,63,63,63,63,63,63,63,63,63,63,63,63,63,63,63,63,63,63,63,68,68,68,68,68,68,68,68,68,68,68,68,68,68,68,68,68,68,68,68,68,68,68,68,68,68,68,68,68],"card_choices":[{"not_picked":["Underhanded Strike","Deflect"],"picked":"Footwork","floor":1.0},{"not_picked":["Catalyst","Cloak And Dagger"],"picked":"Noxious Fumes","floor":3.0},{"not_picked":["PiercingWail","Concentrate"],"picked":"Prepared","floor":5.0},{"not_picked":["Blade Dance","Skewer"],"picked":"Cloak And Dagger","floor":6.0},{"not_picked":["Blade Dance","Masterful Stab"],"picked":"Dash","floor":8.0},{"not_picked":["Eviscerate","Flying Knee"],"picked":"Dagger Spray","floor":11.0},{"not_picked":["Envenom","A Thousand Cuts"],"picked":"After Image","floor":16.0},{"not_picked":["Backstab+1","Quick Slash+1"],"picked":"Poisoned Stab","floor":18.0},{"not_picked":["Acrobatics+1","Skewer","Predator"],"picked":"SKIP","floor":20.0},{"not_picked":["Well Laid Plans","Acrobatics"],"picked":"Noxious Fumes","floor":25},{"not_picked":["Quick Slash+1","Flying Knee","Acrobatics"],"picked":"SKIP","floor":27},{"not_picked":["Predator","Flying Knee+1"],"picked":"Poisoned Stab+1","floor":29},{"not_picked":["Venomology","Bullet Time"],"picked":"Wraith Form v2","floor":33},{"not_picked":["Acrobatics+1","Flying Knee+1"],"picked":"Deadly Poison+1","floor":35},{"not_picked":["Underhanded Strike","Blade Dance"],"picked":"Cloak And Dagger+1","floor":36},{"not_picked":["All Out Attack+1","Calculated Gamble","Sucker Punch+1"],"picked":"SKIP","floor":37},{"not_picked":["Metamorphosis","Deep Breath"],"picked":"Madness","floor":38},{"not_picked":["Flechettes","Slice+1"],"picked":"Deflect","floor":39},{"not_picked":["Tools of the Trade","Distraction+1"],"picked":"Poisoned Stab+1","floor":42},{"not_picked":["Acrobatics+1","Terror"],"picked":"Flechettes","floor":44},{"not_picked":["Flying Knee","Blade Dance"],"picked":"Deflect+1","floor":46},{"not_picked":["Sucker Punch+1","Deadly Poison"],"picked":"Leg Sweep+1","floor":48}],"player_experience":748154,"relics_obtained":[{"floor":6.0,"key":"Anchor"},{"floor":8.0,"key":"Regal Pillow"},{"floor":9.0,"key":"Bag of Marbles"},{"floor":25,"key":"The Courier"},{"floor":26,"key":"Happy Flower"},{"floor":42,"key":"MawBank"},{"floor":43,"key":"PreservedInsect"}],"event_choices":[{"damage_healed":0.0,"max_hp_gain":0.0,"max_hp_loss":0.0,"gold_gain":75.0,"event_name":"World of Goop","player_choice":"Gather Gold","floor":4.0,"gold_loss":0.0,"damage_taken":11.0},{"damage_healed":0.0,"max_hp_gain":0.0,"max_hp_loss":0.0,"gold_gain":66.0,"event_name":"Golden Wing","player_choice":"Gained Gold","floor":14.0,"gold_loss":0.0,"damage_taken":0.0},{"damage_healed":0.0,"max_hp_gain":0.0,"max_hp_loss":0.0,"gold_gain":275.0,"event_name":"Golden Shrine","player_choice":"Desecrate","floor":19.0,"gold_loss":0.0,"damage_taken":0.0,"cards_obtained":["Regret"]},{"damage_healed":0.0,"max_hp_gain":5.0,"max_hp_loss":0.0,"gold_gain":0.0,"event_name":"Forgotten Altar","player_choice":"Shed Blood","floor":22.0,"gold_loss":0.0,"damage_taken":16.0},{"damage_healed":0,"gold_gain":0,"player_choice":"Ignored","damage_taken":0,"max_hp_gain":0,"max_hp_loss":0,"event_name":"Vampires","floor":31,"gold_loss":0},{"damage_healed":0,"gold_gain":0,"player_choice":"Memory 1","damage_taken":0,"max_hp_gain":0,"max_hp_loss":0,"event_name":"SensoryStone","floor":38,"gold_loss":0},{"cards_removed":["Strike_G"],"damage_healed":0,"gold_gain":0,"player_choice":"Removed Attack","damage_taken":0,"max_hp_gain":0,"max_hp_loss":0,"event_name":"Falling","floor":41,"gold_loss":0}],"is_beta":false,"boss_relics":[{"not_picked":["Tiny House","HoveringKite"],"picked":"Velvet Choker"},{"not_picked":["Coffee Dripper","Pandora\u0027s Box"],"picked":"Lizard Tail"}],"items_purged_floors":[2,21,45],"is_endless":false,"potions_floor_spawned":[3,5,8,16,18,29,35,37,39,44,48],"killed_by":"Donu and Deca","ascension_level":5}