{"gold_per_floor":[110,124,141,160,176,176,176,176,176,201,219,233,233,244,244,346,346,363],"floor_reached":18,"playtime":908,"items_purged":[],"score":210,"play_id":"dca3b942-95b9-4ed8-8dfd-ed15375746ba","local_time":"20180727151509","is_ascension_mode":true,"campfire_choices":[{"floor":6,"key":"REST"},{"floor":13,"key":"REST"},{"floor":15,"key":"REST"}],"neow_cost":"","seed_source_timestamp":357426125027703,"circlet_count":0,"master_deck":["Defend_G","Defend_G","Defend_G","Defend_G","Defend_G","Strike_G","Strike_G","Strike_G","Strike_G","Survivor","Neutralize","Sucker Punch","Caltrops","Calculated Gamble","Outmaneuver","Quick Slash","Finisher","Accuracy","Venomology","Flying Knee","Backflip","Corpse Explosion","Footwork"],"relics":["Ring of the Serpent","Bottled Tornado","Blood Vial"],"potions_floor_usage":[10,10,14,16,16,16,16,16,18],"damage_taken":[{"damage":0,"enemies":"Cultist","floor":1,"turns":4},{"damage":0,"enemies":"Small Slimes","floor":2,"turns":3},{"damage":18,"enemies":"Jaw Worm","floor":3,"turns":6},{"damage":2,"enemies":"Blue Slaver","floor":4,"turns":4},{"damage":37,"enemies":"Gremlin Gang","floor":5,"turns":6},{"damage":27,"enemies":"Lagavulin","floor":10,"turns":5},{"damage":14,"enemies":"Exordium Wildlife","floor":11,"turns":3},{"damage":14,"enemies":"Lots of Slimes","floor":12,"turns":5},{"damage":8,"enemies":"Blue Slaver","floor":14,"turns":4},{"damage":16,"enemies":"Hexaghost","floor":16,"turns":8},{"damage":24,"enemies":"Shell Parasite","floor":18,"turns":7}],"seed_played":"2392242117239224252","potions_obtained":[{"floor":4,"key":"Regen Potion"},{"floor":5,"key":"Strength Potion"},{"floor":10,"key":"SkillPotion"},{"floor":12,"key":"PowerPotion"},{"floor":14,"key":"SteroidPotion"},{"floor":18,"key":"Regen Potion"}],"is_trial":false,"path_per_floor":["M","M","M","M","M","R","?","?","T","E","M","M","R","M","R","B",null],"character_chosen":"THE_SILENT","items_purchased":[],"campfire_rested":3,"item_purchase_floors":[],"current_hp_per_floor":[70,70,52,50,13,34,34,70,70,52,40,28,49,43,64,50,65,43],"gold":363,"neow_bonus":"","is_prod":false,"is_daily":false,"chose_seed":false,"campfire_upgraded":0,"win_rate":0,"timestamp":1532729709,"path_taken":["M","M","M","?","M","R","?","?","T","E","M","?","R","M","R","BOSS","M"],"build_version":"2018-07-26","purchased_purges":0,"victory":false,"max_hp_per_floor":[70,70,70,70,70,70,70,70,70,70,70,70,70,70,70,70,70,70],"card_choices":[{"not_picked":["Deadly Poison","Slice"],"picked":"Sucker Punch","floor":1},{"not_picked":["Slice","Outmaneuver"],"picked":"Caltrops","floor":2},{"not_picked":["Flying Knee","Poisoned Stab"],"picked":"Calculated Gamble","floor":3},{"not_picked":["Flechettes","Expertise"],"picked":"Outmaneuver","floor":4},{"not_picked":["Poisoned Stab","Backflip"],"picked":"Quick Slash","floor":5},{"not_picked":["Reflex","Infinite Blades"],"picked":"Accuracy","floor":10},{"not_picked":["Sucker Punch","Prepared"],"picked":"Venomology","floor":11},{"not_picked":["Prepared","Acrobatics"],"picked":"Flying Knee","floor":12},{"not_picked":["Poisoned Stab","Eviscerate"],"picked":"Backflip","floor":14},{"not_picked":["Night Terror","Burst"],"picked":"Corpse Explosion","floor":16},{"not_picked":["Choke","Expertise"],"picked":"Footwork","floor":18}],"player_experience":220292,"relics_obtained":[{"floor":9,"key":"Bottled Tornado"},{"floor":10,"key":"Blood Vial"}],"event_choices":[{"event_name":"Transmorgrifier","player_choice":"Transform","floor":7,"damage_taken":0},{"event_name":"Wheel of Change","player_choice":"Full Heal","floor":8,"damage_taken":0}],"is_beta":false,"boss_relics":[{"not_picked":["Velvet Choker","Coffee Dripper"],"picked":"Ring of the Serpent"}],"items_purged_floors":[],"is_endless":false,"potions_floor_spawned":[4,5,10,12,14,18],"killed_by":"Shell Parasite","ascension_level":5}