{"gold_per_floor":[117,9,9,9,9,9,49,49,75,119,144,181,231,262,274,376,388,413,425,437,472,28,28,48,48,48,71,71,71,71,71,71,71],"floor_reached":33,"playtime":1774,"items_purged":["Writhe"],"score":591,"play_id":"b42af2de-5202-4ce6-8e77-2d39ee76ca15","local_time":"20181225140345","is_ascension_mode":true,"campfire_choices":[{"data":"Neutralize","floor":6.0,"key":"SMITH"},{"data":"Dash","floor":8.0,"key":"SMITH"},{"data":"Sucker Punch","floor":15.0,"key":"SMITH"},{"data":"Malaise","floor":23.0,"key":"SMITH"},{"data":"Dodge and Roll","floor":25.0,"key":"SMITH"},{"floor":28.0,"key":"REST"},{"data":"Dash","floor":30.0,"key":"SMITH"},{"data":"Ghostly","floor":32,"key":"SMITH"}],"neow_cost":"NONE","seed_source_timestamp":114772873850323,"circlet_count":0,"master_deck":["AscendersBane","Defend_G","Defend_G","Defend_G","Defend_G","Defend_G","Strike_G","Strike_G","Strike_G","Strike_G","Strike_G","Survivor","Neutralize+1","Dash+1","Deadly Poison","Quick Slash","Bouncing Flask","Bane","Dodge and Roll+1","Blur","Backflip","Sucker Punch+1","Malaise+1","PiercingWail+1","Deflect","Decay","Dash+1","Shame","Ghostly+1","Ghostly","Ghostly"],"special_seed":0,"relics":["Ring of the Snake","NeowsBlessing","Golden Idol","Dead Branch","Anchor","Vajra","MawBank","Centennial Puzzle","Cursed Key","Sundial","TwistedFunnel","Oddly Smooth Stone","Smiling Mask","Regal Pillow"],"potions_floor_usage":[],"damage_taken":[{"damage":0.0,"enemies":"2 Louse","floor":1.0,"turns":1.0},{"damage":0.0,"enemies":"Gremlin Nob","floor":7.0,"turns":1.0},{"damage":0.0,"enemies":"Lagavulin","floor":10.0,"turns":1.0},{"damage":0.0,"enemies":"Jaw Worm","floor":11.0,"turns":2.0},{"damage":0.0,"enemies":"Cultist","floor":12.0,"turns":2.0},{"damage":7.0,"enemies":"Gremlin Nob","floor":13.0,"turns":4.0},{"damage":13.0,"enemies":"Exordium Wildlife","floor":14.0,"turns":6.0},{"damage":7.0,"enemies":"Hexaghost","floor":16.0,"turns":11.0},{"damage":3.0,"enemies":"Chosen","floor":18.0,"turns":4.0},{"damage":9.0,"enemies":"Colosseum Slavers","floor":20.0,"turns":5.0},{"damage":15.0,"enemies":"Spheric Guardian","floor":21.0,"turns":7.0},{"damage":2.0,"enemies":"Snake Plant","floor":24.0,"turns":4.0},{"damage":13.0,"enemies":"Shelled Parasite and Fungi","floor":27.0,"turns":6.0},{"damage":36,"enemies":"Champ","floor":33,"turns":10}],"seed_played":"-1043723222920598759","potions_obtained":[{"floor":10.0,"key":"GamblersBrew"},{"floor":11.0,"key":"PowerPotion"},{"floor":21.0,"key":"Energy Potion"},{"floor":24.0,"key":"Energy Potion"}],"is_trial":false,"path_per_floor":["M","$","?","$","T","R","E","R","T","E","M","M","E","M","R","B",null,"M","?","?","M","$","R","M","R","T","M","R","?","R","?","R","B"],"character_chosen":"THE_SILENT","items_purchased":["Deadly Poison","Quick Slash","TwistedFunnel","Oddly Smooth Stone"],"campfire_rested":1,"item_purchase_floors":[2,2,22,22],"current_hp_per_floor":[59,59,36,36,36,36,36,36,36,36,36,36,29,16,16,9,52,49,49,40,25,25,25,23,23,23,10,29,29,29,29,29,0],"gold":71,"neow_bonus":"THREE_ENEMY_KILL","is_prod":false,"is_daily":false,"chose_seed":false,"campfire_upgraded":7,"win_rate":0,"timestamp":1545775425,"path_taken":["M","$","?","?","?","R","E","R","T","E","M","M","E","?","R","BOSS","M","?","?","M","$","R","M","R","T","M","R","?","R","?","R","BOSS"],"build_version":"2018-12-20","purchased_purges":1,"victory":false,"max_hp_per_floor":[66,66,66,66,66,66,66,66,66,66,66,66,66,66,66,66,66,66,66,66,66,66,66,66,66,66,66,66,66,66,33,33,33],"card_choices":[{"not_picked":["Bane","Acrobatics"],"picked":"Dash","floor":1.0},{"not_picked":["Prepared","Concentrate"],"picked":"Bouncing Flask","floor":7.0},{"not_picked":["Deadly Poison","Flechettes"],"picked":"Bane","floor":10.0},{"not_picked":["Choke","Slice"],"picked":"Dodge and Roll","floor":11.0},{"not_picked":["Choke","Acrobatics"],"picked":"Blur","floor":12.0},{"not_picked":["Poisoned Stab","Setup"],"picked":"Backflip","floor":13.0},{"not_picked":["Catalyst","Dodge and Roll"],"picked":"Sucker Punch","floor":14.0},{"not_picked":["Venomology","Unload"],"picked":"Malaise","floor":16.0},{"not_picked":["Dagger Spray","Tactician"],"picked":"PiercingWail+1","floor":18.0},{"not_picked":["Finisher","Terror"],"picked":"Deflect","floor":21.0},{"not_picked":["Poisoned Stab","All Out Attack"],"picked":"Dash","floor":27.0}],"player_experience":702904,"relics_obtained":[{"floor":5.0,"key":"Dead Branch"},{"floor":7.0,"key":"Anchor"},{"floor":9.0,"key":"Vajra"},{"floor":10.0,"key":"MawBank"},{"floor":13.0,"key":"Centennial Puzzle"},{"floor":26.0,"key":"Smiling Mask"}],"event_choices":[{"damage_healed":0.0,"max_hp_gain":0.0,"max_hp_loss":0.0,"gold_gain":0.0,"event_name":"Golden Idol","player_choice":"Take Damage","floor":3.0,"gold_loss":0.0,"damage_taken":23.0,"relics_obtained":["Golden Idol"]},{"damage_healed":0.0,"max_hp_gain":0.0,"max_hp_loss":0.0,"gold_gain":0.0,"event_name":"The Mausoleum","player_choice":"Opened","floor":19.0,"gold_loss":0.0,"damage_taken":0.0,"relics_obtained":["Sundial"],"cards_obtained":["Writhe"]},{"damage_healed":0.0,"max_hp_gain":0.0,"max_hp_loss":0.0,"gold_gain":0.0,"event_name":"Colosseum","player_choice":"Fight","floor":20.0,"gold_loss":0.0,"damage_taken":0.0},{"damage_healed":0.0,"max_hp_gain":0.0,"max_hp_loss":0.0,"gold_gain":0.0,"event_name":"Colosseum","player_choice":"Fled From Nobs","floor":20.0,"gold_loss":0.0,"damage_taken":0.0},{"damage_healed":0.0,"max_hp_gain":0.0,"max_hp_loss":0.0,"gold_gain":0.0,"event_name":"Addict","player_choice":"Stole Relic","floor":29.0,"gold_loss":0.0,"damage_taken":0.0,"relics_obtained":["Regal Pillow"],"cards_obtained":["Shame"]},{"damage_healed":0.0,"max_hp_gain":0.0,"max_hp_loss":33.0,"gold_gain":0.0,"event_name":"Ghosts","player_choice":"Became a Ghost","floor":31.0,"gold_loss":0.0,"damage_taken":0.0,"cards_obtained":["Ghostly","Ghostly","Ghostly"]}],"is_beta":false,"boss_relics":[{"not_picked":["WristBlade","Orrery"],"picked":"Cursed Key"}],"items_purged_floors":[22],"is_endless":false,"potions_floor_spawned":[10,11,12,20,21,24],"killed_by":"Champ","ascension_level":18}