{"gold_per_floor":[368,518,9,22,40,40,65,84,134,10,45,65,65,92,92,166,166,186,186,111,121,140,22,38,65,65,65,65,65,65,96,96,169,169,184,184,203,9,28,63,43,43,67,95,95,95,108,40,40,40],"floor_reached":50,"playtime":3366,"items_purged":["Doubt"],"score":1023,"play_id":"effdb6e3-d455-47ff-a552-1e519dc78e4e","local_time":"20180822225213","is_ascension_mode":true,"campfire_choices":[{"data":"Cloak And Dagger","floor":6.0,"key":"SMITH"},{"floor":13.0,"key":"REST"},{"data":"Dash","floor":15.0,"key":"SMITH"},{"floor":27.0,"key":"REST"},{"floor":29.0,"key":"REST"},{"floor":32.0,"key":"REST"},{"floor":42.0,"key":"REST"},{"floor":46.0,"key":"REST"},{"floor":49.0,"key":"REST"}],"neow_cost":"TEN_PERCENT_HP_LOSS","seed_source_timestamp":490410673652277,"circlet_count":0,"master_deck":["Defend_G","Defend_G","Defend_G","Defend_G","Defend_G","Strike_G","Strike_G","Strike_G","Strike_G","Survivor","Neutralize","AscendersBane","Dash+1","Infinite Blades","Cloak And Dagger+1","Endless Agony+1","Sucker Punch+1","Flechettes+1","Dash+1","Infinite Blades","Corpse Explosion","Slice+1","Leg Sweep","Heel Hook+1","Doppelganger","Adrenaline","Blur","Dagger Throw+1","Backstab+1","Masterful Stab+1","Prepared+1","Burst","Skewer+1","Finisher+1","Burst","Cloak And Dagger+1","Accuracy","A Thousand Cuts+1","Calculated Gamble+1","Blur"],"special_seed":0,"relics":["Ring of the Snake","Molten Egg 2","Blue Candle","Vajra","Boot","Oddly Smooth Stone","Fusion Hammer","Pear","Darkstone Periapt","Shuriken","Pen Nib","Sozu","Lee\u0027s Waffle","Letter Opener","Juzu Bracelet","Bronze Scales"],"potions_floor_usage":[],"damage_taken":[{"damage":1.0,"enemies":"Cultist","floor":1.0,"turns":5.0},{"damage":1.0,"enemies":"Jaw Worm","floor":4.0,"turns":3.0},{"damage":4.0,"enemies":"Small Slimes","floor":5.0,"turns":3.0},{"damage":5.0,"enemies":"3 Sentries","floor":7.0,"turns":6.0},{"damage":7.0,"enemies":"Exordium Thugs","floor":8.0,"turns":4.0},{"damage":19.0,"enemies":"Gremlin Nob","floor":11.0,"turns":5.0},{"damage":13.0,"enemies":"Gremlin Gang","floor":12.0,"turns":4.0},{"damage":4.0,"enemies":"3 Sentries","floor":14.0,"turns":4.0},{"damage":8.0,"enemies":"Slime Boss","floor":16.0,"turns":9.0},{"damage":5.0,"enemies":"2 Thieves","floor":18.0,"turns":2.0},{"damage":0.0,"enemies":"Spheric Guardian","floor":21.0,"turns":4.0},{"damage":0.0,"enemies":"Centurion and Healer","floor":22.0,"turns":3.0},{"damage":4.0,"enemies":"Sentry and Sphere","floor":24.0,"turns":5.0},{"damage":12.0,"enemies":"Book of Stabbing","floor":25.0,"turns":4.0},{"damage":29.0,"enemies":"Gremlin Leader","floor":31.0,"turns":5.0},{"damage":33.0,"enemies":"Champ","floor":33.0,"turns":6.0},{"damage":0.0,"enemies":"3 Darklings","floor":35.0,"turns":2.0},{"damage":0.0,"enemies":"Orb Walker","floor":37.0,"turns":2.0},{"damage":19.0,"enemies":"Maw","floor":39.0,"turns":6.0},{"damage":11.0,"enemies":"2 Orb Walkers","floor":40.0,"turns":3.0},{"damage":17.0,"enemies":"Giant Head","floor":44.0,"turns":6.0},{"damage":9.0,"enemies":"4 Shapes","floor":47.0,"turns":2.0},{"damage":79,"enemies":"Time Eater","floor":50,"turns":7}],"seed_played":"-7179069193567127817","potions_obtained":[{"floor":1.0,"key":"Weak Potion"},{"floor":5.0,"key":"Explosive Potion"},{"floor":16.0,"key":"EssenceOfSteel"},{"floor":18.0,"key":"SneckoOil"},{"floor":33.0,"key":"Fire Potion"}],"is_trial":false,"path_per_floor":["M","?","$","M","M","R","E","M","T","$","E","M","R","E","R","B",null,"M","?","?","M","M","$","M","E","T","R","T","R","?","E","R","B",null,"M","?","M","$","M","E","?","R","T","E","?","R","M","$","R"],"character_chosen":"THE_SILENT","items_purchased":["Molten Egg 2","Infinite Blades","Cloak And Dagger","Endless Agony+1","Corpse Explosion","Slice+1","Masterful Stab+1","Strength Potion","Lee\u0027s Waffle","Blur"],"campfire_rested":7,"item_purchase_floors":[3,3,3,3,10,10,23,23,38,48],"current_hp_per_floor":[58,58,58,57,53,53,48,41,41,41,22,9,27,23,23,15,49,44,44,44,44,44,44,40,38,38,59,59,70,70,41,62,29,60,60,60,60,77,58,47,47,70,70,53,53,76,67,67,77,0],"gold":40,"neow_bonus":"TWO_FIFTY_GOLD","is_prod":false,"is_daily":false,"chose_seed":false,"campfire_upgraded":2,"win_rate":0,"timestamp":1535003533,"path_taken":["M","?","$","M","M","R","E","M","T","?","E","?","R","E","R","BOSS","M","?","?","M","?","$","M","E","T","R","?","R","?","E","R","BOSS","M","?","?","$","?","E","?","R","T","E","?","R","M","?","R","BOSS"],"build_version":"2018-08-16","purchased_purges":1,"victory":false,"max_hp_per_floor":[60,60,60,60,60,60,60,60,60,60,60,60,60,60,60,60,60,60,60,60,60,60,60,60,70,70,70,70,70,70,70,70,70,70,70,70,70,77,77,77,77,77,77,77,77,77,77,77,77,77],"card_choices":[{"not_picked":["Concentrate","All Out Attack"],"picked":"Dash","floor":1.0},{"not_picked":["Reflex","Backstab+1"],"picked":"Sucker Punch+1","floor":4.0},{"not_picked":["Outmaneuver","Prepared"],"picked":"Flechettes+1","floor":5.0},{"not_picked":["Distraction","Quick Slash+1"],"picked":"Dash+1","floor":7.0},{"not_picked":["Catalyst","Acrobatics"],"picked":"Infinite Blades","floor":8.0},{"not_picked":["Catalyst","Sucker Punch+1"],"picked":"Leg Sweep","floor":11.0},{"not_picked":["Dagger Throw+1","Leg Sweep"],"picked":"Heel Hook+1","floor":12.0},{"not_picked":["Predator+1","Quick Slash+1"],"picked":"Doppelganger","floor":14.0},{"not_picked":["Storm of Steel","Wraith Form v2"],"picked":"Adrenaline","floor":16.0},{"not_picked":["Expertise","Prepared"],"picked":"Blur","floor":18.0},{"not_picked":["Flying Knee+1","Accuracy"],"picked":"Dagger Throw+1","floor":21.0},{"not_picked":["Underhanded Strike+1","Quick Slash+1"],"picked":"Backstab+1","floor":22.0},{"not_picked":["Distraction","Backflip"],"picked":"Prepared+1","floor":24.0},{"not_picked":["Dagger Throw+1","Slice+1"],"picked":"Burst","floor":25.0},{"not_picked":["Sucker Punch+1","Flying Knee+1"],"picked":"Finisher+1","floor":31.0},{"not_picked":["Doppelganger","Storm of Steel"],"picked":"Burst","floor":33.0},{"not_picked":["Outmaneuver","Noxious Fumes"],"picked":"Cloak And Dagger+1","floor":35.0},{"not_picked":["Backflip","Dagger Throw+1"],"picked":"Accuracy","floor":37.0},{"not_picked":["Quick Slash+1","Deflect","Bane+1"],"picked":"SKIP","floor":39.0},{"not_picked":["Phantasmal Killer","Predator+1","Flying Knee+1"],"picked":"SKIP","floor":40.0},{"not_picked":["Cloak And Dagger","Well Laid Plans"],"picked":"A Thousand Cuts","floor":44.0},{"not_picked":["Slice+1","Prepared"],"picked":"Calculated Gamble+1","floor":47.0}],"player_experience":572016,"relics_obtained":[{"floor":7.0,"key":"Blue Candle"},{"floor":9.0,"key":"Vajra"},{"floor":11.0,"key":"Boot"},{"floor":14.0,"key":"Oddly Smooth Stone"},{"floor":25.0,"key":"Pear"},{"floor":26.0,"key":"Darkstone Periapt"},{"floor":28.0,"key":"Shuriken"},{"floor":31.0,"key":"Pen Nib"},{"floor":40.0,"key":"Letter Opener"},{"floor":43.0,"key":"Juzu Bracelet"},{"floor":44.0,"key":"Bronze Scales"}],"event_choices":[{"event_name":"Liars Game","player_choice":"agreed","floor":2.0,"damage_taken":0.0},{"event_name":"Ghosts","player_choice":"Ignored","floor":19.0,"damage_taken":0.0},{"event_name":"Beggar","player_choice":"Gave Gold","floor":20.0,"damage_taken":0.0},{"event_name":"The Library","player_choice":"Read","floor":30.0,"damage_taken":0.0},{"event_name":"SecretPortal","player_choice":"Rejected Portal.","floor":36.0,"damage_taken":0.0},{"event_name":"The Woman in Blue","player_choice":"Bought 1 Potion","floor":41.0,"damage_taken":0.0},{"event_name":"Upgrade Shrine","player_choice":"Upgraded","floor":45.0,"damage_taken":0.0}],"is_beta":false,"boss_relics":[{"not_picked":["White Beast Statue","Velvet Choker"],"picked":"Fusion Hammer"},{"not_picked":["Pandora\u0027s Box","Astrolabe"],"picked":"Sozu"}],"items_purged_floors":[3],"is_endless":false,"potions_floor_spawned":[1,5,16,18,33,35,40],"killed_by":"Time Eater","ascension_level":15}