{"gold_per_floor":[119,130,51,51,66,66,97,97,120,154,154,172,172,184,184,258,258,275,275,275,78,78,78,78],"floor_reached":24,"playtime":9568,"items_purged":["Strike_B"],"score":343,"play_id":"12b8a860-e082-4bfb-bea0-8bf08f247900","local_time":"20180820150138","is_ascension_mode":true,"campfire_choices":[{"data":"Doom and Gloom","floor":8.0,"key":"SMITH"},{"data":"Buffer","floor":11.0,"key":"SMITH"},{"data":"Reinforced Body","floor":13.0,"key":"SMITH"},{"data":"Sunder","floor":15.0,"key":"SMITH"},{"data":"Fission","floor":23,"key":"SMITH"}],"neow_cost":"NONE","seed_source_timestamp":283272965868260,"circlet_count":0,"master_deck":["Strike_B","Strike_B","Defend_B","Defend_B+1","Defend_B","Defend_B","Zap+1","Dualcast","AscendersBane","Doom and Gloom+1","Cold Snap","Reinforced Body+1","Steam","Blizzard","Buffer+1","Cold Snap","Sunder+1","Fission+1","Steam","Buffer+1","Steam","Compile Driver","Cold Snap"],"special_seed":0,"relics":["Cracked Core","NeowsBlessing","Oddly Smooth Stone","Strawberry","Vajra","Philosopher\u0027s Stone"],"potions_floor_usage":[],"damage_taken":[{"damage":0.0,"enemies":"Cultist","floor":1.0,"turns":1.0},{"damage":0.0,"enemies":"Jaw Worm","floor":2.0,"turns":1.0},{"damage":0.0,"enemies":"Small Slimes","floor":5.0,"turns":1.0},{"damage":4.0,"enemies":"Lagavulin","floor":7.0,"turns":8.0},{"damage":15.0,"enemies":"3 Sentries","floor":10.0,"turns":6.0},{"damage":0.0,"enemies":"Looter","floor":12.0,"turns":4.0},{"damage":0.0,"enemies":"Red Slaver","floor":14.0,"turns":4.0},{"damage":8.0,"enemies":"The Guardian","floor":16.0,"turns":11.0},{"damage":11.0,"enemies":"2 Thieves","floor":18.0,"turns":4.0},{"damage":55,"enemies":"Slavers","floor":24,"turns":4}],"seed_played":"-1649113627637675770","potions_obtained":[{"floor":2.0,"key":"PowerPotion"},{"floor":10.0,"key":"GamblersBrew"},{"floor":12.0,"key":"Energy Potion"}],"is_trial":false,"path_per_floor":["M","M","$","?","M","?","E","R","T","E","R","M","R","M","R","B",null,"M","?","?","$","?","R"],"character_chosen":"DEFECT","items_purchased":["Reinforced Body","Steam","Compile Driver","Cold Snap"],"campfire_rested":0,"item_purchase_floors":[3,21,21,21],"current_hp_per_floor":[64,64,64,50,50,50,46,46,53,38,38,38,38,38,38,30,66,55,55,55,55,55,55,0],"gold":78,"neow_bonus":"THREE_ENEMY_KILL","is_prod":false,"is_daily":false,"chose_seed":false,"campfire_upgraded":5,"win_rate":0,"timestamp":1534802498,"path_taken":["M","?","$","?","?","?","E","R","T","E","R","M","R","M","R","BOSS","M","?","?","$","?","R","E"],"build_version":"2018-08-16","purchased_purges":1,"victory":false,"max_hp_per_floor":[71,71,71,71,71,71,71,71,78,78,78,78,78,78,78,78,78,78,78,78,78,78,78,78],"card_choices":[{"not_picked":["Streamline","Gash"],"picked":"Doom and Gloom","floor":1.0},{"not_picked":["White Noise","Turbo"],"picked":"Cold Snap","floor":2.0},{"not_picked":["Hello World","Storm"],"picked":"Steam","floor":5.0},{"not_picked":["White Noise","Barrage","Darkness"],"picked":"SKIP","floor":7.0},{"not_picked":["Auto Shields","Leap"],"picked":"Buffer","floor":10.0},{"not_picked":["Streamline","Double Energy"],"picked":"Cold Snap","floor":12.0},{"not_picked":["Chaos","Double Energy"],"picked":"Sunder","floor":14.0},{"not_picked":["Reboot","Rainbow"],"picked":"Fission","floor":16.0},{"not_picked":["Conserve Battery","Beam Cell"],"picked":"Steam","floor":18.0}],"player_experience":546358,"relics_obtained":[{"floor":7.0,"key":"Oddly Smooth Stone"},{"floor":9.0,"key":"Strawberry"},{"floor":10.0,"key":"Vajra"}],"event_choices":[{"event_name":"Shining Light","player_choice":"Entered Light","floor":4.0,"damage_taken":0.0},{"event_name":"Transmorgrifier","player_choice":"Transform","floor":6.0,"damage_taken":0.0},{"event_name":"Duplicator","player_choice":"One dupe","floor":19.0,"damage_taken":0.0},{"event_name":"N\u0027loth","player_choice":"Ignored","floor":20.0,"damage_taken":0.0},{"event_name":"Addict","player_choice":"Ignored","floor":22,"damage_taken":0}],"is_beta":false,"boss_relics":[{"not_picked":["Lizard Tail","Busted Crown"],"picked":"Philosopher\u0027s Stone"}],"items_purged_floors":[21],"is_endless":false,"potions_floor_spawned":[2,10,12],"killed_by":"Slavers","ascension_level":14}