{"gold_per_floor":[111,386,398,409,423,453,471,471,471,471,489,512,537,598,598,694,694,710,729,223,237,237,271,271,186,186,200,217,44,70,86,86,188,188,206,3,3,3,103,103,137,206,281,281],"floor_reached":44,"playtime":2681,"items_purged":["Regret","Parasite","Strike_G"],"score":714,"play_id":"1293b868-3ee1-471b-851d-de143855c7f6","local_time":"20190128190004","is_ascension_mode":true,"campfire_choices":[{"floor":8,"key":"REST"},{"floor":10,"key":"REST"},{"floor":15,"key":"REST"},{"data":"After Image","floor":24,"key":"SMITH"},{"data":"Footwork","floor":32,"key":"SMITH"},{"data":"1","floor":40,"key":"LIFT"}],"neow_cost":"NONE","seed_source_timestamp":444651436374439,"circlet_count":0,"master_deck":["Defend_G","Defend_G+1","Defend_G","Defend_G","Strike_G","Strike_G","Strike_G","Strike_G","Survivor","Neutralize","Escape Plan","Dagger Spray","Backflip+1","Backstab","Endless Agony","Caltrops","Calculated Gamble","Dash","Dash","Predator","After Image+1","Dash+1","Slice","Master of Strategy","Riddle With Holes","Die Die Die","Riddle With Holes+1","Dagger Spray","Footwork+1","Doppelganger","Dagger Throw","Envenom","Flechettes","Footwork","Secret Technique","Well Laid Plans+1","Shame","Parasite"],"relics":["Ring of the Snake","Vajra","Turnip","Ginger","Odd Mushroom","Pocketwatch","Darkstone Periapt","Cursed Key","Gremlin Horn","MutagenicStrength","Happy Flower","Meat on the Bone","Ninja Scroll","Bottled Flame","White Beast Statue","Girya","War Paint","Pear","Sundial"],"potions_floor_usage":[3,16,23,31,33,33,41,41,44],"damage_taken":[{"damage":0,"enemies":"Jaw Worm","floor":1,"turns":4},{"damage":2,"enemies":"Cultist","floor":3,"turns":5},{"damage":6,"enemies":"Small Slimes","floor":4,"turns":4},{"damage":3,"enemies":"Looter","floor":5,"turns":5},{"damage":54,"enemies":"Lagavulin","floor":6,"turns":9},{"damage":1,"enemies":"Exordium Wildlife","floor":7,"turns":3},{"damage":0,"enemies":"Red Slaver","floor":11,"turns":2},{"damage":1,"enemies":"The Mushroom Lair","floor":12,"turns":3},{"damage":8,"enemies":"Gremlin Nob","floor":13,"turns":4},{"damage":12,"enemies":"Gremlin Nob","floor":14,"turns":4},{"damage":19,"enemies":"Hexaghost","floor":16,"turns":11},{"damage":6,"enemies":"Spheric Guardian","floor":18,"turns":3},{"damage":13,"enemies":"3 Byrds","floor":19,"turns":4},{"damage":0,"enemies":"Sentry and Sphere","floor":21,"turns":4},{"damage":10,"enemies":"Book of Stabbing","floor":23,"turns":5},{"damage":0,"enemies":"Cultist and Chosen","floor":27,"turns":3},{"damage":0,"enemies":"Snake Plant","floor":28,"turns":3},{"damage":0,"enemies":"Gremlin Leader","floor":30,"turns":3},{"damage":4,"enemies":"Snecko","floor":31,"turns":3},{"damage":37,"enemies":"Champ","floor":33,"turns":14},{"damage":15,"enemies":"3 Darklings","floor":35,"turns":4},{"damage":0,"enemies":"Mind Bloom Boss Battle","floor":39,"turns":4},{"damage":10,"enemies":"Reptomancer","floor":41,"turns":6},{"damage":104,"enemies":"Giant Head","floor":44,"turns":9}],"seed_played":"5097451621660990847","potions_obtained":[{"floor":1,"key":"Fire Potion"},{"floor":4,"key":"SneckoOil"},{"floor":6,"key":"Ancient Potion"},{"floor":7,"key":"SpeedPotion"},{"floor":11,"key":"Swift Potion"},{"floor":21,"key":"Energy Potion"},{"floor":23,"key":"Poison Potion"},{"floor":30,"key":"Weak Potion"},{"floor":35,"key":"LiquidBronze"},{"floor":39,"key":"PowerPotion"},{"floor":41,"key":"Block Potion"}],"is_trial":false,"path_per_floor":["M","?","M","M","M","E","M","R","T","R","M","?","E","?","R","B",null,"M","M","$","M","?","E","R","?","T","M","M","$","E","M","R","B",null,"M","$","?","?","?","R","E","T","T","E"],"character_chosen":"THE_SILENT","items_purchased":["Gremlin Horn","Master of Strategy","Footwork","Footwork"],"campfire_rested":3,"item_purchase_floors":[20,20,29,36],"current_hp_per_floor":[70,70,68,62,59,5,4,25,25,46,46,45,37,25,46,27,59,53,40,40,40,40,30,30,30,36,48,48,48,48,44,44,19,60,45,45,45,45,45,45,47,63,69,0],"gold":281,"neow_bonus":"RANDOM_COMMON_RELIC","is_prod":false,"is_daily":false,"chose_seed":false,"campfire_upgraded":2,"win_rate":0,"timestamp":1548723604,"path_taken":["M","?","M","M","?","E","M","R","T","R","?","?","E","?","R","BOSS","M","M","$","M","?","E","R","?","T","M","M","?","E","M","R","BOSS","M","$","?","?","?","R","E","?","T","E"],"build_version":"2019-01-23","purchased_purges":3,"victory":false,"max_hp_per_floor":[70,70,70,70,70,70,70,70,70,70,70,70,70,70,70,70,70,70,70,70,70,70,70,70,70,76,76,76,73,73,73,73,73,73,73,73,73,73,73,73,73,89,95,95],"card_choices":[{"not_picked":["Well Laid Plans","Setup"],"picked":"Escape Plan","floor":1},{"not_picked":["Prepared","Underhanded Strike"],"picked":"Dagger Spray","floor":3},{"not_picked":["Underhanded Strike","Adrenaline"],"picked":"Backflip","floor":4},{"not_picked":["Sucker Punch","Deadly Poison"],"picked":"Backstab","floor":5},{"not_picked":["Sucker Punch","Terror"],"picked":"Endless Agony","floor":6},{"not_picked":["Dodge and Roll","Noxious Fumes"],"picked":"Caltrops","floor":7},{"not_picked":["Catalyst","Sucker Punch"],"picked":"Calculated Gamble","floor":11},{"not_picked":["Backflip","Bane"],"picked":"Dash","floor":12},{"not_picked":["Prepared","Accuracy"],"picked":"Dash","floor":13},{"not_picked":["Masterful Stab","Crippling Poison"],"picked":"Predator","floor":14},{"not_picked":["Storm of Steel","Wraith Form v2"],"picked":"After Image","floor":16},{"not_picked":["Heel Hook","Skewer+1"],"picked":"Dash+1","floor":18},{"not_picked":["Calculated Gamble","Blade Dance"],"picked":"Slice","floor":19},{"not_picked":["Prepared","Underhanded Strike+1"],"picked":"Riddle With Holes","floor":21},{"not_picked":["Cloak And Dagger","Flying Knee+1"],"picked":"Die Die Die","floor":23},{"not_picked":["Quick Slash","Dagger Spray"],"picked":"Riddle With Holes+1","floor":27},{"not_picked":["Deadly Poison","Outmaneuver"],"picked":"Dagger Spray","floor":28},{"not_picked":["Dagger Throw","Calculated Gamble"],"picked":"Doppelganger","floor":30},{"not_picked":["PiercingWail","Cloak And Dagger"],"picked":"Dagger Throw","floor":31},{"not_picked":["Bullet Time","Adrenaline"],"picked":"Envenom","floor":33},{"not_picked":["Well Laid Plans+1","Quick Slash+1"],"picked":"Flechettes","floor":35},{"not_picked":["Magnetism","Apotheosis"],"picked":"Secret Technique","floor":37},{"not_picked":["Cloak And Dagger+1","Sucker Punch"],"picked":"Well Laid Plans+1","floor":39},{"not_picked":["Outmaneuver","Flying Knee+1","PiercingWail+1"],"picked":"SKIP","floor":41}],"player_experience":736623,"relics_obtained":[{"floor":6,"key":"Turnip"},{"floor":9,"key":"Ginger"},{"floor":12,"key":"Odd Mushroom"},{"floor":13,"key":"Pocketwatch"},{"floor":14,"key":"Darkstone Periapt"},{"floor":23,"key":"Happy Flower"},{"floor":26,"key":"Ninja Scroll"},{"floor":30,"key":"Bottled Flame"},{"floor":39,"key":"Girya"},{"floor":41,"key":"War Paint"},{"floor":42,"key":"Pear"},{"floor":43,"key":"Sundial"}],"event_choices":[{"damage_healed":0,"gold_gain":275,"player_choice":"Desecrate","damage_taken":0,"max_hp_gain":0,"max_hp_loss":0,"event_name":"Golden Shrine","floor":2,"gold_loss":0,"cards_obtained":["Regret"]},{"damage_healed":0,"gold_gain":0,"player_choice":"Fought Mushrooms","damage_taken":0,"max_hp_gain":0,"max_hp_loss":0,"event_name":"Mushrooms","floor":12,"gold_loss":0},{"damage_healed":0,"gold_gain":30,"player_choice":"Searched \u00272\u0027 times","damage_taken":0,"max_hp_gain":0,"max_hp_loss":0,"event_name":"Dead Adventurer","floor":14,"gold_loss":0},{"damage_healed":0,"gold_gain":0,"player_choice":"Inject Mutagens","damage_taken":0,"relics_obtained":["MutagenicStrength"],"max_hp_gain":0,"max_hp_loss":0,"event_name":"Drug Dealer","floor":22,"gold_loss":0},{"damage_healed":0,"gold_gain":0,"player_choice":"Obtained Relic","damage_taken":0,"relics_obtained":["Meat on the Bone"],"max_hp_gain":0,"max_hp_loss":0,"event_name":"Addict","floor":25,"gold_loss":85},{"damage_healed":0,"gold_gain":0,"player_choice":"Memory 1","damage_taken":0,"max_hp_gain":0,"max_hp_loss":0,"event_name":"SensoryStone","floor":37,"gold_loss":0},{"cards_removed":["Defend_G"],"damage_healed":0,"gold_gain":0,"player_choice":"Removed Skill","damage_taken":0,"max_hp_gain":0,"max_hp_loss":0,"event_name":"Falling","floor":38,"gold_loss":0},{"damage_healed":0,"gold_gain":0,"player_choice":"Fight","damage_taken":0,"max_hp_gain":0,"max_hp_loss":0,"event_name":"MindBloom","floor":39,"gold_loss":0}],"is_beta":false,"boss_relics":[{"not_picked":["Sozu","Orrery"],"picked":"Cursed Key"},{"not_picked":["Busted Crown","Coffee Dripper"],"picked":"White Beast Statue"}],"items_purged_floors":[20,29,36],"is_endless":false,"potions_floor_spawned":[1,4,6,7,11,12,21,23,30,35,39,41],"killed_by":"Giant Head","ascension_level":5}