{"gold_per_floor":[113,127,202,217,19,19,52,64,128,171,200,227,239,251,263,371,383,411,423],"floor_reached":19,"playtime":1862,"items_purged":[],"score":221,"play_id":"554a3154-2814-4d4a-9b1e-57d024a9f468","local_time":"20190324163519","is_ascension_mode":true,"campfire_choices":[{"data":"Tactician","floor":6,"key":"SMITH"},{"floor":8,"key":"REST"},{"floor":13,"key":"REST"},{"floor":15,"key":"REST"}],"neow_cost":"NONE","seed_source_timestamp":938582636467534,"circlet_count":0,"master_deck":["Defend_G","Defend_G","Defend_G","Defend_G","Strike_G","Strike_G","Strike_G","Survivor","Neutralize","Tactician+1","Underhanded Strike+1","Dagger Throw+1","Quick Slash","Dagger Throw","Dash","Acrobatics","Dash","Underhanded Strike","All Out Attack","A Thousand Cuts","Infinite Blades+1","Skewer+1","Dagger Spray+1","Backflip+1"],"relics":["Ring of the Snake","DollysMirror","MawBank","Whetstone","Dream Catcher","Astrolabe"],"potions_floor_usage":[16,18],"damage_taken":[{"damage":0,"enemies":"2 Louse","floor":1,"turns":4},{"damage":17,"enemies":"Cultist","floor":2,"turns":7},{"damage":6,"enemies":"Jaw Worm","floor":4,"turns":4},{"damage":19,"enemies":"Lagavulin","floor":7,"turns":5},{"damage":12,"enemies":"Gremlin Nob","floor":10,"turns":4},{"damage":2,"enemies":"3 Louse","floor":11,"turns":4},{"damage":3,"enemies":"Large Slime","floor":12,"turns":5},{"damage":55,"enemies":"Hexaghost","floor":16,"turns":12},{"damage":11,"enemies":"3 Byrds","floor":18,"turns":4},{"damage":57,"enemies":"Masked Bandits","floor":19,"turns":3}],"seed_played":"-8426635356524068750","potions_obtained":[{"floor":10,"key":"GhostInAJar"},{"floor":11,"key":"AttackPotion"},{"floor":16,"key":"Swift Potion"},{"floor":18,"key":"Strength Potion"}],"is_trial":false,"path_per_floor":["M","M","?","M","$","R","E","R","T","E","M","M","R","?","R","B",null,"M","?"],"character_chosen":"THE_SILENT","items_purchased":["DollysMirror"],"campfire_rested":3,"item_purchase_floors":[5],"current_hp_per_floor":[70,53,46,40,40,40,21,42,42,30,28,25,46,46,67,12,56,45,0],"gold":423,"neow_bonus":"TRANSFORM_CARD","is_prod":false,"is_daily":false,"chose_seed":false,"campfire_upgraded":1,"win_rate":0,"timestamp":1553463319,"path_taken":["M","M","?","?","$","R","E","R","T","E","M","M","R","?","R","BOSS","M","?"],"build_version":"2019-01-23","purchased_purges":0,"victory":false,"max_hp_per_floor":[70,70,70,70,70,70,70,70,70,70,70,70,70,70,70,70,70,70,70],"card_choices":[{"not_picked":["Bane","Dagger Throw"],"picked":"Underhanded Strike","floor":1},{"not_picked":["Backstab","Outmaneuver"],"picked":"Dagger Throw","floor":2},{"not_picked":["Sucker Punch","Skewer"],"picked":"Quick Slash","floor":4},{"not_picked":["Predator","Riddle With Holes"],"picked":"Dash","floor":7},{"not_picked":["Burst","Accuracy"],"picked":"Acrobatics","floor":10},{"not_picked":["Setup","Slice"],"picked":"Dash","floor":11},{"not_picked":["Deflect","Doppelganger"],"picked":"Underhanded Strike","floor":12},{"not_picked":["Flying Knee","Heel Hook"],"picked":"Cloak And Dagger","floor":13},{"not_picked":["Backstab","Reflex"],"picked":"All Out Attack","floor":15},{"not_picked":["Night Terror","Die Die Die"],"picked":"A Thousand Cuts","floor":16},{"not_picked":["Well Laid Plans","PiercingWail"],"picked":"Backflip+1","floor":18}],"player_experience":769353,"relics_obtained":[{"floor":7,"key":"MawBank"},{"floor":9,"key":"Whetstone"},{"floor":10,"key":"Dream Catcher"}],"event_choices":[{"damage_healed":0,"gold_gain":75,"player_choice":"Touch","damage_taken":7,"max_hp_gain":0,"max_hp_loss":0,"event_name":"FaceTrader","floor":3,"gold_loss":0},{"damage_healed":0,"gold_gain":0,"player_choice":"Searched \u00270\u0027 times","damage_taken":0,"max_hp_gain":0,"max_hp_loss":0,"event_name":"Dead Adventurer","floor":14,"gold_loss":0},{"damage_healed":0,"gold_gain":0,"player_choice":"Fought Bandits","damage_taken":0,"max_hp_gain":0,"max_hp_loss":0,"event_name":"Masked Bandits","floor":19,"gold_loss":0}],"is_beta":false,"boss_relics":[{"not_picked":["Lizard Tail","Fusion Hammer"],"picked":"Astrolabe"}],"items_purged_floors":[],"is_endless":false,"potions_floor_spawned":[10,11,16,18],"killed_by":"Masked Bandits","ascension_level":5}