{"gold_per_floor":[116,116,134,61,61,90,90,101,101,127,142,170,170,188,188,290,290,308,308,22,22,33,33,67,67,138,149,161,62,73,106,106,106],"floor_reached":33,"playtime":2546,"items_purged":[],"score":330,"play_id":"622833a7-47b2-495c-9968-4af77e5dc9ad","local_time":"20190410145518","is_ascension_mode":false,"campfire_choices":[{"data":"Redo","floor":7,"key":"SMITH"},{"floor":13,"key":"REST"},{"floor":15,"key":"REST"},{"data":"Static Discharge","floor":23,"key":"SMITH"},{"floor":25,"key":"REST"},{"floor":32,"key":"REST"}],"neow_cost":"NONE","seed_source_timestamp":71930788089004,"circlet_count":0,"master_deck":["Strike_B","Strike_B","Strike_B","Strike_B","Defend_B","Defend_B","Defend_B","Defend_B","Zap","Dualcast","Loop","Redo+1","Static Discharge+1","Storm","Double Energy+1","Beam Cell","Capacitor","Loop","Stack+1","Conserve Battery+1","Double Energy+1","Beam Cell","Redo+1","Melter","BootSequence+1"],"relics":["Cracked Core","NeowsBlessing","Sundial","Gremlin Horn","Mummified Hand","Toxic Egg 2","Ancient Tea Set","Orrery","Bronze Scales","Oddly Smooth Stone","Bird Faced Urn","Question Card","Darkstone Periapt","Pocketwatch"],"potions_floor_usage":[12,12,16,24,27,33,33],"damage_taken":[{"damage":0,"enemies":"Small Slimes","floor":1,"turns":1},{"damage":0,"enemies":"Cultist","floor":3,"turns":1},{"damage":0,"enemies":"Lagavulin","floor":6,"turns":1},{"damage":6,"enemies":"Jaw Worm","floor":8,"turns":2},{"damage":21,"enemies":"3 Sentries","floor":10,"turns":6},{"damage":7,"enemies":"3 Louse","floor":11,"turns":3},{"damage":27,"enemies":"Gremlin Nob","floor":12,"turns":4},{"damage":5,"enemies":"Looter","floor":14,"turns":2},{"damage":14,"enemies":"Slime Boss","floor":16,"turns":8},{"damage":9,"enemies":"3 Byrds","floor":18,"turns":2},{"damage":4,"enemies":"Spheric Guardian","floor":22,"turns":3},{"damage":46,"enemies":"Slavers","floor":24,"turns":4},{"damage":18,"enemies":"Snecko","floor":27,"turns":5},{"damage":16,"enemies":"Centurion and Healer","floor":28,"turns":6},{"damage":24,"enemies":"Sentry and Sphere","floor":30,"turns":5},{"damage":20,"enemies":"Gremlin Leader","floor":31,"turns":7},{"damage":63,"enemies":"Collector","floor":33,"turns":6}],"seed_played":"2402725027928557804","potions_obtained":[{"floor":6,"key":"SkillPotion"},{"floor":8,"key":"Weak Potion"},{"floor":10,"key":"Ancient Potion"},{"floor":12,"key":"Strength Potion"},{"floor":22,"key":"Regen Potion"},{"floor":28,"key":"LiquidBronze"}],"is_trial":false,"path_per_floor":["?","?","?","T"],"character_chosen":"DEFECT","items_purchased":["Loop","Bronze Scales","Oddly Smooth Stone","AttackPotion","Fire Potion"],"campfire_rested":4,"item_purchase_floors":[4,20,20,29,29],"current_hp_per_floor":[75,68,68,68,68,68,68,62,62,41,34,7,29,24,46,32,75,66,66,66,66,70,70,40,62,62,54,48,48,34,24,46,0],"gold":106,"neow_bonus":"THREE_ENEMY_KILL","is_prod":false,"is_daily":false,"chose_seed":false,"campfire_upgraded":2,"win_rate":0.0,"timestamp":1554918918,"path_taken":["M","?","M","$","?","E","R","M","T","E","M","E","R","M","R","BOSS","M","?","$","?","M","R","E","R","T","M","M","$","M","E","R","BOSS"],"build_version":"2019-01-23","purchased_purges":0,"victory":false,"max_hp_per_floor":[75,75,75,75,75,75,75,75,75,75,75,75,75,75,75,75,75,75,75,75,75,75,75,75,75,75,75,75,75,75,75,75,75],"card_choices":[{"not_picked":["Turbo","Coolheaded","Cold Snap"],"picked":"SKIP","floor":1},{"not_picked":["Sweeping Beam","Stack","Gash"],"picked":"SKIP","floor":3},{"not_picked":["FTL","Rebound"],"picked":"Redo","floor":6},{"not_picked":["Glacier","Leap","Thunder Strike"],"picked":"SKIP","floor":8},{"not_picked":["Blizzard","Compile Driver","Rainbow"],"picked":"SKIP","floor":10},{"not_picked":["BootSequence+1","Sweeping Beam"],"picked":"Static Discharge","floor":11},{"not_picked":["Aggregate+1","Barrage"],"picked":"Storm","floor":12},{"not_picked":["Undo+1","Rip and Tear"],"picked":"Double Energy+1","floor":14},{"not_picked":["Self Repair","Cold Snap"],"picked":"Beam Cell","floor":17},{"not_picked":["Stack+1","Storm"],"picked":"Capacitor","floor":17},{"not_picked":["Reprogram+1","Doom and Gloom"],"picked":"Loop","floor":17},{"not_picked":["Turbo+1","Cold Snap"],"picked":"Stack+1","floor":17},{"not_picked":["Stack+1","Barrage"],"picked":"Conserve Battery+1","floor":17},{"not_picked":["BootSequence+1","Conserve Battery+1"],"picked":"Double Energy+1","floor":18},{"not_picked":["Beam Cell","Barrage","Reinforced Body+1"],"picked":"SKIP","floor":22},{"not_picked":["Creative AI","Barrage+1"],"picked":"Beam Cell","floor":24},{"not_picked":["Rebound","Turbo+1","Reinforced Body+1"],"picked":"Redo+1","floor":27},{"not_picked":["Cold Snap","Sweeping Beam","Scrape"],"picked":"Melter","floor":28},{"not_picked":["Steam+1","Glacier+1","Auto Shields+1","Streamline"],"picked":"SKIP","floor":30},{"not_picked":["Coolheaded+1","Cold Snap","Leap+1"],"picked":"BootSequence+1","floor":31}],"player_experience":21848,"relics_obtained":[{"floor":6,"key":"Gremlin Horn"},{"floor":9,"key":"Mummified Hand"},{"floor":10,"key":"Toxic Egg 2"},{"floor":12,"key":"Ancient Tea Set"},{"floor":21,"key":"Bird Faced Urn"},{"floor":24,"key":"Question Card"},{"floor":26,"key":"Darkstone Periapt"},{"floor":31,"key":"Pocketwatch"}],"event_choices":[{"damage_healed":0,"gold_gain":0,"player_choice":"Success","damage_taken":7,"relics_obtained":["Sundial"],"max_hp_gain":0,"max_hp_loss":0,"event_name":"Scrap Ooze","floor":2,"gold_loss":0},{"damage_healed":0,"gold_gain":0,"player_choice":"Ignored","damage_taken":0,"max_hp_gain":0,"max_hp_loss":0,"event_name":"Shining Light","floor":5,"gold_loss":0},{"damage_healed":0,"gold_gain":0,"player_choice":"Ignored","damage_taken":0,"max_hp_gain":0,"max_hp_loss":0,"event_name":"NoteForYourself","floor":19,"gold_loss":0}],"is_beta":false,"boss_relics":[{"not_picked":["White Beast Statue","Snecko Eye"],"picked":"Orrery"}],"items_purged_floors":[],"is_endless":false,"potions_floor_spawned":[6,8,10,12,22,28,31],"killed_by":"Collector","ascension_level":0}