{"gold_per_floor":[169,185,55,69,69,69,95,95,95,123,137,156,181,181,181,276,276,286,302,18,36,36],"floor_reached":22,"playtime":4200,"items_purged":["Decay"],"score":258,"play_id":"bce50380-6588-4cf2-baae-89baae26ff62","local_time":"20190330130018","is_ascension_mode":true,"campfire_choices":[{"data":"Noxious Fumes","floor":6,"key":"SMITH"},{"floor":15,"key":"REST"}],"neow_cost":"NONE","seed_source_timestamp":1110581555272895,"circlet_count":0,"master_deck":["Defend_G","Defend_G","Defend_G","Defend_G","Defend_G+1","Strike_G","Strike_G","Strike_G","Strike_G","Strike_G","Survivor","Neutralize","Leg Sweep","Noxious Fumes+1","Heel Hook","Sucker Punch","Footwork","Dagger Throw","Deflect","Backstab","Backflip","Flying Knee","Quick Slash","Unload","Normality","Clumsy","Caltrops+1","Deflect","Noxious Fumes+1","Corpse Explosion"],"relics":["Tiny House","Mummified Hand","Kunai","Frozen Egg 2","Shovel","Juzu Bracelet","Calling Bell","Orichalcum","The Courier","Tough Bandages","Ornamental Fan"],"potions_floor_usage":[10,16,16],"damage_taken":[{"damage":0,"enemies":"Jaw Worm","floor":1,"turns":6},{"damage":0,"enemies":"Small Slimes","floor":2,"turns":5},{"damage":10,"enemies":"2 Louse","floor":4,"turns":3},{"damage":15,"enemies":"Lagavulin","floor":7,"turns":9},{"damage":10,"enemies":"3 Sentries","floor":10,"turns":6},{"damage":8,"enemies":"2 Fungi Beasts","floor":11,"turns":4},{"damage":0,"enemies":"Blue Slaver","floor":12,"turns":4},{"damage":21,"enemies":"Gremlin Nob","floor":13,"turns":5},{"damage":15,"enemies":"Hexaghost","floor":16,"turns":12},{"damage":34,"enemies":"3 Byrds","floor":18,"turns":6},{"damage":11,"enemies":"Shell Parasite","floor":19,"turns":8},{"damage":4,"enemies":"Cultist and Chosen","floor":21,"turns":6},{"damage":23,"enemies":"Colosseum Slavers","floor":22,"turns":3}],"seed_played":"-210417649043082788","potions_obtained":[{"floor":0,"key":"Dexterity Potion"},{"floor":2,"key":"Explosive Potion"},{"floor":4,"key":"Regen Potion"},{"floor":10,"key":"Ancient Potion"}],"is_trial":false,"path_per_floor":["M","M","$","M","?","R","E","?","T","E","M","M","E","?","R","B",null,"M","M","$","M","?"],"character_chosen":"THE_SILENT","items_purchased":["Sucker Punch","Footwork","Ornamental Fan","Noxious Fumes+1"],"campfire_rested":1,"item_purchase_floors":[3,3,20,20],"current_hp_per_floor":[75,75,75,65,65,65,50,50,50,40,32,32,11,11,33,33,65,31,20,20,16,0],"gold":36,"neow_bonus":"BOSS_RELIC","is_prod":false,"is_daily":false,"chose_seed":false,"campfire_upgraded":1,"win_rate":0,"timestamp":1553968818,"path_taken":["M","M","$","M","?","R","E","?","T","E","M","M","E","?","R","BOSS","M","M","$","M","?"],"build_version":"2019-01-23","purchased_purges":1,"victory":false,"max_hp_per_floor":[75,75,75,75,75,75,75,75,75,75,75,75,75,75,75,75,75,75,75,75,75,75],"card_choices":[{"not_picked":["Slice","Flying Knee"],"picked":"Leg Sweep","floor":0},{"not_picked":["Acrobatics","Distraction"],"picked":"Noxious Fumes","floor":1},{"not_picked":["Underhanded Strike","Outmaneuver"],"picked":"Heel Hook","floor":2},{"not_picked":["Flechettes","Reflex"],"picked":"Dagger Throw","floor":4},{"not_picked":["Grand Finale","Poisoned Stab"],"picked":"Deflect","floor":7},{"not_picked":["Calculated Gamble","Acrobatics"],"picked":"Backstab","floor":10},{"not_picked":["Dodge and Roll","Expertise"],"picked":"Backflip","floor":11},{"not_picked":["Outmaneuver","Dodge and Roll"],"picked":"Flying Knee","floor":12},{"not_picked":["Calculated Gamble","Masterful Stab"],"picked":"Quick Slash","floor":13},{"not_picked":["Grand Finale","Phantasmal Killer"],"picked":"Unload","floor":16},{"not_picked":["Sucker Punch","Outmaneuver"],"picked":"Caltrops+1","floor":18},{"not_picked":["Choke","Bane+1"],"picked":"Deflect","floor":19},{"not_picked":["Bane","Underhanded Strike"],"picked":"Corpse Explosion","floor":21}],"player_experience":774702,"relics_obtained":[{"floor":7,"key":"Kunai"},{"floor":9,"key":"Frozen Egg 2"},{"floor":10,"key":"Shovel"},{"floor":13,"key":"Juzu Bracelet"},{"floor":17,"key":"Orichalcum"},{"floor":17,"key":"The Courier"},{"floor":17,"key":"Tough Bandages"}],"event_choices":[{"damage_healed":0,"gold_gain":0,"player_choice":"Box","damage_taken":0,"relics_obtained":["Mummified Hand"],"max_hp_gain":0,"max_hp_loss":0,"event_name":"Big Fish","floor":5,"gold_loss":0,"cards_obtained":["Regret"]},{"cards_removed":["Regret"],"damage_healed":0,"gold_gain":0,"player_choice":"Forget","damage_taken":0,"max_hp_gain":0,"max_hp_loss":0,"event_name":"Living Wall","floor":8,"gold_loss":0},{"damage_healed":0,"gold_gain":0,"player_choice":"Fled","damage_taken":0,"max_hp_gain":0,"max_hp_loss":0,"event_name":"Scrap Ooze","floor":14,"gold_loss":0},{"damage_healed":0,"gold_gain":0,"player_choice":"Fight","damage_taken":0,"max_hp_gain":0,"max_hp_loss":0,"event_name":"Colosseum","floor":22,"gold_loss":0}],"is_beta":false,"boss_relics":[{"not_picked":["Velvet Choker","Coffee Dripper"],"picked":"Calling Bell"}],"items_purged_floors":[20],"is_endless":false,"potions_floor_spawned":[2,4,10,12],"killed_by":"Colosseum Slavers","ascension_level":5}