{"gold_per_floor":[111,126,48,58,58,58,93,93,116,144,156,156,169,181,181,181],"floor_reached":16,"playtime":861,"items_purged":[],"score":129,"play_id":"eb375af5-ffbf-4734-a97e-6c456318ba87","local_time":"20180819211453","is_ascension_mode":true,"campfire_choices":[{"data":"Predator","floor":6,"key":"SMITH"},{"floor":12,"key":"REST"},{"floor":15,"key":"REST"}],"neow_cost":"","seed_source_timestamp":674497916613770,"circlet_count":0,"master_deck":["Defend_G","Defend_G+1","Defend_G+1","Defend_G","Defend_G","Strike_G","Strike_G","Strike_G","Strike_G","Strike_G","Survivor","Neutralize","Predator+1","Dodge and Roll","Caltrops","Dash","Dagger Throw","Blur","Leg Sweep","Outmaneuver","Leg Sweep"],"relics":["Ring of the Snake","Happy Flower","War Paint","Pen Nib","Bag of Preparation"],"potions_floor_usage":[11],"damage_taken":[{"damage":1,"enemies":"Small Slimes","floor":1,"turns":6},{"damage":0,"enemies":"Cultist","floor":2,"turns":3},{"damage":3,"enemies":"Jaw Worm","floor":4,"turns":4},{"damage":32,"enemies":"Lagavulin","floor":7,"turns":7},{"damage":19,"enemies":"3 Sentries","floor":10,"turns":8},{"damage":2,"enemies":"Lots of Slimes","floor":11,"turns":5},{"damage":2,"enemies":"Large Slime","floor":13,"turns":5},{"damage":4,"enemies":"Exordium Thugs","floor":14,"turns":6},{"damage":50,"enemies":"Slime Boss","floor":16,"turns":11}],"seed_played":"-4399534071635132982","potions_obtained":[{"floor":4,"key":"EssenceOfSteel"},{"floor":11,"key":"FearPotion"},{"floor":13,"key":"SteroidPotion"}],"is_trial":false,"path_per_floor":["M","M","$","M","$","R","E","?","T","E","M","R","M","M","R"],"character_chosen":"THE_SILENT","items_purchased":["Caltrops"],"campfire_rested":2,"item_purchase_floors":[3],"current_hp_per_floor":[69,69,69,66,66,66,34,34,34,15,13,34,32,28,49,0],"gold":181,"neow_bonus":"","is_prod":false,"is_daily":false,"chose_seed":false,"campfire_upgraded":1,"win_rate":0,"timestamp":1534731293,"path_taken":["M","M","$","M","$","R","E","?","T","E","?","R","M","M","R","BOSS"],"build_version":"2018-08-16","purchased_purges":0,"victory":false,"max_hp_per_floor":[70,70,70,70,70,70,70,70,70,70,70,70,70,70,70,70],"card_choices":[{"not_picked":["Slice","Footwork"],"picked":"Predator","floor":1},{"not_picked":["Underhanded Strike","Finisher"],"picked":"Dodge and Roll","floor":2},{"not_picked":["Deflect","Prepared"],"picked":"Dash","floor":4},{"not_picked":["Bane","Cloak And Dagger"],"picked":"Dagger Throw","floor":7},{"not_picked":["Flying Knee","Infinite Blades"],"picked":"Blur","floor":10},{"not_picked":["Acrobatics","PiercingWail"],"picked":"Leg Sweep","floor":11},{"not_picked":["Storm of Steel","Deflect"],"picked":"Outmaneuver","floor":13},{"not_picked":["Underhanded Strike","Deflect"],"picked":"Leg Sweep","floor":14}],"player_experience":246924,"relics_obtained":[{"floor":7,"key":"Happy Flower"},{"floor":9,"key":"Pen Nib"},{"floor":10,"key":"Bag of Preparation"}],"event_choices":[{"event_name":"Wheel of Change","player_choice":"Relic","floor":8,"damage_taken":0}],"is_beta":false,"boss_relics":[],"items_purged_floors":[],"is_endless":false,"potions_floor_spawned":[4,11,13],"killed_by":"Slime Boss","ascension_level":3}