{"gold_per_floor":[117,117,117,132,132,163,183,215,215,248,265,265,295,315,315,418,418,432,432,432,446,463,489,489,518,544,574,589,589,602,37,37,140,140,158,206,222,242,4,36,54,54,79,79,97,110,110,35,35,35],"floor_reached":51,"playtime":3247,"items_purged":["Strike_R"],"score":1342,"play_id":"1eaeba6a-1308-405d-9983-5bb486497114","local_time":"20180810004850","is_ascension_mode":true,"campfire_choices":[{"data":"Bash","floor":12,"key":"SMITH"},{"data":"True Grit","floor":15,"key":"SMITH"},{"data":"Immolate","floor":24,"key":"SMITH"},{"data":"Spot Weakness","floor":32,"key":"SMITH"},{"data":"1","floor":42,"key":"LIFT"},{"data":"2","floor":44,"key":"LIFT"},{"data":"3","floor":47,"key":"LIFT"},{"data":"Limit Break","floor":49,"key":"SMITH"}],"neow_cost":"NONE","seed_source_timestamp":1512712725280069,"circlet_count":0,"master_deck":["Strike_R","Defend_R","Defend_R","Defend_R","Defend_R","Bash+1","AscendersBane","Anger","Pommel Strike","Wild Strike","True Grit","Immolate+1","True Grit+1","Headbutt","Impervious","Seeing Red","Inflame","Cleave+1","Spot Weakness+1","Reaper","Feel No Pain","Carnage","Feel No Pain","Fiend Fire","Infernal Blade","Offering","Shrug It Off","Armaments+1","Limit Break+1","Inflame+1","Disarm","Clothesline","True Grit"],"relics":["Burning Blood","NeowsBlessing","FaceOfCleric","Oddly Smooth Stone","Mercury Hourglass","Red Skull","Darkstone Periapt","Matryoshka","Velvet Choker","Strawberry","Ornamental Fan","Orichalcum","Centennial Puzzle","Happy Flower","Pear","Snecko Eye","Girya","Self Forming Clay","Mummified Hand","Dream Catcher","Boot"],"potions_floor_usage":[8,16,25,27,33,33,50,50],"damage_taken":[{"damage":0,"enemies":"2 Louse","floor":1,"turns":1},{"damage":0,"enemies":"Cultist","floor":4,"turns":1},{"damage":0,"enemies":"3 Sentries","floor":6,"turns":2},{"damage":2,"enemies":"Jaw Worm","floor":7,"turns":4},{"damage":4,"enemies":"Gremlin Nob","floor":8,"turns":3},{"damage":16,"enemies":"Lagavulin","floor":10,"turns":5},{"damage":11,"enemies":"Looter","floor":11,"turns":2},{"damage":10,"enemies":"Gremlin Nob","floor":13,"turns":3},{"damage":0,"enemies":"2 Fungi Beasts","floor":14,"turns":2},{"damage":33,"enemies":"The Guardian","floor":16,"turns":7},{"damage":22,"enemies":"2 Thieves","floor":18,"turns":4},{"damage":14,"enemies":"Shell Parasite","floor":21,"turns":3},{"damage":0,"enemies":"3 Cultists","floor":22,"turns":4},{"damage":26,"enemies":"Slavers","floor":23,"turns":2},{"damage":0,"enemies":"Gremlin Leader","floor":25,"turns":4},{"damage":25,"enemies":"Book of Stabbing","floor":27,"turns":3},{"damage":8,"enemies":"Centurion and Healer","floor":28,"turns":5},{"damage":6,"enemies":"Cultist and Chosen","floor":30,"turns":4},{"damage":18,"enemies":"Collector","floor":33,"turns":8},{"damage":8,"enemies":"3 Shapes","floor":35,"turns":4},{"damage":13,"floor":36,"turns":3},{"damage":12,"enemies":"3 Darklings","floor":37,"turns":3},{"damage":9,"enemies":"Spire Growth","floor":38,"turns":4},{"damage":8,"enemies":"2 Orb Walkers","floor":40,"turns":5},{"damage":27,"enemies":"Maw","floor":41,"turns":5},{"damage":22,"enemies":"Flame Bruiser 2 Orb","floor":45,"turns":4},{"damage":6,"enemies":"Sphere and 2 Shapes","floor":46,"turns":1},{"damage":73,"enemies":"Awakened One","floor":50,"turns":8}],"seed_played":"5568272588595857776","potions_obtained":[{"floor":6,"key":"BloodPotion"},{"floor":7,"key":"AttackPotion"},{"floor":10,"key":"PowerPotion"},{"floor":18,"key":"PowerPotion"},{"floor":25,"key":"LiquidBronze"},{"floor":27,"key":"PowerPotion"},{"floor":33,"key":"AttackPotion"},{"floor":37,"key":"Poison Potion"},{"floor":41,"key":"Explosive Potion"},{"floor":46,"key":"Swift Potion"}],"is_trial":false,"path_per_floor":["M","?","?","M","?","E","M","E","T","E","M","R","E","M","R","B",null,"M","?","?","M","M","E","R","E","T","E","M","?","M","$","R","B",null,"M","?","M","M","$","E","M","R","T","R","M","M","R","$","R","B"],"character_chosen":"IRONCLAD","items_purchased":["Pear","Fiend Fire","Infernal Blade","Self Forming Clay","Clothesline","True Grit"],"campfire_rested":0,"item_purchase_floors":[31,31,31,39,48,48],"current_hp_per_floor":[78,78,78,81,81,82,83,84,84,75,71,71,68,75,75,49,79,64,64,64,57,64,52,52,84,84,66,71,71,81,91,91,100,111,116,110,118,116,116,115,99,99,99,99,109,110,110,110,110,64],"gold":35,"neow_bonus":"THREE_ENEMY_KILL","is_prod":false,"is_daily":false,"chose_seed":false,"campfire_upgraded":5,"win_rate":0,"timestamp":1533887330,"path_taken":["M","?","?","M","?","E","M","E","T","E","M","R","E","M","R","BOSS","M","?","?","M","M","E","R","E","T","E","M","?","M","$","R","BOSS","M","?","M","M","?","E","M","R","T","R","M","M","R","$","R","BOSS"],"build_version":"2018-08-09","purchased_purges":1,"victory":true,"max_hp_per_floor":[80,80,80,81,81,82,83,84,84,85,86,86,87,88,88,89,89,90,90,90,91,92,100,100,101,101,102,103,103,104,114,114,115,115,116,117,118,119,119,120,121,121,121,121,122,123,123,123,123,124],"card_choices":[{"not_picked":["Flex","Dropkick","Entrench"],"picked":"SKIP","floor":1},{"not_picked":["Second Wind","Body Slam"],"picked":"Anger","floor":4},{"not_picked":["Corruption","Body Slam"],"picked":"Pommel Strike","floor":6},{"not_picked":["Intimidate","Perfected Strike","Searing Blow"],"picked":"SKIP","floor":7},{"not_picked":["Clash","Dual Wield"],"picked":"Wild Strike","floor":8},{"not_picked":["Anger","Evolve"],"picked":"True Grit","floor":10},{"not_picked":["Carnage","Spot Weakness"],"picked":"Immolate","floor":11},{"not_picked":["Spot Weakness","Infernal Blade"],"picked":"True Grit","floor":13},{"not_picked":["True Grit","Perfected Strike"],"picked":"Headbutt","floor":14},{"not_picked":["Immolate","Berserk"],"picked":"Impervious","floor":16},{"not_picked":["Flex","Rage+1","Thunderclap"],"picked":"SKIP","floor":18},{"not_picked":["Wild Strike+1","Evolve"],"picked":"Cleave+1","floor":21},{"not_picked":["Heavy Blade","Twin Strike"],"picked":"Spot Weakness","floor":22},{"not_picked":["Perfected Strike","Clash"],"picked":"Reaper","floor":23},{"not_picked":["Searing Blow","Twin Strike","Bludgeon"],"picked":"SKIP","floor":25},{"not_picked":["Ghostly Armor","Shockwave"],"picked":"Feel No Pain","floor":27},{"not_picked":["Cleave","Anger"],"picked":"Carnage","floor":28},{"not_picked":["Sword Boomerang+1","Flex"],"picked":"Feel No Pain","floor":30},{"not_picked":["Immolate","Exhume"],"picked":"Offering","floor":33},{"not_picked":["Clothesline","Perfected Strike+1"],"picked":"Shrug It Off","floor":35},{"not_picked":["Anger","Clothesline"],"picked":"Armaments+1","floor":36},{"not_picked":["Sever Soul+1","Infernal Blade"],"picked":"Limit Break","floor":37},{"not_picked":["Headbutt","Havoc+1"],"picked":"Inflame+1","floor":38},{"not_picked":["Armaments","Body Slam+1"],"picked":"Disarm","floor":40},{"not_picked":["Wild Strike","Second Wind","Body Slam"],"picked":"SKIP","floor":41},{"not_picked":["Havoc+1","Warcry","Heavy Blade"],"picked":"SKIP","floor":45},{"not_picked":["Fire Breathing","Sword Boomerang+1","Perfected Strike"],"picked":"SKIP","floor":46}],"player_experience":414333,"relics_obtained":[{"floor":6,"key":"Oddly Smooth Stone"},{"floor":8,"key":"Mercury Hourglass"},{"floor":9,"key":"Red Skull"},{"floor":10,"key":"Darkstone Periapt"},{"floor":13,"key":"Matryoshka"},{"floor":23,"key":"Strawberry"},{"floor":25,"key":"Ornamental Fan"},{"floor":26,"key":"Orichalcum"},{"floor":26,"key":"Centennial Puzzle"},{"floor":27,"key":"Happy Flower"},{"floor":36,"key":"Girya"},{"floor":40,"key":"Mummified Hand"},{"floor":43,"key":"Dream Catcher"},{"floor":43,"key":"Boot"}],"event_choices":[{"event_name":"FaceTrader","player_choice":"Trade","floor":2,"damage_taken":0},{"event_name":"Liars Game","player_choice":"disagreed","floor":3,"damage_taken":0},{"event_name":"Bonfire Elementals","player_choice":"BASIC","floor":5,"damage_taken":0},{"event_name":"Transmorgrifier","player_choice":"Transform","floor":19,"damage_taken":0},{"event_name":"The Library","player_choice":"Read","floor":20,"damage_taken":0},{"event_name":"Purifier","player_choice":"One Purge","floor":29,"damage_taken":0},{"event_name":"Mysterious Sphere","player_choice":"Fight","floor":36,"damage_taken":0}],"is_beta":false,"boss_relics":[{"not_picked":["Empty Cage","Calling Bell"],"picked":"Velvet Choker"},{"not_picked":["Busted Crown","Sozu"],"picked":"Snecko Eye"}],"items_purged_floors":[31],"is_endless":false,"potions_floor_spawned":[6,7,10,13,14,18,23,25,27,33,37,41,45,46],"ascension_level":12}