{"gold_per_floor":[111,111,36,47,47,76,86,86,86,86,112,142,157,176,176,271,271,283,283,283,300,313,345,268,296,296,315,315,333,333,347,347,444,444,454,454,454,474,491,491,517,531,531,560,909,935,935,97,109,121],"floor_reached":51,"playtime":5125,"items_purged":["Strike_G","Strike_G"],"score":1085,"play_id":"162d68a2-c37b-463e-b652-e5b34f42ad33","local_time":"20180720160634","is_ascension_mode":false,"campfire_choices":[{"floor":15,"key":"REST"},{"floor":28,"key":"REST"},{"floor":32,"key":"REST"},{"floor":40,"key":"DIG"},{"floor":49,"key":"REST"}],"neow_cost":"","seed_source_timestamp":397809854503736,"circlet_count":0,"master_deck":["Defend_G","Defend_G","Defend_G","Defend_G","Strike_G","Strike_G","Strike_G","Survivor","Neutralize","Blade Dance+1","Flechettes","Backflip","Expertise","Dagger Throw","Predator","Tools of the Trade","Acrobatics","RitualDagger","Quick Slash+1","Infinite Blades+1","Quick Slash","J.A.X.","Acrobatics+1","Backstab+1","Finisher+1","Blur","Infinite Blades","Bullet Time","Prepared","Blade Dance+1","Flash of Steel","Doppelganger","Reflex+1","Quick Slash+1","Well Laid Plans+1","Dagger Throw","Bullet Time","Prepared+1","Prepared","Terror","Escape Plan+1","Madness","Madness","Panache","Quick Slash"],"relics":["Ring of the Snake","Shuriken","Tough Bandages","Bag of Marbles","Odd Mushroom","Pear","Fusion Hammer","Prayer Wheel","Ancient Tea Set","Mummified Hand","WristBlade","Shovel","Juzu Bracelet","Regal Pillow","Blood Vial","Question Card","Old Coin","Incense Burner","Vajra","HandDrill","MawBank"],"potions_floor_usage":[16,16,16,50,50],"damage_taken":[{"damage":0,"enemies":"Cultist","floor":1,"turns":4},{"damage":0,"enemies":"Jaw Worm","floor":4,"turns":3},{"damage":16,"enemies":"3 Sentries","floor":6,"turns":9},{"damage":4,"enemies":"Small Slimes","floor":7,"turns":3},{"damage":17,"floor":11,"turns":5},{"damage":14,"enemies":"Gremlin Nob","floor":12,"turns":3},{"damage":4,"enemies":"2 Fungi Beasts","floor":13,"turns":2},{"damage":7,"enemies":"Lots of Slimes","floor":14,"turns":3},{"damage":3,"enemies":"Slime Boss","floor":16,"turns":11},{"damage":7,"enemies":"3 Byrds","floor":18,"turns":4},{"damage":10,"enemies":"2 Thieves","floor":21,"turns":4},{"damage":8,"enemies":"Slaver and Parasite","floor":22,"turns":5},{"damage":32,"enemies":"Slavers","floor":23,"turns":5},{"damage":4,"enemies":"Gremlin Leader","floor":25,"turns":4},{"damage":5,"enemies":"Chosen and Byrds","floor":27,"turns":4},{"damage":7,"enemies":"Snake Plant","floor":29,"turns":3},{"damage":11,"enemies":"Slaver and Parasite","floor":31,"turns":4},{"damage":17,"enemies":"Collector","floor":33,"turns":5},{"damage":0,"enemies":"Orb Walker","floor":35,"turns":1},{"damage":20,"floor":37,"turns":4},{"damage":0,"enemies":"3 Shapes","floor":38,"turns":2},{"damage":22,"enemies":"Sphere and 2 Shapes","floor":39,"turns":4},{"damage":3,"enemies":"Nemesis","floor":41,"turns":3},{"damage":6,"enemies":"Spire Growth","floor":42,"turns":3},{"damage":0,"enemies":"Giant Head","floor":44,"turns":1},{"damage":7,"floor":45,"turns":3},{"damage":9,"enemies":"2 Orb Walkers","floor":46,"turns":2},{"damage":42,"enemies":"Awakened One","floor":50,"turns":6}],"seed_played":"7722532992921303768","potions_obtained":[{"floor":1,"key":"SkillPotion"},{"floor":4,"key":"SpeedPotion"},{"floor":14,"key":"SpeedPotion"},{"floor":16,"key":"Explosive Potion"},{"floor":18,"key":"SpeedPotion"},{"floor":22,"key":"EssenceOfSteel"},{"floor":29,"key":"SteroidPotion"},{"floor":42,"key":"FearPotion"},{"floor":45,"key":"Regen Potion"}],"is_trial":false,"path_per_floor":["M","?","$","M","?","E","M","?","T","$","?","E","M","M","R","B",null,"M","?","?","M","M","E","?","E","T","M","R","M","?","M","R","B",null,"M","?","?","M","M","R","E","M","T","E","?","E","?","$","R","B"],"character_chosen":"THE_SILENT","items_purchased":["Panache","Quick Slash","Vajra","HandDrill","MawBank"],"campfire_rested":4,"item_purchase_floors":[48,48,48,48,48],"current_hp_per_floor":[70,70,70,70,70,54,50,50,50,50,33,29,25,18,42,39,80,73,73,67,57,49,17,17,13,13,8,32,25,25,14,38,21,80,80,80,60,60,38,38,35,29,29,31,26,19,9,9,48,20],"gold":133,"neow_bonus":"","is_prod":false,"is_daily":false,"chose_seed":false,"campfire_upgraded":0,"win_rate":0.0,"timestamp":1532127994,"path_taken":["M","?","?","?","?","E","M","?","T","$","?","E","?","M","R","BOSS","M","?","?","M","M","E","?","E","T","M","R","?","?","M","R","BOSS","M","?","?","M","M","R","E","M","T","E","?","E","?","$","R","BOSS"],"build_version":"2018-07-19v2","purchased_purges":2,"victory":true,"max_hp_per_floor":[70,70,70,70,70,70,70,70,70,70,70,80,80,80,80,80,80,80,80,80,80,80,80,80,80,80,80,80,80,80,80,80,80,80,80,80,80,80,80,80,80,80,80,80,80,80,80,80,80,80],"card_choices":[{"not_picked":["Footwork","Skewer"],"picked":"Blade Dance","floor":1},{"not_picked":["PiercingWail","Flying Knee","Deadly Poison"],"picked":"SKIP","floor":4},{"not_picked":["Outmaneuver","Phantasmal Killer","Leg Sweep"],"picked":"SKIP","floor":6},{"not_picked":["Tactician","Distraction"],"picked":"Flechettes","floor":7},{"not_picked":["Skewer","Outmaneuver"],"picked":"Backflip","floor":11},{"not_picked":["Dodge and Roll","Underhanded Strike"],"picked":"Expertise","floor":12},{"not_picked":["Crippling Poison","Deflect"],"picked":"Dagger Throw","floor":13},{"not_picked":["Skewer","Deflect"],"picked":"Predator","floor":14},{"not_picked":["Malaise","Night Terror"],"picked":"Tools of the Trade","floor":16},{"not_picked":["Calculated Gamble","Backflip"],"picked":"Acrobatics","floor":18},{"not_picked":["Sucker Punch","Crippling Poison"],"picked":"Quick Slash+1","floor":21},{"not_picked":["Flying Knee","Backflip"],"picked":"Infinite Blades+1","floor":22},{"not_picked":["Underhanded Strike","Dodge and Roll"],"picked":"Quick Slash","floor":23},{"not_picked":["Dodge and Roll","Dagger Throw"],"picked":"Acrobatics+1","floor":25},{"not_picked":["Masterful Stab+1","Dodge and Roll+1"],"picked":"Backstab+1","floor":27},{"not_picked":["Dagger Spray","Poisoned Stab","Deflect+1"],"picked":"SKIP","floor":27},{"not_picked":["Quick Slash+1","Endless Agony"],"picked":"Finisher+1","floor":29},{"not_picked":["Malaise","Dodge and Roll+1","Dash"],"picked":"SKIP","floor":29},{"not_picked":["Deadly Poison","Underhanded Strike"],"picked":"Infinite Blades","floor":31},{"not_picked":["Bouncing Flask","Flying Knee","Dagger Spray+1"],"picked":"SKIP","floor":31},{"not_picked":["Burst","Night Terror"],"picked":"Bullet Time","floor":33},{"not_picked":["Dagger Throw","Acrobatics+1"],"picked":"Prepared","floor":35},{"not_picked":["Flechettes+1","Outmaneuver+1"],"picked":"Blade Dance+1","floor":35},{"not_picked":["Deflect","Acrobatics+1"],"picked":"Reflex+1","floor":37},{"not_picked":["Caltrops","Poisoned Stab"],"picked":"Quick Slash+1","floor":38},{"not_picked":["Poisoned Stab+1","Expertise"],"picked":"Well Laid Plans+1","floor":38},{"not_picked":["PiercingWail+1","Doppelganger"],"picked":"Dagger Throw","floor":39},{"not_picked":["Poisoned Stab+1","Slice","Predator+1"],"picked":"SKIP","floor":39},{"not_picked":["Sucker Punch+1","Poisoned Stab"],"picked":"Bullet Time","floor":41},{"not_picked":["Dagger Throw+1","Acrobatics+1"],"picked":"Prepared+1","floor":42},{"not_picked":["Choke","Blur"],"picked":"Prepared","floor":42},{"not_picked":["Flying Knee","Choke+1"],"picked":"Terror","floor":44},{"not_picked":["Heel Hook+1","Caltrops","Dodge and Roll"],"picked":"Escape Plan+1","floor":45},{"not_picked":["Poisoned Stab","Phantasmal Killer","Flying Knee","Blur+1"],"picked":"SKIP","floor":46}],"player_experience":33503,"relics_obtained":[{"floor":6,"key":"Tough Bandages"},{"floor":9,"key":"Bag of Marbles"},{"floor":11,"key":"Odd Mushroom"},{"floor":12,"key":"Pear"},{"floor":23,"key":"Prayer Wheel"},{"floor":25,"key":"Ancient Tea Set"},{"floor":26,"key":"Mummified Hand"},{"floor":37,"key":"Shovel"},{"floor":40,"key":"Juzu Bracelet"},{"floor":41,"key":"Regal Pillow"},{"floor":43,"key":"Blood Vial"},{"floor":44,"key":"Question Card"},{"floor":45,"key":"Old Coin"},{"floor":46,"key":"Incense Burner"}],"event_choices":[{"event_name":"Upgrade Shrine","player_choice":"Upgraded","floor":2,"damage_taken":0},{"event_name":"Big Fish","player_choice":"Box","floor":5,"damage_taken":0},{"event_name":"Liars Game","player_choice":"disagreed","floor":8,"damage_taken":0},{"event_name":"Mushrooms","player_choice":"Fought Mushrooms","floor":11,"damage_taken":0},{"event_name":"Back to Basics","player_choice":"Elegance","floor":19,"damage_taken":0},{"event_name":"Nest","player_choice":"Joined the Cult","floor":20,"damage_taken":0},{"event_name":"Drug Dealer","player_choice":"Got JAXXED","floor":24,"damage_taken":0},{"event_name":"Transmorgrifier","player_choice":"Transform","floor":30,"damage_taken":0},{"event_name":"Match and Keep!","player_choice":"2 cards matched","floor":36,"damage_taken":0},{"event_name":"MindBloom","player_choice":"Fight","floor":37,"damage_taken":0},{"event_name":"Mysterious Sphere","player_choice":"Fight","floor":45,"damage_taken":0},{"event_name":"Winding Halls","player_choice":"Embrace Madness","floor":47,"damage_taken":0}],"is_beta":false,"boss_relics":[{"not_picked":["Velvet Choker","Tiny House"],"picked":"Fusion Hammer"},{"not_picked":["Cursed Key","Empty Cage"],"picked":"WristBlade"}],"items_purged_floors":[3,48],"is_endless":false,"potions_floor_spawned":[1,4,14,16,18,22,29,37,39,42,45,46],"ascension_level":0}