{"gold_per_floor":[109,109,9,25,37,67,67,96,96,126,138,163,163,182,182,182],"floor_reached":16,"playtime":1022,"items_purged":[],"score":204,"play_id":"a968b6d7-958f-4782-b395-0ae637f9a9ad","local_time":"20180816222431","is_ascension_mode":true,"campfire_choices":[{"data":"Bash","floor":7.0,"key":"SMITH"},{"data":"Clothesline","floor":13,"key":"SMITH"},{"data":"Inflame","floor":15,"key":"SMITH"}],"neow_cost":"NONE","seed_source_timestamp":2111013089757341,"circlet_count":0,"master_deck":["Strike_R","Strike_R","Strike_R","Strike_R","Defend_R","Defend_R","Defend_R","Defend_R","Bash+1","AscendersBane","Inflame+1","Feel No Pain","Pommel Strike","Pommel Strike","Whirlwind","Clothesline+1","Clothesline"],"special_seed":0,"relics":["Burning Blood","Potion Belt","Ancient Tea Set","Magic Flower","The Courier","Mummified Hand","Odd Mushroom"],"potions_floor_usage":[12,12,16],"damage_taken":[{"damage":11.0,"enemies":"Jaw Worm","floor":1.0,"turns":5.0},{"damage":0.0,"enemies":"Small Slimes","floor":4.0,"turns":4.0},{"damage":1.0,"enemies":"Cultist","floor":5.0,"turns":3.0},{"damage":17.0,"enemies":"3 Sentries","floor":6.0,"turns":9.0},{"damage":5.0,"enemies":"Gremlin Nob","floor":8.0,"turns":4.0},{"damage":54.0,"enemies":"Lagavulin","floor":10.0,"turns":9.0},{"damage":7.0,"enemies":"Exordium Wildlife","floor":11.0,"turns":4.0},{"damage":2,"floor":12,"turns":3},{"damage":8,"enemies":"Large Slime","floor":14,"turns":5},{"damage":27,"enemies":"Hexaghost","floor":16,"turns":10}],"seed_played":"-9146793376070555429","potions_obtained":[{"floor":1.0,"key":"PowerPotion"},{"floor":6.0,"key":"Block Potion"},{"floor":10.0,"key":"Dexterity Potion"},{"floor":11.0,"key":"Energy Potion"},{"floor":14,"key":"Dexterity Potion"}],"is_trial":false,"path_per_floor":["M","?","$","M","M","E","R","E","T","E","M","?","R","M","R"],"character_chosen":"IRONCLAD","items_purchased":["Block Potion","Explosive Potion"],"campfire_rested":0,"item_purchase_floors":[3,3],"current_hp_per_floor":[63,56,56,62,67,56,56,57,57,12,14,21,21,22,22,0],"gold":182,"neow_bonus":"RANDOM_COMMON_RELIC","is_prod":false,"is_daily":false,"chose_seed":false,"campfire_upgraded":3,"win_rate":0,"timestamp":1534483471,"path_taken":["M","?","$","M","M","E","R","E","T","E","M","?","R","M","R","BOSS"],"build_version":"2018-08-16","purchased_purges":0,"victory":false,"max_hp_per_floor":[75,75,75,75,75,75,75,75,75,75,75,75,75,75,75,75],"card_choices":[{"not_picked":["Fire Breathing","Flex"],"picked":"Inflame","floor":1.0},{"not_picked":["Anger","Heavy Blade"],"picked":"Feel No Pain","floor":4.0},{"not_picked":["Searing Blow","Seeing Red","Flex"],"picked":"SKIP","floor":5.0},{"not_picked":["Wild Strike","Headbutt"],"picked":"Pommel Strike","floor":6.0},{"not_picked":["Juggernaut","Thunderclap","Exhume"],"picked":"SKIP","floor":8.0},{"not_picked":["Thunderclap","Headbutt"],"picked":"Pommel Strike","floor":10.0},{"not_picked":["Headbutt","Dark Embrace"],"picked":"Whirlwind","floor":11.0},{"not_picked":["Bloodletting","Headbutt"],"picked":"Clothesline","floor":12},{"not_picked":["Combust","Flex"],"picked":"Clothesline","floor":14}],"player_experience":480149,"relics_obtained":[{"floor":6.0,"key":"Ancient Tea Set"},{"floor":8.0,"key":"Magic Flower"},{"floor":9.0,"key":"The Courier"},{"floor":10.0,"key":"Mummified Hand"},{"floor":12,"key":"Odd Mushroom"}],"event_choices":[{"event_name":"Golden Wing","player_choice":"Card Removal","floor":2.0,"damage_taken":0.0},{"event_name":"Mushrooms","player_choice":"Fought Mushrooms","floor":12,"damage_taken":0}],"is_beta":false,"boss_relics":[],"items_purged_floors":[],"is_endless":false,"potions_floor_spawned":[1,6,10,11,14],"killed_by":"Hexaghost","ascension_level":14}