{"gold_per_floor":[110,15,30,47,47,47,74,74,74,107,107,32,64,84,84,161,161,171,200,39,52,52,52,65,100,100,100,0,0,31,45,45,116,116,136,147,166,388,388,388,388,388,388,422,422,24,52,52,52,52],"floor_reached":51,"playtime":4359,"items_purged":["Strike_B","Injury","Writhe"],"score":1400,"play_id":"89567d1a-4605-4072-815a-0025c5378f9f","local_time":"20181222224219","is_ascension_mode":true,"campfire_choices":[{"data":"Zap","floor":6,"key":"SMITH"},{"data":"Auto Shields","floor":11,"key":"SMITH"},{"data":"Sunder","floor":15,"key":"SMITH"},{"data":"Auto Shields","floor":23,"key":"SMITH"},{"data":"Go for the Eyes","floor":27,"key":"SMITH"},{"data":"Capacitor","floor":32,"key":"SMITH"},{"data":"All For One","floor":40,"key":"SMITH"},{"floor":41,"key":"REST"},{"data":"1","floor":45,"key":"LIFT"},{"floor":49,"key":"REST"}],"neow_cost":"NONE","seed_source_timestamp":127623502408094,"circlet_count":0,"master_deck":["AscendersBane","Strike_B","Strike_B","Defend_B","Defend_B","Defend_B","Defend_B","Zap+1","Dualcast+1","Leap","Auto Shields+1","Conserve Battery","Compile Driver","Defragment+1","Tempest","FTL","Sunder+1","Cold Snap","Glacier","All For One+1","Scrape","Gash","Auto Shields+1","Go for the Eyes+1","Loop","Self Repair","Capacitor+1","Hologram+1","Hologram+1","Steam+1","Go for the Eyes","Cold Snap","Auto Shields"],"relics":["Cracked Core","Centennial Puzzle","Symbiotic Virus","Darkstone Periapt","Dead Branch","Kunai","Cursed Key","Red Mask","Gambling Chip","WingedGreaves","NlothsMask","Anchor","Sozu","Girya","Membership Card","Blood Vial","Boot"],"potions_floor_usage":[16,16,25,33,50,50],"damage_taken":[{"damage":2,"enemies":"Cultist","floor":1,"turns":4},{"damage":0,"enemies":"2 Louse","floor":3,"turns":3},{"damage":1,"enemies":"Small Slimes","floor":4,"turns":3},{"damage":19,"enemies":"Gremlin Nob","floor":7,"turns":4},{"damage":7,"enemies":"3 Sentries","floor":10,"turns":5},{"damage":18,"enemies":"Gremlin Nob","floor":13,"turns":3},{"damage":4,"enemies":"Exordium Wildlife","floor":14,"turns":3},{"damage":3,"enemies":"Hexaghost","floor":16,"turns":8},{"damage":0,"enemies":"Spheric Guardian","floor":18,"turns":3},{"damage":11,"enemies":"Masked Bandits","floor":19,"turns":4},{"damage":5,"enemies":"Shell Parasite","floor":21,"turns":5},{"damage":12,"enemies":"Centurion and Healer","floor":24,"turns":4},{"damage":8,"enemies":"Slavers","floor":25,"turns":4},{"damage":1,"enemies":"Book of Stabbing","floor":30,"turns":6},{"damage":0,"enemies":"Snake Plant","floor":31,"turns":3},{"damage":21,"enemies":"Collector","floor":33,"turns":10},{"damage":18,"enemies":"3 Darklings","floor":35,"turns":4},{"damage":2,"enemies":"Orb Walker","floor":36,"turns":3},{"damage":25,"enemies":"Spire Growth","floor":37,"turns":5},{"damage":23,"enemies":"Nemesis","floor":44,"turns":5},{"damage":5,"enemies":"Giant Head","floor":47,"turns":7},{"damage":0,"enemies":"Awakened One","floor":50,"turns":17}],"seed_played":"-6048690891646088455","potions_obtained":[{"floor":1,"key":"Poison Potion"},{"floor":10,"key":"EssenceOfSteel"},{"floor":21,"key":"Explosive Potion"},{"floor":25,"key":"LiquidBronze"},{"floor":33,"key":"LiquidBronze"}],"is_trial":false,"path_per_floor":["M","$","M","M","?","R","E","?","T","E","R","$","E","M","R","B",null,"M","?","$","M","?","R","M","E","T","R","$","?","E","M","R","B",null,"M","M","M","?","?","R","R","?","T","E","R","$","E","T","R","B",null],"character_chosen":"DEFECT","items_purchased":["Auto Shields","Conserve Battery","Sunder","FocusPotion","Membership Card","Blood Vial","Go for the Eyes","Cold Snap"],"campfire_rested":2,"item_purchase_floors":[2,2,12,20,46,46,46,46],"current_hp_per_floor":[62,62,62,61,61,61,42,42,42,35,35,35,17,13,13,10,56,56,45,45,40,54,54,42,34,40,40,40,40,39,39,39,25,64,46,44,26,26,47,47,71,71,71,55,55,55,59,59,83,83],"gold":52,"neow_bonus":"RANDOM_COMMON_RELIC","is_prod":false,"is_daily":false,"chose_seed":false,"campfire_upgraded":7,"win_rate":0,"timestamp":1545547339,"path_taken":["M","?","M","M","?","R","E","?","T","E","R","$","E","M","R","BOSS","M","?","$","M","?","R","?","E","T","R","$","?","E","M","R","BOSS","M","M","M","?","?","R","R","?","T","E","R","$","E","?","R","BOSS"],"build_version":"2018-12-20","purchased_purges":3,"victory":true,"max_hp_per_floor":[71,71,71,71,71,71,71,71,71,71,71,71,71,71,71,71,71,71,71,71,71,71,71,71,71,77,77,77,77,77,77,77,77,77,77,77,77,77,83,83,83,83,83,83,83,83,83,83,83,83],"card_choices":[{"not_picked":["Fusion","Gash"],"picked":"Leap","floor":1},{"not_picked":["Steam","Turbo"],"picked":"Compile Driver","floor":3},{"not_picked":["Steam","Lockon"],"picked":"Defragment","floor":4},{"not_picked":["Hologram","Turbo"],"picked":"Tempest","floor":7},{"not_picked":["Cold Snap","Stack"],"picked":"FTL","floor":10},{"not_picked":["Steam","Leap"],"picked":"Cold Snap","floor":13},{"not_picked":["Fission","Coolheaded"],"picked":"Glacier","floor":14},{"not_picked":["Machine Learning","Creative AI"],"picked":"All For One","floor":16},{"not_picked":["Barrage","Static Discharge"],"picked":"Scrape","floor":18},{"not_picked":["Consume","Leap"],"picked":"Gash","floor":19},{"not_picked":["Redo","Steam Power"],"picked":"Auto Shields","floor":21},{"not_picked":["Compile Driver","Cold Snap"],"picked":"Go for the Eyes","floor":24},{"not_picked":["Recycle","Aggregate"],"picked":"Loop","floor":25},{"not_picked":["Barrage","Ball Lightning"],"picked":"Self Repair","floor":30},{"not_picked":["Leap+1","Steam Power"],"picked":"Capacitor","floor":31},{"not_picked":["Gash","Redo"],"picked":"Hologram+1","floor":35},{"not_picked":["Consume","Stack"],"picked":"Hologram+1","floor":36},{"not_picked":["Melter","Coolheaded","Reboot"],"picked":"SKIP","floor":37},{"not_picked":["Rebound","Ball Lightning"],"picked":"Steam+1","floor":44},{"not_picked":["Darkness","Coolheaded"],"picked":"Auto Shields","floor":47}],"player_experience":657554,"relics_obtained":[{"floor":7,"key":"Symbiotic Virus"},{"floor":9,"key":"Darkstone Periapt"},{"floor":10,"key":"Dead Branch"},{"floor":13,"key":"Kunai"},{"floor":19,"key":"Red Mask"},{"floor":25,"key":"Gambling Chip"},{"floor":26,"key":"WingedGreaves"},{"floor":30,"key":"Anchor"},{"floor":44,"key":"Girya"},{"floor":47,"key":"Boot"}],"event_choices":[{"damage_healed":0,"gold_gain":0,"player_choice":"Grow","damage_taken":0,"max_hp_gain":0,"max_hp_loss":0,"event_name":"Living Wall","floor":5,"gold_loss":0,"cards_upgraded":["Defragment"]},{"damage_healed":0,"gold_gain":0,"player_choice":"Forge","damage_taken":0,"max_hp_gain":0,"max_hp_loss":0,"event_name":"Accursed Blacksmith","floor":8,"gold_loss":0,"cards_upgraded":["Dualcast"]},{"damage_healed":0,"gold_gain":0,"player_choice":"Fought Bandits","damage_taken":0,"max_hp_gain":0,"max_hp_loss":0,"event_name":"Masked Bandits","floor":19,"gold_loss":0},{"damage_healed":14,"gold_gain":0,"player_choice":"Heal","damage_taken":0,"max_hp_gain":0,"max_hp_loss":0,"event_name":"The Library","floor":22,"gold_loss":0},{"damage_healed":0,"gold_gain":0,"player_choice":"Trade","damage_taken":0,"relics_obtained":["NlothsMask"],"max_hp_gain":0,"max_hp_loss":0,"event_name":"FaceTrader","floor":29,"gold_loss":0},{"damage_healed":0,"gold_gain":222,"player_choice":"Wore Mask","damage_taken":0,"max_hp_gain":0,"max_hp_loss":0,"event_name":"Tomb of Lord Red Mask","floor":38,"gold_loss":0},{"damage_healed":15,"gold_gain":0,"player_choice":"Writhe","damage_taken":0,"max_hp_gain":0,"max_hp_loss":0,"event_name":"Winding Halls","floor":39,"gold_loss":0,"cards_obtained":["Writhe"]},{"cards_removed":["Strike_B"],"damage_healed":0,"gold_gain":0,"player_choice":"Removed Attack","damage_taken":0,"max_hp_gain":0,"max_hp_loss":0,"event_name":"Falling","floor":42,"gold_loss":0}],"is_beta":false,"boss_relics":[{"not_picked":["Nuclear Battery","White Beast Statue"],"picked":"Cursed Key"},{"not_picked":["Eternal Feather","Runic Pyramid"],"picked":"Sozu"}],"items_purged_floors":[20,28,46],"is_endless":false,"potions_floor_spawned":[1,10,21,25,33,36,37,47],"ascension_level":17}