{"gold_per_floor":[119,135,135,135,154,154,182,9,33,33,52,52,6,18,18,123,123,141,66,66,12,27,27,52,52,97,117,117,149,169,182,182,286,286,296,296,47,64,74,74,109,109,109,109,209,209,83,96,96,96,96,96,48,81,81],"floor_reached":55,"playtime":3425,"items_purged":["Strike_R","Strike_R"],"score":1103,"play_id":"7abbc444-b361-444f-ad2c-9b0f8522158c","local_time":"20190207221017","is_ascension_mode":true,"campfire_choices":[{"data":"Whirlwind","floor":6.0,"key":"SMITH"},{"data":"Apotheosis","floor":12.0,"key":"SMITH"},{"data":"True Grit","floor":15.0,"key":"SMITH"},{"data":"True Grit","floor":23.0,"key":"SMITH"},{"data":"Juggernaut","floor":25.0,"key":"SMITH"},{"floor":32.0,"key":"REST"},{"floor":40.0,"key":"REST"},{"floor":42.0,"key":"REST"},{"data":"Entrench","floor":44.0,"key":"SMITH"},{"floor":46.0,"key":"RECALL"},{"data":"Shockwave","floor":49.0,"key":"SMITH"},{"floor":52.0,"key":"REST"}],"neow_cost":"NONE","seed_source_timestamp":0,"circlet_count":0,"master_deck":["AscendersBane","Strike_R","Strike_R","Strike_R","Defend_R","Defend_R","Defend_R","Defend_R","Bash","Dropkick","Shrug It Off","Whirlwind+1","Entrench+1","Apotheosis+1","True Grit+1","Body Slam","Juggernaut+1","True Grit+1","Shrug It Off","Metallicize","Headbutt+1","Flash of Steel","Flash of Steel","Flash of Steel","Purity","Shockwave+1","Seeing Red+1","Sentinel"],"special_seed":0,"relics":["Burning Blood","Omamori","Calipers","Art of War","Runic Pyramid","Red Skull","Centennial Puzzle","Smiling Mask","Lizard Tail","Oddly Smooth Stone","Boot","Torii","StoneCalendar"],"potions_floor_usage":[54,55,55],"damage_taken":[{"damage":6.0,"enemies":"Cultist","floor":1.0,"turns":3.0},{"damage":7.0,"enemies":"Small Slimes","floor":2.0,"turns":6.0},{"damage":4.0,"enemies":"Jaw Worm","floor":5.0,"turns":4.0},{"damage":36.0,"enemies":"Lagavulin","floor":7.0,"turns":6.0},{"damage":13.0,"enemies":"Exordium Wildlife","floor":11.0,"turns":5.0},{"damage":2.0,"enemies":"3 Louse","floor":14.0,"turns":2.0},{"damage":2.0,"enemies":"The Guardian","floor":16.0,"turns":13.0},{"damage":8.0,"enemies":"3 Byrds","floor":18.0,"turns":6.0},{"damage":16.0,"enemies":"2 Thieves","floor":22.0,"turns":5.0},{"damage":0.0,"enemies":"Gremlin Leader","floor":24.0,"turns":5.0},{"damage":8.0,"enemies":"Centurion and Healer","floor":27.0,"turns":7.0},{"damage":7.0,"enemies":"Snecko","floor":28.0,"turns":4.0},{"damage":8.0,"enemies":"Book of Stabbing","floor":29.0,"turns":10.0},{"damage":21.0,"enemies":"Snake Plant","floor":30.0,"turns":5.0},{"damage":10.0,"enemies":"Sentry and Sphere","floor":31.0,"turns":5.0},{"damage":20.0,"enemies":"Champ","floor":33.0,"turns":9.0},{"damage":24.0,"enemies":"3 Shapes","floor":35.0,"turns":5.0},{"damage":17.0,"enemies":"3 Darklings","floor":38.0,"turns":9.0},{"damage":13.0,"enemies":"Spire Growth","floor":39.0,"turns":6.0},{"damage":14.0,"enemies":"Giant Head","floor":41.0,"turns":9.0},{"damage":0.0,"enemies":"Mind Bloom Boss Battle","floor":45.0,"turns":10.0},{"damage":11.0,"enemies":"4 Shapes","floor":48.0,"turns":6.0},{"damage":64.0,"enemies":"Donu and Deca","floor":50.0,"turns":11.0},{"damage":120,"enemies":"Shield and Spear","floor":54,"turns":9},{"damage":0,"enemies":"The Heart","floor":55,"turns":2}],"seed_played":"8546157168855352251","potions_obtained":[{"floor":0.0,"key":"EntropicBrew"},{"floor":0.0,"key":"SmokeBomb"},{"floor":0.0,"key":"Weak Potion"},{"floor":14.0,"key":"Strength Potion"},{"floor":24.0,"key":"Explosive Potion"},{"floor":27.0,"key":"Weak Potion"},{"floor":33.0,"key":"LiquidBronze"},{"floor":38.0,"key":"Strength Potion"},{"floor":48.0,"key":"Swift Potion"}],"is_trial":false,"path_per_floor":["M","M","?","?","M","R","E","$","T","$","M","R","$","M","R","B",null,"M","$","?","$","M","R","E","R","T","M","M","E","M","M","R","B",null,"M","?","$","M","M","R","E","R","T","R","?","R","$","M","R","B",null,"R","$","E","B"],"character_chosen":"IRONCLAD","items_purchased":["Apotheosis","True Grit","Shrug It Off","Purity","Oddly Smooth Stone","Sentinel","Dexterity Potion"],"campfire_rested":4,"item_purchase_floors":[8,13,21,37,37,47,53],"current_hp_per_floor":[72,71,71,59,61,61,31,31,31,31,24,24,24,28,28,32,68,66,66,66,66,56,56,62,62,62,60,59,57,42,38,62,48,72,54,44,44,33,26,50,42,66,66,66,72,72,72,67,67,9,62,80,80,8,8],"gold":81,"neow_bonus":"THREE_SMALL_POTIONS","is_prod":false,"is_daily":false,"chose_seed":false,"campfire_upgraded":7,"win_rate":0,"timestamp":1549606217,"path_taken":["M","?","?","?","M","R","E","$","T","$","M","R","?","M","R","BOSS","M","$","?","$","M","R","E","R","T","M","M","E","M","M","R","BOSS","M","?","$","M","M","R","E","R","T","R","?","R","$","M","R","BOSS","R","$","E","BOSS"],"build_version":"2019-01-23","purchased_purges":2,"victory":false,"max_hp_per_floor":[80,80,80,80,80,80,80,80,80,80,80,80,80,80,80,80,80,80,80,80,80,80,80,80,80,80,80,80,80,80,80,80,80,80,80,80,80,80,80,80,80,80,80,80,80,80,80,80,80,80,80,80,80,80,80],"card_choices":[{"not_picked":["Fire Breathing","Hemokinesis"],"picked":"Dropkick","floor":1.0},{"not_picked":["Armaments","Sentinel"],"picked":"Shrug It Off","floor":2.0},{"not_picked":["Sword Boomerang","Rage"],"picked":"Whirlwind","floor":5.0},{"not_picked":["Clash","Warcry"],"picked":"Entrench","floor":7.0},{"not_picked":["Berserk","Intimidate","Blood for Blood"],"picked":"SKIP","floor":11.0},{"not_picked":["Clothesline","Wild Strike"],"picked":"Body Slam","floor":14.0},{"not_picked":["Double Tap","Demon Form"],"picked":"Juggernaut","floor":16.0},{"not_picked":["Pommel Strike+1","Hemokinesis"],"picked":"True Grit","floor":18.0},{"not_picked":["Uppercut+1","Shrug It Off","Clash"],"picked":"SKIP","floor":22.0},{"not_picked":["Twin Strike+1","Warcry+1","Clash"],"picked":"SKIP","floor":24.0},{"not_picked":["Seeing Red","Armaments+1","Blood for Blood"],"picked":"SKIP","floor":27.0},{"not_picked":["Twin Strike","Perfected Strike"],"picked":"Metallicize","floor":29.0},{"not_picked":["Flex+1","Bloodletting","Perfected Strike+1"],"picked":"SKIP","floor":30.0},{"not_picked":["Wild Strike","Headbutt+1","Power Through"],"picked":"SKIP","floor":31.0},{"not_picked":["Wild Strike","Power Through"],"picked":"Headbutt+1","floor":31.0},{"not_picked":["Pommel Strike","Sever Soul","True Grit+1"],"picked":"SKIP","floor":35.0},{"not_picked":["Swift Strike","Impatience"],"picked":"Flash of Steel","floor":36.0},{"not_picked":["Discovery","Mind Blast"],"picked":"Flash of Steel","floor":36.0},{"not_picked":["Mind Blast","Jack Of All Trades"],"picked":"Flash of Steel","floor":36.0},{"not_picked":["Disarm+1","Sentinel"],"picked":"Shockwave","floor":38.0},{"not_picked":["Headbutt+1","Anger+1","Dual Wield"],"picked":"SKIP","floor":39.0},{"not_picked":["Disarm+1","Reckless Charge+1"],"picked":"Seeing Red+1","floor":41.0},{"not_picked":["Clothesline","Blood for Blood","Iron Wave+1"],"picked":"SKIP","floor":48.0},{"not_picked":["Evolve","Havoc","Clothesline"],"picked":"SKIP","floor":54}],"player_experience":366795,"relics_obtained":[{"floor":7.0,"key":"Calipers"},{"floor":9.0,"key":"Art of War"},{"floor":24.0,"key":"Red Skull"},{"floor":26.0,"key":"Centennial Puzzle"},{"floor":29.0,"key":"Smiling Mask"},{"floor":41.0,"key":"Boot"},{"floor":45.0,"key":"Torii"},{"floor":54,"key":"StoneCalendar"}],"event_choices":[{"damage_healed":0.0,"max_hp_gain":0.0,"max_hp_loss":0.0,"gold_gain":0.0,"event_name":"Liars Game","player_choice":"Ignored","floor":3.0,"gold_loss":0.0,"damage_taken":0.0},{"damage_healed":0.0,"max_hp_gain":0.0,"max_hp_loss":0.0,"gold_gain":0.0,"event_name":"Scrap Ooze","player_choice":"Success","floor":4.0,"gold_loss":0.0,"damage_taken":12.0,"relics_obtained":["Omamori"]},{"damage_healed":0.0,"max_hp_gain":0.0,"max_hp_loss":0.0,"gold_gain":0.0,"event_name":"Cursed Tome","player_choice":"Ignored","floor":20.0,"gold_loss":0.0,"damage_taken":0.0},{"damage_healed":0.0,"max_hp_gain":0.0,"max_hp_loss":0.0,"gold_gain":0.0,"event_name":"SensoryStone","player_choice":"Memory 3","floor":36.0,"gold_loss":0.0,"damage_taken":10.0},{"damage_healed":0.0,"max_hp_gain":0.0,"max_hp_loss":0.0,"gold_gain":0.0,"event_name":"MindBloom","player_choice":"Fight","floor":45.0,"gold_loss":0.0,"damage_taken":0.0}],"is_beta":false,"boss_relics":[{"not_picked":["Philosopher\u0027s Stone","White Beast Statue"],"picked":"Runic Pyramid"},{"not_picked":["Snecko Eye","Black Star"],"picked":"Lizard Tail"}],"items_purged_floors":[19,47],"is_endless":false,"potions_floor_spawned":[1,5,14,24,27,28,33,38,48],"killed_by":"The Heart","ascension_level":10}