{"gold_per_floor":[209,222,222,59,59,91,91,124,147,147,162,162,195,195,195,272,272,286,119,129,148,148,148,181,181,181,181,196,196,207,219,219,219],"floor_reached":33,"playtime":1699,"items_purged":["Strike_R"],"score":666,"play_id":"fa803998-12d7-4652-aa44-d24b0ffd1cd4","local_time":"20190403224020","is_ascension_mode":true,"campfire_choices":[{"data":"Bludgeon","floor":7.0,"key":"SMITH"},{"data":"Shrug It Off","floor":10.0,"key":"SMITH"},{"data":"Evolve","floor":12.0,"key":"SMITH"},{"data":"Iron Wave","floor":15.0,"key":"SMITH"},{"data":"Demon Form","floor":23.0,"key":"SMITH"},{"data":"Armaments","floor":27,"key":"SMITH"},{"data":"Strike_R","floor":29,"key":"PURGE"},{"floor":32,"key":"REST"}],"neow_cost":"NONE","seed_source_timestamp":1791100765214300,"circlet_count":0,"master_deck":["AscendersBane","Strike_R","Strike_R","Defend_R","Defend_R","Defend_R","Defend_R","Bash+1","Battle Trance","Pommel Strike+1","Shrug It Off+1","Bludgeon+1","Battle Trance","Evolve+1","Iron Wave+1","Demon Form+1","Anger+1","Shrug It Off","Carnage","Armaments+1","True Grit","Anger","Clothesline+1","Feel No Pain","Clothesline"],"special_seed":0,"relics":["Burning Blood","Bag of Preparation","Charon\u0027s Ashes","Strawberry","Dream Catcher","Sozu","Peace Pipe","GremlinMask","Ginger"],"potions_floor_usage":[30,33],"damage_taken":[{"damage":0.0,"enemies":"2 Louse","floor":1.0,"turns":4.0},{"damage":2.0,"enemies":"Jaw Worm","floor":2.0,"turns":4.0},{"damage":9.0,"enemies":"Lagavulin","floor":6.0,"turns":6.0},{"damage":3.0,"enemies":"Gremlin Nob","floor":8.0,"turns":3.0},{"damage":0.0,"enemies":"Cultist","floor":11.0,"turns":2.0},{"damage":20.0,"enemies":"3 Sentries","floor":13.0,"turns":5.0},{"damage":0.0,"enemies":"Slime Boss","floor":16.0,"turns":6.0},{"damage":15.0,"enemies":"Spheric Guardian","floor":18.0,"turns":5.0},{"damage":21.0,"enemies":"3 Byrds","floor":20.0,"turns":5.0},{"damage":0.0,"enemies":"Centurion and Healer","floor":21.0,"turns":4.0},{"damage":29,"enemies":"Book of Stabbing","floor":24,"turns":5},{"damage":5,"enemies":"Snecko","floor":28,"turns":4},{"damage":13,"enemies":"Snake Plant","floor":30,"turns":5},{"damage":7,"enemies":"Centurion and Healer","floor":31,"turns":7},{"damage":72,"enemies":"Automaton","floor":33,"turns":8}],"seed_played":"-3192232360555056559","potions_obtained":[{"floor":1.0,"key":"AttackPotion"},{"floor":2.0,"key":"Fire Potion"},{"floor":11.0,"key":"BloodPotion"},{"floor":16.0,"key":"Fire Potion"}],"is_trial":false,"path_per_floor":["M","M","?","$","?","E","R","E","T","R","M","R","E","?","R","B",null,"M","$","M","M","?","R","E","?","T","R","M","R","M","M","R","B"],"character_chosen":"IRONCLAD","items_purchased":["Pommel Strike","Shrug It Off","AttackPotion","Shrug It Off","Carnage"],"campfire_rested":1,"item_purchase_floors":[4,4,4,19,19],"current_hp_per_floor":[74,75,75,75,75,72,72,75,82,82,82,82,68,61,61,67,78,69,69,54,60,60,60,37,37,37,37,38,38,31,30,54,0],"gold":219,"neow_bonus":"HUNDRED_GOLD","is_prod":false,"is_daily":false,"chose_seed":false,"campfire_upgraded":6,"win_rate":0,"timestamp":1554345620,"path_taken":["M","M","?","$","?","E","R","E","T","R","?","R","E","?","R","BOSS","M","$","M","M","?","R","E","?","T","R","M","R","M","?","R","BOSS"],"build_version":"2019-01-23","purchased_purges":1,"victory":false,"max_hp_per_floor":[75,75,75,75,75,75,75,75,82,82,82,82,82,82,82,82,82,82,82,82,82,82,82,82,82,82,82,82,82,82,82,82,82],"card_choices":[{"not_picked":["Pommel Strike","Fire Breathing"],"picked":"Battle Trance","floor":1.0},{"not_picked":["Wild Strike","Body Slam","Havoc"],"picked":"SKIP","floor":2.0},{"not_picked":["Heavy Blade","True Grit"],"picked":"Bludgeon","floor":6.0},{"not_picked":["Infernal Blade","Pummel"],"picked":"Battle Trance","floor":8.0},{"not_picked":["Body Slam","Whirlwind"],"picked":"Evolve","floor":11.0},{"not_picked":["Perfected Strike","Sword Boomerang"],"picked":"Iron Wave","floor":13.0},{"not_picked":["Fiend Fire","Immolate"],"picked":"Demon Form","floor":16.0},{"not_picked":["Pummel","Clash"],"picked":"Anger+1","floor":18.0},{"not_picked":["Spot Weakness","Sword Boomerang"],"picked":"Armaments","floor":20.0},{"not_picked":["Anger","Exhume"],"picked":"True Grit","floor":21.0},{"not_picked":["Infernal Blade","Brutality","Headbutt"],"picked":"SKIP","floor":24},{"not_picked":["Rampage","Sword Boomerang"],"picked":"Anger","floor":28},{"not_picked":["Perfected Strike","Pommel Strike"],"picked":"Clothesline+1","floor":30},{"not_picked":["Body Slam","Sword Boomerang"],"picked":"Feel No Pain","floor":31},{"not_picked":["Fiend Fire","Bloodletting"],"picked":"Clothesline","floor":32}],"player_experience":802531,"relics_obtained":[{"floor":6.0,"key":"Bag of Preparation"},{"floor":8.0,"key":"Charon\u0027s Ashes"},{"floor":9.0,"key":"Strawberry"},{"floor":13.0,"key":"Dream Catcher"},{"floor":24,"key":"Peace Pipe"},{"floor":26,"key":"Ginger"}],"event_choices":[{"damage_healed":0.0,"max_hp_gain":0.0,"max_hp_loss":0.0,"gold_gain":0.0,"event_name":"Living Wall","player_choice":"Grow","floor":3.0,"gold_loss":0.0,"damage_taken":0.0,"cards_upgraded":["Bash"]},{"damage_healed":0.0,"max_hp_gain":0.0,"max_hp_loss":0.0,"gold_gain":0.0,"event_name":"Accursed Blacksmith","player_choice":"Forge","floor":5.0,"gold_loss":0.0,"damage_taken":0.0,"cards_upgraded":["Pommel Strike"]},{"cards_removed":["Strike_R"],"damage_healed":0.0,"max_hp_gain":0.0,"max_hp_loss":0.0,"gold_gain":0.0,"event_name":"Golden Wing","player_choice":"Card Removal","floor":14.0,"gold_loss":0.0,"damage_taken":7.0},{"damage_healed":0.0,"max_hp_gain":0.0,"max_hp_loss":0.0,"gold_gain":0.0,"event_name":"Ghosts","player_choice":"Ignored","floor":22.0,"gold_loss":0.0,"damage_taken":0.0},{"damage_healed":0,"gold_gain":0,"player_choice":"Trade","damage_taken":0,"relics_obtained":["GremlinMask"],"max_hp_gain":0,"max_hp_loss":0,"event_name":"FaceTrader","floor":25,"gold_loss":0}],"is_beta":false,"boss_relics":[{"not_picked":["Busted Crown","Empty Cage"],"picked":"Sozu"}],"items_purged_floors":[19],"is_endless":false,"potions_floor_spawned":[1,2,11,16,18,24,30],"killed_by":"Automaton","ascension_level":20}