{"gold_per_floor":[360,535,535,22,22,54,54,82,82,96,113,142,142,158,158,158],"floor_reached":16,"playtime":1174,"items_purged":["Regret"],"score":142,"play_id":"685fda29-206b-494f-8639-d5c9876bccf5","local_time":"20180724234659","is_ascension_mode":true,"campfire_choices":[{"floor":13,"key":"REST"},{"data":"True Grit","floor":15,"key":"SMITH"}],"neow_cost":"CURSE","seed_source_timestamp":128657436535430,"circlet_count":0,"master_deck":["Strike_R","Strike_R","Strike_R","Strike_R","Strike_R","Defend_R","Defend_R","Defend_R","Defend_R","Bash","Injury","Burning Pact","Blood for Blood+1","Cleave","True Grit+1","Clothesline","Perfected Strike","Whirlwind"],"relics":["Burning Blood","Bag of Preparation","Mercury Hourglass","Pen Nib","Ancient Tea Set","Mummified Hand","Darkstone Periapt"],"potions_floor_usage":[16],"damage_taken":[{"damage":15,"enemies":"Small Slimes","floor":1,"turns":4},{"damage":22,"enemies":"3 Sentries","floor":6,"turns":5},{"damage":40,"enemies":"Lagavulin","floor":8,"turns":6},{"damage":2,"enemies":"Jaw Worm","floor":10,"turns":3},{"damage":2,"enemies":"2 Louse","floor":11,"turns":2},{"damage":13,"enemies":"3 Sentries","floor":12,"turns":4},{"damage":0,"enemies":"2 Fungi Beasts","floor":14,"turns":2},{"damage":48,"enemies":"The Guardian","floor":16,"turns":11}],"seed_played":"-8940942414784729190","potions_obtained":[{"floor":11,"key":"Block Potion"}],"is_trial":false,"path_per_floor":["M","?","?","$","?","E","?","E","T","M","M","E","R","M","R"],"character_chosen":"IRONCLAD","items_purchased":["Mercury Hourglass","Burning Pact","Blood for Blood","Cleave"],"campfire_rested":1,"item_purchase_floors":[4,4,4,4],"current_hp_per_floor":[71,71,71,71,71,55,48,14,14,18,22,15,39,45,45,0],"gold":158,"neow_bonus":"TWO_FIFTY_GOLD","is_prod":false,"is_daily":false,"chose_seed":false,"campfire_upgraded":1,"win_rate":0,"timestamp":1532501219,"path_taken":["M","?","?","$","?","E","?","E","T","M","M","E","R","?","R","BOSS"],"build_version":"2018-07-19v2","purchased_purges":1,"victory":false,"max_hp_per_floor":[80,80,80,80,80,80,80,80,80,80,80,80,80,80,80,80],"card_choices":[{"not_picked":["Bloodletting","Clash","Fire Breathing"],"picked":"SKIP","floor":1},{"not_picked":["Armaments","Anger"],"picked":"True Grit","floor":6},{"not_picked":["Heavy Blade","Second Wind"],"picked":"Clothesline","floor":8},{"not_picked":["Heavy Blade","Entrench"],"picked":"Perfected Strike","floor":10},{"not_picked":["Rupture","Warcry","Clash"],"picked":"SKIP","floor":11},{"not_picked":["Sever Soul","Juggernaut"],"picked":"Whirlwind","floor":12},{"not_picked":["Thunderclap","Searing Blow","Flex"],"picked":"SKIP","floor":14}],"player_experience":185178,"relics_obtained":[{"floor":6,"key":"Pen Nib"},{"floor":8,"key":"Ancient Tea Set"},{"floor":9,"key":"Mummified Hand"},{"floor":12,"key":"Darkstone Periapt"}],"event_choices":[{"event_name":"Liars Game","player_choice":"agreed","floor":2,"damage_taken":0},{"event_name":"Big Fish","player_choice":"Box","floor":3,"damage_taken":0},{"event_name":"Accursed Blacksmith","player_choice":"Forge","floor":5,"damage_taken":0},{"event_name":"Golden Wing","player_choice":"Card Removal","floor":7,"damage_taken":0}],"is_beta":false,"boss_relics":[],"items_purged_floors":[4],"is_endless":false,"potions_floor_spawned":[11],"killed_by":"The Guardian","ascension_level":4}