{"gold_per_floor":[114,114,131,56,70,99,99,111,111,126,146,146,178,192,192,266,266,241,260,260,260,280,280,311,326,326,326,20,46,46,56,56,56],"floor_reached":33,"playtime":1876,"items_purged":["Pain"],"score":632,"play_id":"c8a29d70-2f20-4cdb-b98f-369562717290","local_time":"20190322005529","is_ascension_mode":true,"campfire_choices":[{"data":"Bash","floor":7.0,"key":"SMITH"},{"data":"Clothesline","floor":12.0,"key":"SMITH"},{"data":"Whirlwind","floor":15.0,"key":"SMITH"},{"floor":23.0,"key":"REST"},{"floor":27,"key":"REST"},{"data":"Limit Break","floor":32,"key":"SMITH"}],"neow_cost":"CURSE","seed_source_timestamp":672077618647500,"circlet_count":0,"master_deck":["AscendersBane","Strike_R","Strike_R","Strike_R","Strike_R","Strike_R","Defend_R","Defend_R","Defend_R","Defend_R","Bash+1","Bludgeon+1","Ghostly Armor","Whirlwind+1","Iron Wave","Feed","Disarm","Clothesline+1","Cleave","Spot Weakness","Limit Break+1","Cleave","Immolate","RitualDagger","Ghostly Armor","True Grit","Uppercut","Impervious+1","Shrug It Off+1"],"special_seed":0,"relics":["Black Blood","Boot","PreservedInsect","Self Forming Clay","Ancient Tea Set","Art of War","Toxic Egg 2","Red Skull"],"potions_floor_usage":[24,29,29],"damage_taken":[{"damage":17.0,"enemies":"Jaw Worm","floor":1.0,"turns":4.0},{"damage":1.0,"enemies":"Cultist","floor":3.0,"turns":2.0},{"damage":0.0,"enemies":"Small Slimes","floor":5.0,"turns":2.0},{"damage":20.0,"enemies":"3 Sentries","floor":6.0,"turns":8.0},{"damage":8.0,"enemies":"Blue Slaver","floor":8.0,"turns":3.0},{"damage":10.0,"enemies":"Exordium Wildlife","floor":10.0,"turns":6.0},{"damage":6.0,"enemies":"Looter","floor":11.0,"turns":4.0},{"damage":15.0,"enemies":"Lagavulin","floor":13.0,"turns":4.0},{"damage":8.0,"enemies":"Blue Slaver","floor":14.0,"turns":6.0},{"damage":18.0,"enemies":"Slime Boss","floor":16.0,"turns":7.0},{"damage":17.0,"enemies":"2 Thieves","floor":18.0,"turns":4.0},{"damage":20.0,"enemies":"Shell Parasite","floor":19.0,"turns":7.0},{"damage":39.0,"enemies":"Cultist and Chosen","floor":22.0,"turns":6.0},{"damage":34,"enemies":"Slavers","floor":24,"turns":3},{"damage":17,"enemies":"3 Cultists","floor":25,"turns":4},{"damage":0,"enemies":"Gremlin Leader","floor":29,"turns":5},{"damage":20,"enemies":"Snake Plant","floor":31,"turns":5},{"damage":45,"enemies":"Champ","floor":33,"turns":7}],"seed_played":"-3494520099930159479","potions_obtained":[{"floor":5.0,"key":"Energy Potion"},{"floor":10.0,"key":"Fire Potion"},{"floor":11.0,"key":"Poison Potion"},{"floor":16.0,"key":"AttackPotion"},{"floor":19.0,"key":"Strength Potion"},{"floor":24,"key":"Strength Potion"},{"floor":25,"key":"Explosive Potion"},{"floor":31,"key":"SpeedPotion"}],"is_trial":false,"path_per_floor":["M","?","M","$","M","E","R","M","T","M","M","R","E","M","R","B",null,"M","M","?","?","M","R","E","M","T","R","$","E","$","M","R","B"],"character_chosen":"IRONCLAD","items_purchased":["Toxic Egg 2","Uppercut"],"campfire_rested":2,"item_purchase_floors":[28,28],"current_hp_per_floor":[57,57,62,62,68,54,54,52,52,51,51,51,42,40,40,31,69,62,52,46,46,20,45,21,14,14,39,39,49,49,39,39,0],"gold":56,"neow_bonus":"THREE_RARE_CARDS","is_prod":false,"is_daily":false,"chose_seed":false,"campfire_upgraded":4,"win_rate":0,"timestamp":1553230529,"path_taken":["M","?","M","$","M","E","R","M","T","M","M","R","E","M","R","BOSS","M","?","?","?","M","R","E","M","T","R","$","E","$","M","R","BOSS"],"build_version":"2019-01-23","purchased_purges":1,"victory":false,"max_hp_per_floor":[75,75,75,75,75,75,75,75,75,78,78,78,78,78,78,81,81,81,81,81,81,84,84,84,84,84,84,84,84,84,84,84,84],"card_choices":[{"not_picked":["Double Tap","Impervious"],"picked":"Bludgeon","floor":0.0},{"not_picked":["Warcry","Pommel Strike"],"picked":"Ghostly Armor","floor":1.0},{"not_picked":["Pommel Strike","Sword Boomerang"],"picked":"Whirlwind","floor":3.0},{"not_picked":["Wild Strike","Reckless Charge"],"picked":"Iron Wave","floor":5.0},{"not_picked":["Searing Blow","Wild Strike","Heavy Blade"],"picked":"SKIP","floor":6.0},{"not_picked":["Dual Wield","Armaments"],"picked":"Feed","floor":8.0},{"not_picked":["Armaments","Wild Strike"],"picked":"Disarm","floor":10.0},{"not_picked":["Anger","Bloodletting"],"picked":"Clothesline","floor":11.0},{"not_picked":["Pommel Strike","Thunderclap"],"picked":"Cleave","floor":13.0},{"not_picked":["Wild Strike","Twin Strike"],"picked":"Spot Weakness","floor":14.0},{"not_picked":["Exhume","Double Tap"],"picked":"Limit Break","floor":16.0},{"not_picked":["Anger","Twin Strike"],"picked":"Cleave","floor":18.0},{"not_picked":["Body Slam","Thunderclap"],"picked":"Immolate","floor":19.0},{"not_picked":["Body Slam","Thunderclap","Havoc"],"picked":"SKIP","floor":22.0},{"not_picked":["Havoc","Infernal Blade"],"picked":"Ghostly Armor","floor":24},{"not_picked":["Entrench","Cleave"],"picked":"True Grit","floor":25},{"not_picked":["Pommel Strike","Rampage"],"picked":"Impervious+1","floor":29},{"not_picked":["Sword Boomerang","Sever Soul"],"picked":"Shrug It Off+1","floor":31}],"player_experience":750082,"relics_obtained":[{"floor":6.0,"key":"Boot"},{"floor":9.0,"key":"PreservedInsect"},{"floor":13.0,"key":"Self Forming Clay"},{"floor":24,"key":"Ancient Tea Set"},{"floor":26,"key":"Art of War"},{"floor":29,"key":"Red Skull"}],"event_choices":[{"damage_healed":0.0,"max_hp_gain":0.0,"max_hp_loss":0.0,"gold_gain":0.0,"event_name":"Upgrade Shrine","player_choice":"Upgraded","floor":2.0,"gold_loss":0.0,"damage_taken":0.0,"cards_upgraded":["Bludgeon"]},{"damage_healed":0.0,"max_hp_gain":0.0,"max_hp_loss":0.0,"gold_gain":0.0,"event_name":"Nest","player_choice":"Joined the Cult","floor":20.0,"gold_loss":0.0,"damage_taken":6.0,"cards_obtained":["RitualDagger"]},{"damage_healed":0.0,"max_hp_gain":0.0,"max_hp_loss":0.0,"gold_gain":0.0,"event_name":"The Mausoleum","player_choice":"Ignored","floor":21.0,"gold_loss":0.0,"damage_taken":0.0}],"is_beta":false,"boss_relics":[{"not_picked":["Pandora\u0027s Box","Busted Crown"],"picked":"Black Blood"}],"items_purged_floors":[4],"is_endless":false,"potions_floor_spawned":[5,10,11,16,19,24,25,31],"killed_by":"Champ","ascension_level":19}