{"gold_per_floor":[116,191,209,209,48,81,100,100,100,144,169,240,240,264,264,383,383,398,411,411,111,36,36,79,79,155,179,198,198,224,235,235,337,337,351,368,7,7,7,33,33,66,90,118,130,140,140,151,151,151],"floor_reached":51,"playtime":7370,"items_purged":["Normality","Strike_G","Strike_G"],"score":1270,"play_id":"42059b26-3d62-4ca8-bbf8-82afaa99e0c0","local_time":"20180805204634","is_ascension_mode":true,"campfire_choices":[{"data":"1","floor":8,"key":"LIFT"},{"data":"2","floor":13,"key":"LIFT"},{"data":"Neutralize","floor":15,"key":"SMITH"},{"data":"3","floor":23,"key":"LIFT"},{"data":"Dagger Spray","floor":25,"key":"SMITH"},{"floor":32,"key":"DIG"},{"floor":41,"key":"DIG"},{"floor":47,"key":"DIG"},{"floor":49,"key":"DIG"}],"neow_cost":"NONE","seed_source_timestamp":1148417418703903,"circlet_count":0,"master_deck":["Defend_G","Defend_G","Defend_G+1","Defend_G+1","Defend_G","Strike_G","Strike_G","Survivor","Neutralize+1","Leg Sweep","Slice","Dagger Throw","Accuracy","Well Laid Plans","Calculated Gamble","Dash+1","Dagger Spray+1","Backstab","Calculated Gamble","Dodge and Roll","Backstab","Backflip","Heel Hook","Backflip","Backflip","Footwork","Malaise","Footwork","Dodge and Roll+1","Flash of Steel","Skewer+1","Master of Strategy","Bandage Up","Flash of Steel+1","Escape Plan","Heel Hook","Infinite Blades+1","Leg Sweep+1","Acrobatics+1"],"relics":["Calling Bell","Ninja Scroll","Girya","War Paint","Bloody Idol","Question Card","Bottled Flame","Smiling Mask","Paper Crane","Empty Cage","Membership Card","Bottled Lightning","Kunai","Shovel","Omamori","Cursed Key","Incense Burner","Tough Bandages","Turnip","Shuriken","Matryoshka","The Courier","Pen Nib","Whetstone","Dead Branch","Boot"],"potions_floor_usage":[10,16,19,24,33,33,50,50,50],"damage_taken":[{"damage":12,"enemies":"Jaw Worm","floor":1,"turns":4},{"damage":0,"enemies":"2 Louse","floor":3,"turns":4},{"damage":15,"enemies":"3 Sentries","floor":6,"turns":13},{"damage":0,"enemies":"Small Slimes","floor":7,"turns":3},{"damage":10,"enemies":"Lagavulin","floor":10,"turns":7},{"damage":0,"enemies":"2 Fungi Beasts","floor":11,"turns":3},{"damage":0,"enemies":"Blue Slaver","floor":14,"turns":2},{"damage":13,"enemies":"The Guardian","floor":16,"turns":13},{"damage":0,"enemies":"Spheric Guardian","floor":18,"turns":1},{"damage":0,"enemies":"2 Thieves","floor":19,"turns":4},{"damage":0,"enemies":"Book of Stabbing","floor":24,"turns":5},{"damage":0,"enemies":"Cultist and Chosen","floor":27,"turns":6},{"damage":0,"enemies":"Centurion and Healer","floor":28,"turns":4},{"damage":3,"enemies":"Slavers","floor":30,"turns":7},{"damage":0,"enemies":"Slaver and Parasite","floor":31,"turns":8},{"damage":7,"enemies":"Collector","floor":33,"turns":17},{"damage":22,"enemies":"3 Darklings","floor":35,"turns":5},{"damage":0,"enemies":"Orb Walker","floor":36,"turns":4},{"damage":0,"floor":38,"turns":7},{"damage":0,"enemies":"Nemesis","floor":40,"turns":9},{"damage":0,"enemies":"Giant Head","floor":42,"turns":8},{"damage":14,"enemies":"2 Orb Walkers","floor":44,"turns":5},{"damage":0,"enemies":"4 Shapes","floor":45,"turns":5},{"damage":0,"enemies":"Spire Growth","floor":46,"turns":3},{"damage":0,"enemies":"Transient","floor":48,"turns":5},{"damage":0,"enemies":"Donu and Deca","floor":50,"turns":4}],"seed_played":"-7183668924768750770","potions_obtained":[{"floor":3,"key":"Ancient Potion"},{"floor":6,"key":"Block Potion"},{"floor":7,"key":"Fire Potion"},{"floor":14,"key":"AttackPotion"},{"floor":18,"key":"Poison Potion"},{"floor":30,"key":"SpeedPotion"},{"floor":31,"key":"Energy Potion"},{"floor":36,"key":"PowerPotion"},{"floor":45,"key":"SkillPotion"}],"is_trial":false,"path_per_floor":["M","?","M","?","$","E","M","R","T","E","M","T","R","M","R","B",null,"M","M","?","$","?","R","E","R","T","M","M","?","E","M","R","B",null,"M","M","$","?","?","E","R","E","T","E","M","M","R","M","R","B"],"character_chosen":"THE_SILENT","items_purchased":["Dagger Throw","Accuracy","Membership Card","Backstab","Incense Burner","Flash of Steel"],"campfire_rested":0,"item_purchase_floors":[5,5,21,21,37,37],"current_hp_per_floor":[51,40,40,40,40,25,25,25,25,15,15,15,15,15,15,2,47,47,47,47,47,47,47,47,47,47,47,47,47,49,54,54,52,60,43,48,48,48,38,47,47,56,61,53,62,62,62,62,62,62],"gold":151,"neow_bonus":"BOSS_RELIC","is_prod":false,"is_daily":false,"chose_seed":false,"campfire_upgraded":2,"win_rate":0,"timestamp":1533527194,"path_taken":["M","?","M","?","$","E","M","R","T","E","M","?","R","M","R","BOSS","M","M","?","$","?","R","E","R","T","M","M","?","E","?","R","BOSS","M","M","$","?","?","E","R","E","T","E","M","M","R","M","R","BOSS"],"build_version":"2018-08-02","purchased_purges":3,"victory":true,"max_hp_per_floor":[70,70,70,65,65,65,65,65,65,65,65,65,65,65,65,65,62,62,62,62,62,62,62,62,62,62,62,62,62,62,62,62,62,62,62,62,62,62,62,62,62,62,62,62,62,62,62,62,62,62],"card_choices":[{"not_picked":["Underhanded Strike","All Out Attack"],"picked":"Leg Sweep","floor":1},{"not_picked":["Dagger Throw","Masterful Stab"],"picked":"Slice","floor":3},{"not_picked":["Endless Agony","Prepared"],"picked":"Well Laid Plans","floor":6},{"not_picked":["Sucker Punch","Quick Slash","Heel Hook"],"picked":"Calculated Gamble","floor":7},{"not_picked":["Outmaneuver","Malaise","Skewer"],"picked":"Dash","floor":10},{"not_picked":["Dodge and Roll","Dagger Throw","Deflect"],"picked":"Dagger Spray","floor":11},{"not_picked":["PiercingWail","Poisoned Stab","Outmaneuver"],"picked":"Backstab","floor":14},{"not_picked":["Flying Knee","Terror+1","Reflex"],"picked":"Calculated Gamble","floor":18},{"not_picked":["Catalyst","Slice","Blade Dance"],"picked":"Dodge and Roll","floor":19},{"not_picked":["Distraction+1","Eviscerate","Dagger Throw+1"],"picked":"Backflip","floor":24},{"not_picked":["Quick Slash","Eviscerate+1","Riddle With Holes"],"picked":"Heel Hook","floor":27},{"not_picked":["Dash","Quick Slash","Underhanded Strike"],"picked":"Backflip","floor":28},{"not_picked":["Noxious Fumes","Prepared","All Out Attack"],"picked":"Backflip","floor":30},{"not_picked":["Backflip+1","Concentrate","Acrobatics"],"picked":"Footwork","floor":31},{"not_picked":["Envenom","Burst","Venomology"],"picked":"Malaise","floor":33},{"not_picked":["Bouncing Flask+1","Terror+1","Flying Knee"],"picked":"Footwork","floor":35},{"not_picked":["PiercingWail","Dagger Spray+1","Terror+1"],"picked":"Dodge and Roll+1","floor":36},{"not_picked":["Well Laid Plans+1","Bane","All Out Attack"],"picked":"Skewer+1","floor":38},{"not_picked":["Secret Weapon","Trip","Bandage Up"],"picked":"Master of Strategy","floor":39},{"not_picked":["Jack Of All Trades","Mind Blast","Deep Breath"],"picked":"Bandage Up","floor":39},{"not_picked":["Magnetism","Panache","Blind"],"picked":"Flash of Steel","floor":39},{"not_picked":["Quick Slash+1","Grand Finale","Riddle With Holes+1"],"picked":"Escape Plan","floor":40},{"not_picked":["Masterful Stab","Quick Slash","Caltrops"],"picked":"Heel Hook","floor":42},{"not_picked":["Choke","Bane+1","Backflip"],"picked":"Infinite Blades+1","floor":44},{"not_picked":["Finisher","Underhanded Strike+1","Dagger Throw+1"],"picked":"Leg Sweep+1","floor":45},{"not_picked":["All Out Attack","Quick Slash+1","Noxious Fumes+1","Setup+1"],"picked":"SKIP","floor":46},{"not_picked":["Deflect+1","Sucker Punch","Quick Slash+1"],"picked":"Acrobatics+1","floor":48}],"player_experience":305426,"relics_obtained":[{"floor":0,"key":"Ninja Scroll"},{"floor":0,"key":"Girya"},{"floor":0,"key":"War Paint"},{"floor":6,"key":"Question Card"},{"floor":9,"key":"Bottled Flame"},{"floor":10,"key":"Smiling Mask"},{"floor":12,"key":"Paper Crane"},{"floor":24,"key":"Bottled Lightning"},{"floor":26,"key":"Kunai"},{"floor":30,"key":"Shovel"},{"floor":32,"key":"Omamori"},{"floor":38,"key":"Tough Bandages"},{"floor":40,"key":"Turnip"},{"floor":41,"key":"Shuriken"},{"floor":42,"key":"Matryoshka"},{"floor":43,"key":"The Courier"},{"floor":43,"key":"Pen Nib"},{"floor":44,"key":"Whetstone"},{"floor":47,"key":"Dead Branch"},{"floor":49,"key":"Boot"}],"event_choices":[{"event_name":"World of Goop","player_choice":"Gather Gold","floor":2,"damage_taken":0},{"event_name":"Golden Idol","player_choice":"Lose Max HP","floor":4,"damage_taken":0},{"event_name":"Ghosts","player_choice":"Ignored","floor":20,"damage_taken":0},{"event_name":"Beggar","player_choice":"Gave Gold","floor":22,"damage_taken":0},{"event_name":"Forgotten Altar","player_choice":"Gave Idol","floor":29,"damage_taken":0},{"event_name":"MindBloom","player_choice":"Fight","floor":38,"damage_taken":0},{"event_name":"SensoryStone","player_choice":"Memory 3","floor":39,"damage_taken":0}],"is_beta":false,"boss_relics":[{"not_picked":["Velvet Choker","Eternal Feather"],"picked":"Empty Cage"},{"not_picked":["WristBlade","Sozu"],"picked":"Cursed Key"}],"items_purged_floors":[5,21,37],"is_endless":false,"potions_floor_spawned":[3,6,7,14,18,30,31,36,45,48],"ascension_level":7}