{"gold_per_floor":[114,133,153,153,153,153,178,178,232,261,261,436,10,45,45,149,149,159,38,38,52,52,81,81,114,140,156,190,209,225,225,225,326,326,345,345,357,357,61,94,94,129,141,166,196,208,235,282,294,306],"floor_reached":51,"playtime":4344,"items_purged":["Doubt","Strike_R","Strike_R+1"],"score":1262,"play_id":"41aa4585-7b87-4004-9ec0-6622179bdd59","local_time":"20180805010740","is_ascension_mode":true,"campfire_choices":[{"data":"Bash","floor":6,"key":"SMITH"},{"data":"Clothesline","floor":8,"key":"SMITH"},{"floor":11,"key":"REST"},{"data":"Carnage","floor":15,"key":"SMITH"},{"data":"Barricade","floor":24,"key":"SMITH"},{"floor":32,"key":"REST"},{"floor":41,"key":"DIG"},{"floor":46,"key":"DIG"},{"floor":49,"key":"DIG"}],"neow_cost":"TEN_PERCENT_HP_LOSS","seed_source_timestamp":1080729730200964,"circlet_count":0,"master_deck":["Strike_R+1","Strike_R+1","Strike_R+1","Defend_R+1","Defend_R+1","Defend_R+1","Defend_R+1","Bash+1","Offering","Clothesline+1","Carnage+1","Pommel Strike","Iron Wave","Metallicize","Metallicize","True Grit+1","Barricade+1","Feel No Pain","Shrug It Off+1","Shrug It Off+1","Burning Pact+1","True Grit+1","Shrug It Off+1","Entrench+1","Shrug It Off+1","Entrench+1","Immolate","Clothesline+1","Feel No Pain","Power Through+1","True Grit+1","Ghostly Armor+1","Shrug It Off+1","True Grit+1","Body Slam+1"],"relics":["Burning Blood","Red Skull","Centennial Puzzle","Boot","The Courier","Toxic Egg 2","Ancient Tea Set","Runic Dome","Darkstone Periapt","Art of War","Happy Flower","Bag of Preparation","Shovel","Snecko Eye","Dream Catcher","Oddly Smooth Stone","Potion Belt","MawBank","Question Card","Pen Nib","Ice Cream","Mango"],"potions_floor_usage":[16,16,23,23,25],"damage_taken":[{"damage":6,"enemies":"Cultist","floor":1,"turns":3},{"damage":6,"enemies":"Small Slimes","floor":2,"turns":3},{"damage":5,"enemies":"Jaw Worm","floor":3,"turns":2},{"damage":10,"enemies":"Gremlin Nob","floor":7,"turns":3},{"damage":15,"enemies":"Lagavulin","floor":10,"turns":3},{"damage":9,"enemies":"3 Sentries","floor":14,"turns":7},{"damage":11,"enemies":"Hexaghost","floor":16,"turns":5},{"damage":5,"enemies":"Spheric Guardian","floor":18,"turns":3},{"damage":15,"enemies":"2 Thieves","floor":21,"turns":5},{"damage":17,"enemies":"Slavers","floor":23,"turns":9},{"damage":6,"enemies":"Book of Stabbing","floor":25,"turns":8},{"damage":10,"enemies":"Centurion and Healer","floor":27,"turns":6},{"damage":28,"enemies":"Slavers","floor":28,"turns":7},{"damage":9,"enemies":"Snake Plant","floor":29,"turns":5},{"damage":13,"enemies":"Slaver and Parasite","floor":30,"turns":10},{"damage":5,"enemies":"Champ","floor":33,"turns":18},{"damage":16,"enemies":"Flame Bruiser 1 Orb","floor":35,"turns":4},{"damage":5,"enemies":"3 Darklings","floor":37,"turns":5},{"damage":9,"enemies":"Nemesis","floor":40,"turns":10},{"damage":0,"enemies":"Giant Head","floor":42,"turns":15},{"damage":0,"enemies":"4 Shapes","floor":44,"turns":4},{"damage":5,"enemies":"Sphere and 2 Shapes","floor":45,"turns":6},{"damage":5,"enemies":"Maw","floor":47,"turns":13},{"damage":1,"enemies":"2 Orb Walkers","floor":48,"turns":6},{"damage":23,"enemies":"Awakened One","floor":50,"turns":8}],"seed_played":"8798676044895503072","potions_obtained":[{"floor":2,"key":"Strength Potion"},{"floor":7,"key":"SteroidPotion"},{"floor":14,"key":"PowerPotion"},{"floor":16,"key":"EssenceOfSteel"},{"floor":18,"key":"Fire Potion"},{"floor":23,"key":"Fire Potion"},{"floor":30,"key":"GamblersBrew"},{"floor":33,"key":"Regen Potion"},{"floor":42,"key":"Ancient Potion"},{"floor":44,"key":"FearPotion"}],"is_trial":false,"path_per_floor":["M","M","M","?","?","R","E","R","T","E","R","?","$","E","R","B",null,"M","$","?","M","?","E","R","E","T","M","E","M","M","?","R","B",null,"M","?","M","?","$","E","R","E","T","M","M","R","M","E","R","B"],"character_chosen":"IRONCLAD","items_purchased":["Toxic Egg 2","Metallicize","Metallicize","Fire Potion","Shrug It Off+1","Power Through+1","True Grit+1","Dream Catcher"],"campfire_rested":2,"item_purchase_floors":[13,13,13,13,19,39,39,39],"current_hp_per_floor":[72,72,72,54,40,40,36,36,36,27,48,48,48,45,45,40,64,65,65,65,56,56,45,45,45,45,41,19,16,9,9,30,31,62,52,52,53,53,53,50,50,56,56,62,63,63,64,69,83,66],"gold":318,"neow_bonus":"THREE_RARE_CARDS","is_prod":false,"is_daily":false,"chose_seed":false,"campfire_upgraded":4,"win_rate":0,"timestamp":1533456460,"path_taken":["M","M","M","?","?","R","E","R","T","E","R","?","$","E","R","BOSS","M","$","?","M","?","E","R","E","T","?","E","M","?","?","R","BOSS","M","?","M","?","$","E","R","E","T","M","M","R","M","E","R","BOSS"],"build_version":"2018-08-02","purchased_purges":3,"victory":true,"max_hp_per_floor":[72,72,72,72,72,72,72,72,72,72,72,72,72,72,72,72,72,72,72,72,72,72,72,72,72,72,72,72,72,72,72,72,72,72,72,72,72,72,72,72,72,72,72,72,72,72,72,72,86,86],"card_choices":[{"not_picked":["Dark Embrace","Berserk"],"picked":"Offering","floor":0},{"not_picked":["Cleave","Flex"],"picked":"Clothesline","floor":1},{"not_picked":["Thunderclap","Hemokinesis"],"picked":"Carnage","floor":2},{"not_picked":["True Grit","Bloodletting"],"picked":"Iron Wave","floor":3},{"not_picked":["Warcry","Bloodletting"],"picked":"Pommel Strike","floor":7},{"not_picked":["Juggernaut","Hemokinesis"],"picked":"Iron Wave","floor":10},{"not_picked":["Iron Wave","Seeing Red+1"],"picked":"True Grit+1","floor":14},{"not_picked":["Immolate","Brutality"],"picked":"Barricade","floor":16},{"not_picked":["Pummel","Searing Blow"],"picked":"Feel No Pain","floor":18},{"not_picked":["Body Slam","Pommel Strike"],"picked":"Shrug It Off+1","floor":21},{"not_picked":["Exhume+1","Heavy Blade"],"picked":"Burning Pact+1","floor":23},{"not_picked":["Clash","Infernal Blade+1"],"picked":"True Grit+1","floor":25},{"not_picked":["Rage+1","Headbutt+1"],"picked":"Shrug It Off+1","floor":27},{"not_picked":["Flex+1","Barricade"],"picked":"Entrench+1","floor":28},{"not_picked":["Rampage","Armaments+1"],"picked":"Shrug It Off+1","floor":29},{"not_picked":["Pommel Strike","Corruption"],"picked":"Entrench+1","floor":30},{"not_picked":["Barricade","Reaper"],"picked":"Immolate","floor":33},{"not_picked":["Anger","Clash+1"],"picked":"Clothesline+1","floor":35},{"not_picked":["Sword Boomerang","Iron Wave"],"picked":"Feel No Pain","floor":37},{"not_picked":["Rage+1","Infernal Blade+1"],"picked":"Ghostly Armor+1","floor":40},{"not_picked":["Armaments+1","Dropkick+1"],"picked":"Shrug It Off+1","floor":42},{"not_picked":["Iron Wave+1","Reaper","Flex+1"],"picked":"True Grit+1","floor":44},{"not_picked":["Twin Strike+1","Shrug It Off+1","Bloodletting+1","Sever Soul"],"picked":"SKIP","floor":45},{"not_picked":["Sword Boomerang","Armaments+1","Flame Barrier+1"],"picked":"Body Slam+1","floor":47},{"not_picked":["Warcry+1","Thunderclap","Shrug It Off+1","Havoc+1"],"picked":"SKIP","floor":48}],"player_experience":301082,"relics_obtained":[{"floor":7,"key":"Centennial Puzzle"},{"floor":9,"key":"Boot"},{"floor":10,"key":"The Courier"},{"floor":14,"key":"Ancient Tea Set"},{"floor":23,"key":"Art of War"},{"floor":25,"key":"Happy Flower"},{"floor":26,"key":"Bag of Preparation"},{"floor":28,"key":"Shovel"},{"floor":40,"key":"Oddly Smooth Stone"},{"floor":41,"key":"Potion Belt"},{"floor":42,"key":"MawBank"},{"floor":43,"key":"Question Card"},{"floor":46,"key":"Pen Nib"},{"floor":48,"key":"Ice Cream"},{"floor":49,"key":"Mango"}],"event_choices":[{"event_name":"Scrap Ooze","player_choice":"success","floor":4,"damage_taken":18},{"event_name":"Shining Light","player_choice":"Entered Light","floor":5,"damage_taken":0},{"event_name":"Liars Game","player_choice":"agreed","floor":12,"damage_taken":0},{"event_name":"The Mausoleum","player_choice":"Yes","floor":20,"damage_taken":0},{"event_name":"Back to Basics","player_choice":"Simplicity","floor":22,"damage_taken":0},{"event_name":"Accursed Blacksmith","player_choice":"Forge","floor":31,"damage_taken":0},{"event_name":"Falling","player_choice":"Removed Attack","floor":36,"damage_taken":0},{"event_name":"Match and Keep!","player_choice":"0 cards matched","floor":38,"damage_taken":0}],"is_beta":false,"boss_relics":[{"not_picked":["Busted Crown","Orrery"],"picked":"Runic Dome"},{"not_picked":["Fusion Hammer","Philosopher\u0027s Stone"],"picked":"Snecko Eye"}],"items_purged_floors":[13,19,39],"is_endless":false,"potions_floor_spawned":[2,7,14,16,18,23,30,33,42,44,45],"ascension_level":7}