{"gold_per_floor":[111,124,143,68,168,184,184,203,226,261,273,18,31,56,56,151,151,170,14,14,24,36,36,47,47,47,47,47,47,67,79,79,177,177,191,209,84,84,100,134,134,169,169,169],"floor_reached":44,"playtime":4236,"items_purged":["Strike_G","Strike_G","Strike_G+1"],"score":808,"play_id":"238e6048-1bf6-466d-bf62-fddb51f0a0fb","local_time":"20180807211548","is_ascension_mode":true,"campfire_choices":[{"data":"Neutralize","floor":7.0,"key":"SMITH"},{"data":"Noxious Fumes","floor":15.0,"key":"SMITH"},{"data":"Dash","floor":23.0,"key":"SMITH"},{"data":"Footwork","floor":25.0,"key":"SMITH"},{"data":"Glass Knife","floor":32.0,"key":"SMITH"},{"data":"Concentrate","floor":41,"key":"SMITH"}],"neow_cost":"NONE","seed_source_timestamp":0,"circlet_count":0,"master_deck":["Defend_G","Defend_G","Defend_G","Defend_G+1","Defend_G","Survivor","Neutralize+1","Concentrate+1","Bane+1","Poisoned Stab","Outmaneuver+1","Cloak And Dagger","Dash+1","Caltrops","Glass Knife+1","Footwork+1","Noxious Fumes+1","Distraction+1","Corpse Explosion"],"special_seed":0,"relics":["Runic Pyramid","Ancient Tea Set","War Paint","Whetstone","Coffee Dripper","Blood Vial","Gambling Chip","CultistMask","Dead Branch","Empty Cage","Bird Faced Urn","Omamori","Strawberry","Shovel"],"potions_floor_usage":[40,40,40],"damage_taken":[{"damage":0.0,"enemies":"Jaw Worm","floor":1.0,"turns":4.0},{"damage":0.0,"enemies":"Cultist","floor":2.0,"turns":6.0},{"damage":6.0,"enemies":"Small Slimes","floor":3.0,"turns":4.0},{"damage":1.0,"enemies":"Looter","floor":6.0,"turns":4.0},{"damage":0.0,"enemies":"Blue Slaver","floor":8.0,"turns":4.0},{"damage":9.0,"enemies":"3 Sentries","floor":10.0,"turns":13.0},{"damage":9.0,"enemies":"Lots of Slimes","floor":11.0,"turns":5.0},{"damage":0.0,"enemies":"Exordium Wildlife","floor":13.0,"turns":3.0},{"damage":0.0,"enemies":"Lagavulin","floor":14.0,"turns":6.0},{"damage":30.0,"enemies":"The Guardian","floor":16.0,"turns":11.0},{"damage":5.0,"enemies":"Spheric Guardian","floor":18.0,"turns":5.0},{"damage":5.0,"enemies":"2 Thieves","floor":21.0,"turns":4.0},{"damage":31.0,"enemies":"3 Cultists","floor":22.0,"turns":8.0},{"damage":13.0,"enemies":"Snake Plant","floor":24.0,"turns":4.0},{"damage":5.0,"enemies":"Slaver and Parasite","floor":30.0,"turns":6.0},{"damage":0.0,"enemies":"3 Cultists","floor":31.0,"turns":6.0},{"damage":0.0,"enemies":"Champ","floor":33.0,"turns":12.0},{"damage":8,"enemies":"3 Shapes","floor":35,"turns":4},{"damage":0,"enemies":"Orb Walker","floor":36,"turns":4},{"damage":12,"floor":38,"turns":6},{"damage":14,"enemies":"Sphere and 2 Shapes","floor":39,"turns":4},{"damage":9,"enemies":"Giant Head","floor":40,"turns":9},{"damage":52,"enemies":"2 Orb Walkers","floor":42,"turns":5},{"damage":35,"enemies":"Flame Bruiser 2 Orb","floor":44,"turns":3}],"seed_played":"-5936208638032075140","potions_obtained":[{"floor":1.0,"key":"Block Potion"},{"floor":2.0,"key":"Poison Potion"},{"floor":13.0,"key":"Fruit Juice"},{"floor":14.0,"key":"SteroidPotion"},{"floor":18.0,"key":"Strength Potion"},{"floor":31.0,"key":"FearPotion"},{"floor":35,"key":"SkillPotion"},{"floor":36,"key":"PowerPotion"},{"floor":39,"key":"Strength Potion"}],"is_trial":false,"path_per_floor":["M","M","M","$","?","M","R","M","T","E","M","$","M","E","R","B",null,"M","$","?","M","M","R","M","R","T","?","?","T","M","M","R","B",null,"M","M","$","?","M","E","R","E","T"],"character_chosen":"THE_SILENT","items_purchased":["Glass Knife","Blood Vial"],"campfire_rested":0,"item_purchase_floors":[12,19],"current_hp_per_floor":[63,63,57,57,57,56,56,56,56,47,38,38,38,43,43,13,60,55,55,55,52,23,23,12,12,12,12,12,12,9,11,11,13,60,54,56,56,46,44,45,45,8,8,0],"gold":169,"neow_bonus":"BOSS_RELIC","is_prod":false,"is_daily":false,"chose_seed":false,"campfire_upgraded":6,"win_rate":0,"timestamp":1533701748,"path_taken":["M","M","M","$","?","M","R","M","T","E","M","$","M","E","R","BOSS","M","$","?","M","M","R","M","R","T","?","?","?","M","M","R","BOSS","M","?","$","?","M","E","R","E","T","M"],"build_version":"2018-08-02","purchased_purges":3,"victory":false,"max_hp_per_floor":[70,70,70,70,70,70,70,70,70,70,70,70,70,75,75,75,75,75,75,75,75,75,75,75,75,75,75,75,75,75,75,75,75,75,75,75,75,75,75,75,75,82,82,82],"card_choices":[{"not_picked":["Finisher","Poisoned Stab"],"picked":"Concentrate","floor":1.0},{"not_picked":["Deadly Poison","Escape Plan"],"picked":"Bane","floor":2.0},{"not_picked":["Prepared","Slice"],"picked":"Poisoned Stab","floor":3.0},{"not_picked":["Endless Agony","Well Laid Plans"],"picked":"Outmaneuver","floor":6.0},{"not_picked":["Reflex","Poisoned Stab"],"picked":"Cloak And Dagger","floor":8.0},{"not_picked":["Outmaneuver","Acrobatics"],"picked":"Dash","floor":10.0},{"not_picked":["Riddle With Holes","Footwork"],"picked":"Caltrops","floor":11.0},{"not_picked":["Masterful Stab","Quick Slash"],"picked":"Footwork","floor":13.0},{"not_picked":["Finisher","Flechettes"],"picked":"Noxious Fumes","floor":14.0},{"not_picked":["Quick Slash","Heel Hook","Bouncing Flask"],"picked":"SKIP","floor":18.0},{"not_picked":["Dagger Throw","Underhanded Strike+1","Slice+1"],"picked":"SKIP","floor":21.0},{"not_picked":["Infinite Blades","Acrobatics","Choke+1"],"picked":"SKIP","floor":22.0},{"not_picked":["Bane+1","Deadly Poison+1","Dagger Throw"],"picked":"SKIP","floor":24.0},{"not_picked":["Tactician+1","Underhanded Strike","Bane"],"picked":"SKIP","floor":30.0},{"not_picked":["Setup","Bane+1"],"picked":"Distraction+1","floor":31.0},{"not_picked":["Burst","Storm of Steel"],"picked":"Corpse Explosion","floor":33.0},{"not_picked":["Infinite Blades+1","Bane+1","All Out Attack+1"],"picked":"SKIP","floor":35},{"not_picked":["Underhanded Strike+1","Backstab","Prepared"],"picked":"SKIP","floor":36},{"not_picked":["Reflex+1","Predator+1","Slice+1"],"picked":"SKIP","floor":39},{"not_picked":["Outmaneuver+1","Choke+1","Underhanded Strike+1"],"picked":"SKIP","floor":40},{"not_picked":["Slice","Finisher+1","Predator+1"],"picked":"SKIP","floor":42}],"player_experience":346800,"relics_obtained":[{"floor":9.0,"key":"Ancient Tea Set"},{"floor":10.0,"key":"War Paint"},{"floor":14.0,"key":"Whetstone"},{"floor":26.0,"key":"Gambling Chip"},{"floor":29.0,"key":"Dead Branch"},{"floor":38,"key":"Bird Faced Urn"},{"floor":40,"key":"Omamori"},{"floor":42,"key":"Strawberry"},{"floor":43,"key":"Shovel"}],"event_choices":[{"event_name":"Golden Shrine","player_choice":"Pray","floor":5.0,"damage_taken":0.0},{"event_name":"Drug Dealer","player_choice":"Ignored","floor":20.0,"damage_taken":0.0},{"event_name":"FaceTrader","player_choice":"Trade","floor":27.0,"damage_taken":0.0},{"event_name":"Addict","player_choice":"Ignored","floor":28.0,"damage_taken":0.0},{"event_name":"MindBloom","player_choice":"Fight","floor":38,"damage_taken":0}],"is_beta":false,"boss_relics":[{"not_picked":["HoveringKite","Orrery"],"picked":"Coffee Dripper"},{"not_picked":["Velvet Choker","Astrolabe"],"picked":"Empty Cage"}],"items_purged_floors":[4,12,37],"is_endless":false,"potions_floor_spawned":[1,2,13,14,18,31,35,36,39],"killed_by":"Flame Bruiser 2 Orb","ascension_level":9}