{"gold_per_floor":[116,136,136,153,171,171,201,201,201,201,201,228,244,278,278,376,376,392,412,412,412,57,57,74,22,22,22,48,60,73,106,106,201,201,214,12,22,33,43,43,54,54],"floor_reached":42,"playtime":31298,"items_purged":["Bite"],"score":745,"play_id":"b2fb3244-006b-41fb-852c-dc70ca839994","local_time":"20190322105756","is_ascension_mode":true,"campfire_choices":[{"data":"Zap","floor":6.0,"key":"SMITH"},{"floor":11.0,"key":"REST"},{"floor":15.0,"key":"REST"},{"data":"Static Discharge","floor":23.0,"key":"SMITH"},{"floor":27.0,"key":"REST"},{"data":"Loop","floor":32.0,"key":"SMITH"},{"floor":40.0,"key":"RECALL"}],"neow_cost":"NONE","seed_source_timestamp":0,"circlet_count":0,"master_deck":["AscendersBane","Defend_B+1","Defend_B+1","Defend_B+1","Defend_B+1","Zap+1","Dualcast+1","Go for the Eyes","Sweeping Beam","Rebound","Glacier","Streamline","Genetic Algorithm+1","Static Discharge+1","White Noise+1","Electrodynamics","Steam+1","Turbo+1","Bite","Bite","Bite","Bite","Conserve Battery+1","Hologram+1","Loop+1","Core Surge","Steam+1","All For One","Consume+1","Creative AI","Turbo+1","Stack+1","Stack+1"],"special_seed":0,"relics":["Cracked Core","Smiling Mask","Gremlin Horn","Toxic Egg 2","Odd Mushroom","Ice Cream","Runic Pyramid","Happy Flower","Anchor","Sundial","Emotion Chip","Bag of Marbles","Fusion Hammer"],"potions_floor_usage":[42],"damage_taken":[{"damage":10.0,"enemies":"2 Louse","floor":1.0,"turns":2.0},{"damage":0.0,"enemies":"Jaw Worm","floor":2.0,"turns":3.0},{"damage":8.0,"enemies":"Small Slimes","floor":4.0,"turns":3.0},{"damage":13.0,"enemies":"3 Louse","floor":5.0,"turns":3.0},{"damage":3.0,"enemies":"Lagavulin","floor":7.0,"turns":7.0},{"damage":1.0,"enemies":"The Mushroom Lair","floor":12.0,"turns":3.0},{"damage":1.0,"enemies":"Exordium Wildlife","floor":13.0,"turns":5.0},{"damage":13.0,"enemies":"Gremlin Nob","floor":14.0,"turns":5.0},{"damage":26.0,"enemies":"Hexaghost","floor":16.0,"turns":8.0},{"damage":16.0,"enemies":"Spheric Guardian","floor":18.0,"turns":4.0},{"damage":23.0,"enemies":"2 Thieves","floor":19.0,"turns":4.0},{"damage":8.0,"enemies":"Snake Plant","floor":24.0,"turns":5.0},{"damage":10.0,"enemies":"Book of Stabbing","floor":28.0,"turns":6.0},{"damage":0.0,"enemies":"Cultist and Chosen","floor":29.0,"turns":8.0},{"damage":1.0,"enemies":"Sentry and Sphere","floor":30.0,"turns":6.0},{"damage":1.0,"enemies":"Gremlin Leader","floor":31.0,"turns":6.0},{"damage":2.0,"enemies":"Collector","floor":33.0,"turns":13.0},{"damage":0.0,"enemies":"3 Shapes","floor":35.0,"turns":3.0},{"damage":2.0,"enemies":"Orb Walker","floor":37.0,"turns":4.0},{"damage":7.0,"enemies":"Jaw Worm Horde","floor":38.0,"turns":4.0},{"damage":8.0,"enemies":"Transient","floor":39.0,"turns":5.0},{"damage":27.0,"enemies":"Writhing Mass","floor":41.0,"turns":5.0},{"damage":36,"enemies":"Nemesis","floor":42,"turns":2}],"seed_played":"3156124386945076435","potions_obtained":[{"floor":1.0,"key":"SpeedPotion"},{"floor":4.0,"key":"EntropicBrew"},{"floor":19.0,"key":"SteroidPotion"},{"floor":28.0,"key":"Swift Potion"},{"floor":35.0,"key":"EssenceOfSteel"}],"is_trial":false,"path_per_floor":["M","M","?","M","M","R","E","?","T","?","R","?","M","E","R","B",null,"M","M","?","?","$","R","M","?","T","R","E","M","M","E","R","B",null,"M","$","M","M","M","R","M","E"],"character_chosen":"DEFECT","items_purchased":["Conserve Battery+1","Hologram+1","Weak Potion","Happy Flower","Loop","Creative AI"],"campfire_rested":3,"item_purchase_floors":[22,22,22,22,22,36],"current_hp_per_floor":[58,58,51,43,30,30,27,27,27,9,31,30,29,16,38,12,59,43,20,20,20,20,20,26,26,26,41,43,52,51,52,52,52,52,52,52,52,51,47,47,24,0],"gold":54,"neow_bonus":"RANDOM_COMMON_RELIC","is_prod":false,"is_daily":false,"chose_seed":false,"campfire_upgraded":3,"win_rate":0,"timestamp":1553266676,"path_taken":["M","M","?","M","M","R","E","?","T","?","R","?","?","E","R","BOSS","M","M","?","?","$","R","M","?","T","R","E","M","?","E","R","BOSS","M","$","M","M","M","R","M","E"],"build_version":"2019-01-23","purchased_purges":1,"victory":false,"max_hp_per_floor":[75,75,75,75,75,75,75,75,75,75,75,75,75,75,75,75,75,75,75,52,52,52,52,52,52,52,52,52,52,52,52,52,52,52,52,52,52,52,52,52,52,52],"card_choices":[{"not_picked":["Barrage","Beam Cell"],"picked":"Go for the Eyes","floor":1.0},{"not_picked":["Hologram","Stack"],"picked":"Sweeping Beam","floor":2.0},{"not_picked":["Conserve Battery","Redo"],"picked":"Rebound","floor":4.0},{"not_picked":["Gash","Turbo"],"picked":"Glacier","floor":5.0},{"not_picked":["Hologram","Thunder Strike"],"picked":"Streamline","floor":7.0},{"not_picked":["Go for the Eyes","Glacier+1"],"picked":"Genetic Algorithm+1","floor":12.0},{"not_picked":["Steam+1","Darkness+1"],"picked":"Static Discharge","floor":13.0},{"not_picked":["Beam Cell","Heatsinks"],"picked":"White Noise+1","floor":14.0},{"not_picked":["Rainbow+1","Hyperbeam"],"picked":"Electrodynamics","floor":16.0},{"not_picked":["Hello World","Redo+1"],"picked":"Steam+1","floor":18.0},{"not_picked":["Conserve Battery+1","Rip and Tear"],"picked":"Turbo+1","floor":19.0},{"not_picked":["Static Discharge","Ball Lightning","Sweeping Beam+1"],"picked":"SKIP","floor":24.0},{"not_picked":["Melter","Barrage","Streamline"],"picked":"SKIP","floor":28.0},{"not_picked":["Barrage+1","Sunder"],"picked":"Core Surge","floor":29.0},{"not_picked":["Gash","Beam Cell"],"picked":"Steam+1","floor":30.0},{"not_picked":["Cold Snap","Force Field+1","Steam+1"],"picked":"SKIP","floor":31.0},{"not_picked":["Amplify+1","Fission+1"],"picked":"All For One","floor":33.0},{"not_picked":["Beam Cell","Chaos+1"],"picked":"Consume+1","floor":35.0},{"not_picked":["Scrape","Static Discharge","Chaos+1"],"picked":"SKIP","floor":37.0},{"not_picked":["Leap+1","Melter"],"picked":"Turbo+1","floor":38.0},{"not_picked":["Fusion+1","Leap+1"],"picked":"Stack+1","floor":39.0},{"not_picked":["Turbo+1","Gash+1"],"picked":"Stack+1","floor":41.0}],"player_experience":1952284,"relics_obtained":[{"floor":7.0,"key":"Gremlin Horn"},{"floor":12.0,"key":"Odd Mushroom"},{"floor":14.0,"key":"Ice Cream"},{"floor":26.0,"key":"Sundial"},{"floor":28.0,"key":"Emotion Chip"},{"floor":31.0,"key":"Bag of Marbles"}],"event_choices":[{"cards_removed":["Strike_B"],"damage_healed":0.0,"max_hp_gain":0.0,"max_hp_loss":0.0,"gold_gain":0.0,"event_name":"Golden Wing","player_choice":"Card Removal","floor":3.0,"gold_loss":0.0,"damage_taken":7.0},{"damage_healed":0.0,"max_hp_gain":0.0,"max_hp_loss":0.0,"gold_gain":0.0,"event_name":"Living Wall","player_choice":"Grow","floor":8.0,"gold_loss":0.0,"damage_taken":0.0,"cards_upgraded":["Dualcast"]},{"damage_healed":0.0,"max_hp_gain":0.0,"max_hp_loss":0.0,"gold_gain":0.0,"event_name":"Scrap Ooze","player_choice":"Success","floor":10.0,"gold_loss":0.0,"damage_taken":18.0,"relics_obtained":["Toxic Egg 2"]},{"damage_healed":0.0,"max_hp_gain":0.0,"max_hp_loss":0.0,"gold_gain":0.0,"event_name":"Mushrooms","player_choice":"Fought Mushrooms","floor":12.0,"gold_loss":0.0,"damage_taken":0.0},{"damage_healed":0.0,"max_hp_gain":0.0,"max_hp_loss":23.0,"gold_gain":0.0,"event_name":"Vampires","player_choice":"Became a vampire","floor":20.0,"gold_loss":0.0,"damage_taken":0.0,"cards_obtained":["Bite","Bite","Bite","Bite","Bite"]},{"damage_healed":0.0,"max_hp_gain":0.0,"max_hp_loss":0.0,"gold_gain":0.0,"event_name":"Back to Basics","player_choice":"Simplicity","floor":21.0,"gold_loss":0.0,"damage_taken":0.0,"cards_upgraded":["Defend_B","Defend_B","Defend_B","Defend_B"]},{"damage_healed":0.0,"max_hp_gain":0.0,"max_hp_loss":0.0,"gold_gain":0.0,"event_name":"WeMeetAgain","player_choice":"Paid Gold","floor":25.0,"gold_loss":52.0,"damage_taken":0.0,"relics_obtained":["Anchor"]}],"is_beta":false,"boss_relics":[{"not_picked":["Nuclear Battery","Astrolabe"],"picked":"Runic Pyramid"},{"not_picked":["Sozu","Snecko Eye"],"picked":"Fusion Hammer"}],"items_purged_floors":[36],"is_endless":false,"potions_floor_spawned":[1,4,5,19,28,29,31,35],"killed_by":"Nemesis","ascension_level":12}