{"gold_per_floor":[119,119,39,39,100,100,129,129,129,141,141,191,191,204,204,324,324,339,48,98,118,168,209,209],"floor_reached":24,"playtime":1437,"items_purged":[],"score":309,"play_id":"4970cda6-c8c9-42a7-8f33-17f3b7f26655","local_time":"20180804021251","is_ascension_mode":true,"campfire_choices":[{"data":"Glass Knife","floor":6,"key":"SMITH"},{"data":"Neutralize","floor":8,"key":"SMITH"},{"data":"Skewer","floor":11,"key":"SMITH"},{"data":"Leg Sweep","floor":13,"key":"SMITH"},{"data":"All Out Attack","floor":15,"key":"SMITH"}],"neow_cost":"","seed_source_timestamp":1001163010835370,"circlet_count":0,"master_deck":["Defend_G","Defend_G","Defend_G","Defend_G","Defend_G","Strike_G","Strike_G","Strike_G","Strike_G","Survivor","Neutralize+1","Skewer+1","Outmaneuver","Glass Knife+1","All Out Attack+1","Leg Sweep+1","Deflect","Dodge and Roll","Die Die Die","Noxious Fumes","Cloak And Dagger","Leg Sweep","Blur","Caltrops","Slice","Ghostly","Ghostly","Ghostly","Ghostly","Ghostly","Backflip","Dagger Throw"],"relics":["Ring of the Snake","SsserpentHead","Pantograph","Bag of Preparation","Golden Idol","Orrery","Shovel","Dream Catcher"],"potions_floor_usage":[16,16,16,23,23,23],"damage_taken":[{"damage":2,"enemies":"Small Slimes","floor":1,"turns":5},{"damage":0,"enemies":"Cultist","floor":5,"turns":3},{"damage":13,"enemies":"3 Sentries","floor":7,"turns":8},{"damage":0,"enemies":"Jaw Worm","floor":10,"turns":2},{"damage":0,"enemies":"Gremlin Gang","floor":14,"turns":4},{"damage":22,"enemies":"The Guardian","floor":16,"turns":14},{"damage":13,"enemies":"Spheric Guardian","floor":18,"turns":5},{"damage":29,"enemies":"Slavers","floor":23,"turns":7},{"damage":33,"enemies":"Chosen","floor":24,"turns":6}],"seed_played":"1037315092428847264","potions_obtained":[{"floor":5,"key":"SteroidPotion"},{"floor":10,"key":"Swift Potion"},{"floor":14,"key":"Swift Potion"},{"floor":18,"key":"Regen Potion"},{"floor":21,"key":"Regen Potion"},{"floor":21,"key":"Block Potion"},{"floor":23,"key":"LiquidBronze"}],"is_trial":false,"path_per_floor":["M","?","$","?","M","R","E","R","T","M","R","?","R","M","R","B",null,"M","$","?","?","?","E"],"character_chosen":"THE_SILENT","items_purchased":["Glass Knife","Shovel"],"campfire_rested":0,"item_purchase_floors":[3,19],"current_hp_per_floor":[61,61,61,61,61,61,48,48,48,48,48,48,48,48,48,43,60,47,47,32,32,32,23,0],"gold":209,"neow_bonus":"","is_prod":false,"is_daily":false,"chose_seed":false,"campfire_upgraded":5,"win_rate":0,"timestamp":1533373971,"path_taken":["M","?","$","?","?","R","E","R","T","M","R","?","R","M","R","BOSS","M","$","?","?","?","E","M"],"build_version":"2018-08-02","purchased_purges":0,"victory":false,"max_hp_per_floor":[70,70,70,70,70,70,70,70,70,70,70,65,65,65,65,65,65,65,65,32,32,32,32,32],"card_choices":[{"not_picked":["Flying Knee","Backflip"],"picked":"Skewer","floor":1},{"not_picked":["Distraction","Prepared"],"picked":"All Out Attack","floor":5},{"not_picked":["Poisoned Stab","Dash"],"picked":"Leg Sweep","floor":7},{"not_picked":["Dodge and Roll","Outmaneuver"],"picked":"Deflect","floor":10},{"not_picked":["Crippling Poison","Underhanded Strike"],"picked":"Dodge and Roll","floor":14},{"not_picked":["Envenom","Venomology"],"picked":"Die Die Die","floor":16},{"not_picked":["Dagger Spray","PiercingWail"],"picked":"Noxious Fumes","floor":17},{"not_picked":["Sucker Punch","Expertise"],"picked":"Cloak And Dagger","floor":17},{"not_picked":["Terror","Slice"],"picked":"Leg Sweep","floor":17},{"not_picked":["Poisoned Stab","Bane"],"picked":"Blur","floor":17},{"not_picked":["Sucker Punch","All Out Attack"],"picked":"Caltrops","floor":17},{"not_picked":["Poisoned Stab","Flechettes"],"picked":"Slice","floor":18},{"not_picked":["Quick Slash+1","Outmaneuver+1"],"picked":"Dagger Throw","floor":23}],"player_experience":291155,"relics_obtained":[{"floor":7,"key":"Pantograph"},{"floor":9,"key":"Bag of Preparation"},{"floor":23,"key":"Dream Catcher"}],"event_choices":[{"event_name":"Transmorgrifier","player_choice":"Transform","floor":2,"damage_taken":0},{"event_name":"FaceTrader","player_choice":"Trade","floor":4,"damage_taken":0},{"event_name":"Golden Idol","player_choice":"Lose Max HP","floor":12,"damage_taken":0},{"event_name":"Ghosts","player_choice":"Became a Ghost","floor":20,"damage_taken":0},{"event_name":"The Woman in Blue","player_choice":"Bought 2 Potions","floor":21,"damage_taken":0},{"event_name":"The Library","player_choice":"Read","floor":22,"damage_taken":0}],"is_beta":false,"boss_relics":[{"not_picked":["Tiny House","WristBlade"],"picked":"Orrery"}],"items_purged_floors":[],"is_endless":false,"potions_floor_spawned":[5,10,14,18,23],"killed_by":"Chosen","ascension_level":7}