{"gold_per_floor":[114,64,239,257,268,268,268,268,268,268,284,296,307,322,322,322],"floor_reached":16,"playtime":748,"items_purged":[],"score":113,"play_id":"85f6a68e-3c7f-48c3-8c0d-d654ac84ba7b","local_time":"20180926204931","is_ascension_mode":true,"campfire_choices":[{"data":"Wraith Form v2","floor":6,"key":"SMITH"},{"data":"Poisoned Stab","floor":8,"key":"SMITH"},{"data":"Quick Slash","floor":10,"key":"SMITH"},{"floor":15,"key":"REST"}],"neow_cost":"NONE","seed_source_timestamp":0,"circlet_count":0,"master_deck":["Defend_G","Defend_G","Defend_G","Defend_G","Strike_G","Strike_G","Strike_G","Strike_G","Strike_G","Survivor","Neutralize","Wraith Form v2+1","Acrobatics","Poisoned Stab+1","Quick Slash+1","Dagger Throw","Dagger Throw","Poisoned Stab","PiercingWail"],"special_seed":0,"relics":["Ring of the Snake","Ornamental Fan"],"potions_floor_usage":[14,16],"damage_taken":[{"damage":2.0,"enemies":"2 Louse","floor":1.0,"turns":3.0},{"damage":22,"enemies":"Jaw Worm","floor":4,"turns":7},{"damage":9,"enemies":"Small Slimes","floor":5,"turns":5},{"damage":2,"enemies":"2 Fungi Beasts","floor":11,"turns":4},{"damage":7,"enemies":"3 Louse","floor":12,"turns":5},{"damage":25,"enemies":"Exordium Thugs","floor":13,"turns":7},{"damage":0,"enemies":"Large Slime","floor":14,"turns":5},{"damage":27,"enemies":"The Guardian","floor":16,"turns":6}],"seed_played":"-3640919065648288252","potions_obtained":[{"floor":11,"key":"AttackPotion"},{"floor":12,"key":"SteroidPotion"},{"floor":13,"key":"SkillPotion"}],"is_trial":false,"path_per_floor":["M","?","?","M","M","R","?","R","T","R","M","M","M","M","R"],"character_chosen":"THE_SILENT","items_purchased":[],"campfire_rested":1,"item_purchase_floors":[],"current_hp_per_floor":[68,68,68,46,37,37,37,37,37,37,35,28,3,3,24,0],"gold":322,"neow_bonus":"ONE_RANDOM_RARE_CARD","is_prod":false,"is_daily":false,"chose_seed":false,"campfire_upgraded":3,"win_rate":0,"timestamp":1538012971,"path_taken":["M","?","?","M","M","R","?","R","T","R","M","M","M","M","R","BOSS"],"build_version":"2018-09-20","purchased_purges":0,"victory":false,"max_hp_per_floor":[70,70,70,70,70,70,70,70,70,70,70,70,70,70,70,70],"card_choices":[{"not_picked":["Dodge and Roll","Prepared"],"picked":"Acrobatics","floor":1.0},{"not_picked":["Prepared","Dagger Spray"],"picked":"Poisoned Stab","floor":4},{"not_picked":["Terror","Dagger Throw"],"picked":"Quick Slash","floor":5},{"not_picked":["PiercingWail","Acrobatics"],"picked":"Dagger Throw","floor":11},{"not_picked":["Deadly Poison","PiercingWail"],"picked":"Dagger Throw","floor":12},{"not_picked":["PiercingWail","Escape Plan"],"picked":"Poisoned Stab","floor":13},{"not_picked":["Prepared","Tools of the Trade"],"picked":"PiercingWail","floor":14}],"player_experience":391599,"relics_obtained":[{"floor":9,"key":"Ornamental Fan"}],"event_choices":[{"event_name":"The Cleric","player_choice":"Card Removal","floor":2.0,"damage_taken":0.0},{"event_name":"Liars Game","player_choice":"agreed","floor":3.0,"damage_taken":0.0},{"event_name":"Living Wall","player_choice":"Forget","floor":7,"damage_taken":0}],"is_beta":false,"boss_relics":[],"items_purged_floors":[],"is_endless":false,"potions_floor_spawned":[11,12,13],"killed_by":"The Guardian","ascension_level":4}