{"gold_per_floor":[112,187,26,36,211,230,265,265,265,282,282,301,30,64,64,165,165,177,177,177,191,202,234,234,246,299,299],"floor_reached":27,"playtime":1597,"items_purged":["Doubt"],"score":341,"play_id":"55953a1c-7bbc-4b83-a914-d1734ff39ee8","local_time":"20181230043338","is_ascension_mode":true,"campfire_choices":[{"data":"Trip","floor":8.0,"key":"SMITH"},{"data":"Rage","floor":11.0,"key":"SMITH"},{"floor":15,"key":"REST"},{"data":"Flex","floor":24,"key":"SMITH"}],"neow_cost":"PERCENT_DAMAGE","seed_source_timestamp":662267679335379,"circlet_count":0,"master_deck":["Strike_R","Strike_R","Strike_R","Strike_R","Strike_R","Defend_R","Bash","Limit Break","Dropkick","Dropkick","Trip+1","Heavy Blade","Heavy Blade","Rage+1","Dual Wield","Feed","Limit Break","Shockwave+1","Sever Soul+1","Fire Breathing+1","Dropkick","Flex+1","Ghostly","Ghostly","Ghostly","Ghostly","Ghostly","Dual Wield+1","Armaments+1","Dual Wield+1"],"special_seed":0,"relics":["Burning Blood","Letter Opener","Sundial","Strawberry","Membership Card","Frozen Egg 2","Astrolabe","Centennial Puzzle","Vajra"],"potions_floor_usage":[14,16,18,25,27],"damage_taken":[{"damage":1.0,"enemies":"Cultist","floor":1.0,"turns":3.0},{"damage":9.0,"enemies":"Jaw Worm","floor":4.0,"turns":3.0},{"damage":3.0,"enemies":"2 Louse","floor":6.0,"turns":2.0},{"damage":32.0,"enemies":"Gremlin Nob","floor":7.0,"turns":4.0},{"damage":8.0,"enemies":"Blue Slaver","floor":10.0,"turns":3.0},{"damage":12.0,"enemies":"Looter","floor":12.0,"turns":3.0},{"damage":25,"enemies":"3 Sentries","floor":14,"turns":11},{"damage":36,"enemies":"Hexaghost","floor":16,"turns":9},{"damage":31,"enemies":"Spheric Guardian","floor":18,"turns":5},{"damage":5,"enemies":"Chosen","floor":21,"turns":6},{"damage":6,"enemies":"Snake Plant","floor":22,"turns":7},{"damage":39,"enemies":"Book of Stabbing","floor":23,"turns":8},{"damage":9,"enemies":"Cultist and Chosen","floor":25,"turns":7},{"damage":13,"enemies":"3 Cultists","floor":27,"turns":2}],"seed_played":"-1462206979802115189","potions_obtained":[{"floor":1.0,"key":"Ancient Potion"},{"floor":7.0,"key":"LiquidBronze"},{"floor":10.0,"key":"PowerPotion"},{"floor":12.0,"key":"Energy Potion"},{"floor":18,"key":"Explosive Potion"},{"floor":23,"key":"PowerPotion"},{"floor":25,"key":"Energy Potion"}],"is_trial":false,"path_per_floor":["M","T","$","M","?","M","E","R","T","M","R","M","$","E","R","B",null,"M","?","?","M","M","E","R","M","T","M"],"character_chosen":"IRONCLAD","items_purchased":["Dropkick","Trip","Membership Card","Feed"],"campfire_rested":1,"item_purchase_floors":[3,3,13,13],"current_hp_per_floor":[56,56,56,53,53,56,30,30,37,35,35,29,29,13,40,10,70,45,45,45,45,48,15,15,12,12,0],"gold":299,"neow_bonus":"THREE_RARE_CARDS","is_prod":false,"is_daily":false,"chose_seed":false,"campfire_upgraded":3,"win_rate":0,"timestamp":1546112018,"path_taken":["M","?","?","M","?","M","E","R","T","M","R","M","$","E","R","BOSS","M","?","?","M","M","E","R","M","T","M"],"build_version":"2018-12-20","purchased_purges":1,"victory":false,"max_hp_per_floor":[80,80,80,80,80,80,80,80,87,87,87,87,87,90,90,90,90,90,90,45,45,48,48,48,48,48,48],"card_choices":[{"not_picked":["Impervious","Immolate"],"picked":"Limit Break","floor":0.0},{"not_picked":["Fire Breathing","Ghostly Armor"],"picked":"Dropkick","floor":1.0},{"not_picked":["Body Slam","Burning Pact"],"picked":"Heavy Blade","floor":4.0},{"not_picked":["Headbutt","Perfected Strike"],"picked":"Heavy Blade","floor":6.0},{"not_picked":["Feel No Pain","Ghostly Armor"],"picked":"Rage","floor":7.0},{"not_picked":["Thunderclap","Cleave","Reckless Charge"],"picked":"SKIP","floor":10.0},{"not_picked":["Clothesline","Rampage"],"picked":"Dual Wield","floor":12.0},{"not_picked":["Twin Strike","Armaments","Sword Boomerang"],"picked":"SKIP","floor":14},{"not_picked":["Bludgeon","Demon Form+1"],"picked":"Limit Break","floor":16},{"not_picked":["Seeing Red+1","Flame Barrier"],"picked":"Dropkick","floor":18},{"not_picked":["Burning Pact","Cleave+1"],"picked":"Dual Wield+1","floor":21},{"not_picked":["Clothesline+1","True Grit+1"],"picked":"Armaments+1","floor":22},{"not_picked":["Entrench","Perfected Strike+1"],"picked":"Dual Wield+1","floor":23},{"not_picked":["Twin Strike","True Grit","Intimidate"],"picked":"SKIP","floor":25}],"player_experience":89554,"relics_obtained":[{"floor":2.0,"key":"Letter Opener"},{"floor":7.0,"key":"Sundial"},{"floor":9.0,"key":"Strawberry"},{"floor":14,"key":"Frozen Egg 2"},{"floor":23,"key":"Centennial Puzzle"},{"floor":26,"key":"Vajra"}],"event_choices":[{"damage_healed":0.0,"max_hp_gain":0.0,"max_hp_loss":0.0,"gold_gain":175.0,"event_name":"Liars Game","player_choice":"AGREE","floor":5.0,"gold_loss":0.0,"damage_taken":0.0,"cards_obtained":["Doubt"]},{"damage_healed":0,"gold_gain":0,"player_choice":"Read","damage_taken":0,"max_hp_gain":0,"max_hp_loss":0,"event_name":"The Library","floor":19,"gold_loss":0,"cards_obtained":["Flex"]},{"damage_healed":0,"gold_gain":0,"player_choice":"Became a Ghost","damage_taken":0,"max_hp_gain":0,"max_hp_loss":45,"event_name":"Ghosts","floor":20,"gold_loss":0,"cards_obtained":["Ghostly","Ghostly","Ghostly","Ghostly","Ghostly"]}],"is_beta":false,"boss_relics":[{"not_picked":["Orrery","Eternal Feather"],"picked":"Astrolabe"}],"items_purged_floors":[13],"is_endless":false,"potions_floor_spawned":[1,7,10,12,18,23,25],"killed_by":"3 Cultists","ascension_level":6}