{"gold_per_floor":[113,113,126,126,51,51,94,55,132,148,164,164,177,38,38,129,129,145,145,165,112,112,112,112],"floor_reached":24,"playtime":1193,"items_purged":["Injury"],"score":369,"play_id":"b9e701e4-52fa-47ab-b711-0106dcb9afe2","local_time":"20181224010301","is_ascension_mode":true,"campfire_choices":[{"data":"Bash","floor":6.0,"key":"SMITH"},{"floor":12,"key":"REST"},{"data":"Armaments","floor":15,"key":"SMITH"},{"floor":23,"key":"REST"}],"neow_cost":"NONE","seed_source_timestamp":225654619252505,"circlet_count":0,"master_deck":["AscendersBane","Bash+1","Purity","Perfected Strike","Disarm","Armaments+1","Shrug It Off","Anger","Demon Form","Spot Weakness","Infernal Blade","Burning Pact","Berserk","Reckless Charge","Whirlwind","Flame Barrier","Fire Breathing","Clothesline","Shrug It Off"],"special_seed":0,"relics":["Burning Blood","Golden Idol","Gremlin Horn","Pantograph","Pandora\u0027s Box","FaceOfCleric"],"potions_floor_usage":[16,18],"damage_taken":[{"damage":7.0,"enemies":"2 Louse","floor":1.0,"turns":4.0},{"damage":9.0,"enemies":"Jaw Worm","floor":3.0,"turns":4.0},{"damage":40.0,"enemies":"Lagavulin","floor":7.0,"turns":6.0},{"damage":8.0,"enemies":"Small Slimes","floor":10.0,"turns":4.0},{"damage":15,"enemies":"2 Fungi Beasts","floor":11,"turns":4},{"damage":9,"enemies":"Red Slaver","floor":13,"turns":3},{"damage":46,"enemies":"The Guardian","floor":16,"turns":13},{"damage":0,"enemies":"3 Byrds","floor":18,"turns":5},{"damage":39,"enemies":"Shell Parasite","floor":20,"turns":6},{"damage":33,"enemies":"Shelled Parasite and Fungi","floor":24,"turns":3}],"seed_played":"7462793516054724284","potions_obtained":[{"floor":10,"key":"Energy Potion"},{"floor":16,"key":"Energy Potion"},{"floor":18,"key":"LiquidBronze"}],"is_trial":false,"path_per_floor":["M","?","M","?","$","R","E","?","T","M","M","M","R","M","$","R","B",null,"M","?","M","$","?","R","M"],"character_chosen":"IRONCLAD","items_purchased":["Anger","LiquidBronze","Shrug It Off"],"campfire_rested":2,"item_purchase_floors":[14,14,21],"current_hp_per_floor":[67,60,57,57,57,57,23,23,23,21,12,34,31,31,31,16,60,66,66,34,34,34,56,23],"gold":112,"neow_bonus":"RANDOM_COLORLESS","is_prod":false,"is_daily":false,"chose_seed":false,"campfire_upgraded":2,"win_rate":0,"timestamp":1545642181,"path_taken":["M","?","M","?","$","R","E","?","T","M","M","R","M","$","R","BOSS","M","?","?","$","?","R","M"],"build_version":"2018-12-20","purchased_purges":1,"victory":false,"max_hp_per_floor":[75,75,75,75,75,75,75,75,75,75,75,75,75,75,75,75,75,75,75,76,76,76,76,76],"card_choices":[{"not_picked":["Heavy Blade","Clash"],"picked":"Perfected Strike","floor":1.0},{"not_picked":["Warcry","Dual Wield","Thunderclap"],"picked":"SKIP","floor":3.0},{"not_picked":["Sentinel","Battle Trance"],"picked":"Disarm","floor":7.0},{"not_picked":["Searing Blow","Perfected Strike"],"picked":"Armaments","floor":10},{"not_picked":["Sentinel","Exhume","Seeing Red"],"picked":"SKIP","floor":11},{"not_picked":["Headbutt","Infernal Blade"],"picked":"Shrug It Off","floor":13},{"not_picked":["Offering","Exhume"],"picked":"Demon Form","floor":16},{"not_picked":["Sword Boomerang","Pommel Strike","Twin Strike"],"picked":"SKIP","floor":18},{"not_picked":["Body Slam","Wild Strike"],"picked":"Clothesline","floor":20}],"player_experience":676203,"relics_obtained":[{"floor":7.0,"key":"Gremlin Horn"},{"floor":9.0,"key":"Pantograph"}],"event_choices":[{"cards_removed":["Defend_R"],"damage_healed":0.0,"max_hp_gain":0.0,"max_hp_loss":0.0,"gold_gain":0.0,"event_name":"Golden Wing","player_choice":"Card Removal","floor":2.0,"gold_loss":0.0,"damage_taken":7.0},{"damage_healed":0.0,"max_hp_gain":0.0,"max_hp_loss":0.0,"gold_gain":0.0,"event_name":"Golden Idol","player_choice":"Take Wound","floor":4.0,"gold_loss":0.0,"damage_taken":0.0,"relics_obtained":["Golden Idol"],"cards_obtained":["Injury"]},{"damage_healed":0.0,"max_hp_gain":0.0,"max_hp_loss":0.0,"gold_gain":0.0,"event_name":"World of Goop","player_choice":"Left Gold","floor":8.0,"gold_loss":39.0,"damage_taken":0.0},{"damage_healed":0,"gold_gain":0,"player_choice":"Trade","damage_taken":0,"relics_obtained":["FaceOfCleric"],"max_hp_gain":0,"max_hp_loss":0,"event_name":"FaceTrader","floor":19,"gold_loss":0},{"damage_healed":0,"gold_gain":0,"player_choice":"Ignored","damage_taken":0,"max_hp_gain":0,"max_hp_loss":0,"event_name":"The Mausoleum","floor":22,"gold_loss":0}],"is_beta":false,"boss_relics":[{"not_picked":["Orrery","Busted Crown"],"picked":"Pandora\u0027s Box"}],"items_purged_floors":[5],"is_endless":false,"potions_floor_spawned":[10,16,18,20],"killed_by":"Shelled Parasite and Fungi","ascension_level":18}