{"gold_per_floor":[110,128,147,147,222,222,256,256,326,359,369,369,369,384,384,489,489,501,512,512,532,45,77,31,61,61,74,74,107,126,146,146,146],"floor_reached":33,"playtime":2908,"items_purged":["Strike_R"],"score":342,"play_id":"8c2b4ea8-2dc0-4857-ae0e-21f1580e1cab","local_time":"20180720172534","is_ascension_mode":false,"campfire_choices":[{"data":"Bash","floor":6.0,"key":"SMITH"},{"data":"Offering","floor":8.0,"key":"SMITH"},{"data":"Dropkick","floor":13,"key":"SMITH"},{"data":"Body Slam","floor":15,"key":"SMITH"},{"floor":32,"key":"REST"}],"neow_cost":"","seed_source_timestamp":404768973343647,"circlet_count":0,"master_deck":["Strike_R","Strike_R","Strike_R","Defend_R","Defend_R","Defend_R","Defend_R","Bash+1","Body Slam+1","Dropkick+1","Thunderclap","Offering+1","Rage+1","Feed","Shockwave+1","Flame Barrier+1","Flame Barrier+1","Warcry+1","Battle Trance+1","Warcry+1","Feed","Burning Pact+1","Flame Barrier+1","Warcry+1","Body Slam+1","Shrug It Off+1"],"special_seed":0,"relics":["Burning Blood","Orichalcum","Bag of Marbles","Toxic Egg 2","Ancient Tea Set","Orrery","Molten Egg 2","Ornamental Fan","Calipers","Dodecahedron","Gremlin Horn"],"potions_floor_usage":[16,16,25,29,33,33],"damage_taken":[{"damage":10.0,"enemies":"Small Slimes","floor":1.0,"turns":6.0},{"damage":5.0,"enemies":"2 Louse","floor":2.0,"turns":3.0},{"damage":1.0,"enemies":"Cultist","floor":3.0,"turns":4.0},{"damage":22.0,"enemies":"3 Sentries","floor":7.0,"turns":9.0},{"damage":13.0,"enemies":"Gremlin Nob","floor":10.0,"turns":3.0},{"damage":5.0,"enemies":"Looter","floor":11.0,"turns":1.0},{"damage":5,"enemies":"Blue Slaver","floor":14,"turns":1},{"damage":12,"enemies":"Hexaghost","floor":16,"turns":5},{"damage":10,"enemies":"Spheric Guardian","floor":18,"turns":4},{"damage":6,"enemies":"Shell Parasite","floor":19,"turns":5},{"damage":5,"enemies":"Centurion and Healer","floor":21,"turns":3},{"damage":7,"enemies":"Book of Stabbing","floor":23,"turns":4},{"damage":76,"enemies":"Slavers","floor":25,"turns":7},{"damage":5,"enemies":"Snake Plant","floor":27,"turns":4},{"damage":15,"enemies":"Book of Stabbing","floor":29,"turns":6},{"damage":13,"enemies":"Slaver and Parasite","floor":30,"turns":9},{"damage":5,"enemies":"Sentry and Sphere","floor":31,"turns":1},{"damage":68,"enemies":"Champ","floor":33,"turns":10}],"seed_played":"4102477147235476320","potions_obtained":[{"floor":1.0,"key":"BloodPotion"},{"floor":7.0,"key":"Weak Potion"},{"floor":14,"key":"LiquidBronze"},{"floor":18,"key":"FearPotion"},{"floor":19,"key":"Fire Potion"},{"floor":31,"key":"SpeedPotion"}],"is_trial":false,"path_per_floor":["M","M","M","?","?","R","E","R","T","E","M","?","R","M","R","B",null,"M","M","?","M","$","E","$","E","T","M","?","E","M","M","R"],"character_chosen":"IRONCLAD","items_purchased":["Feed","Molten Egg 2","Burning Pact+1","Warcry+1"],"campfire_rested":1,"item_purchase_floors":[22,22,22,24],"current_hp_per_floor":[76,77,80,68,57,57,41,41,41,34,35,35,35,36,36,30,80,79,82,82,86,86,85,85,21,21,25,25,19,15,19,51,0],"gold":146,"neow_bonus":"","is_prod":false,"is_daily":false,"chose_seed":false,"campfire_upgraded":4,"win_rate":0,"timestamp":1532132734,"path_taken":["M","M","M","?","?","R","E","R","T","E","?","?","R","M","R","BOSS","M","M","?","M","$","E","?","E","T","M","?","E","?","M","R","BOSS"],"build_version":"2018-07-19v2","purchased_purges":1,"victory":false,"max_hp_per_floor":[80,80,80,80,80,80,80,80,80,80,80,80,80,80,80,80,80,83,86,86,89,89,89,89,95,95,98,98,101,104,107,107,107],"card_choices":[{"not_picked":["Corruption","Heavy Blade"],"picked":"Body Slam","floor":1.0},{"not_picked":["Iron Wave","Infernal Blade"],"picked":"Dropkick","floor":2.0},{"not_picked":["Dual Wield","Inflame"],"picked":"Thunderclap","floor":3.0},{"not_picked":["Iron Wave","Juggernaut"],"picked":"Offering","floor":7.0},{"not_picked":["Rupture","Iron Wave","Clothesline"],"picked":"SKIP","floor":10.0},{"not_picked":["Anger","Twin Strike","Entrench+1"],"picked":"SKIP","floor":11.0},{"not_picked":["Twin Strike","Thunderclap"],"picked":"Rage+1","floor":14},{"not_picked":["Dark Embrace","Fiend Fire"],"picked":"Feed","floor":16},{"not_picked":["Combust","Fire Breathing"],"picked":"Shockwave+1","floor":17},{"not_picked":["Evolve","Clash"],"picked":"Flame Barrier+1","floor":17},{"not_picked":["Rupture","Anger"],"picked":"Flame Barrier+1","floor":17},{"not_picked":["Shrug It Off+1","Armaments+1"],"picked":"Warcry+1","floor":17},{"not_picked":["Cleave","Seeing Red+1"],"picked":"Battle Trance+1","floor":18},{"not_picked":["Anger+1","Iron Wave+1","Heavy Blade"],"picked":"SKIP","floor":19},{"not_picked":["Heavy Blade","Immolate"],"picked":"Warcry+1","floor":21},{"not_picked":["Cleave+1","Combust"],"picked":"Flame Barrier+1","floor":23},{"not_picked":["Clothesline+1","Power Through+1","Twin Strike+1"],"picked":"SKIP","floor":25},{"not_picked":["Iron Wave+1","Sever Soul+1","Spot Weakness+1"],"picked":"SKIP","floor":27},{"not_picked":["Cleave+1","Iron Wave+1","Pummel+1"],"picked":"SKIP","floor":29},{"not_picked":["Hemokinesis+1","Dual Wield+1"],"picked":"Body Slam+1","floor":30},{"not_picked":["Twin Strike+1","Ghostly Armor+1"],"picked":"Shrug It Off+1","floor":31}],"player_experience":39352,"relics_obtained":[{"floor":7.0,"key":"Bag of Marbles"},{"floor":9.0,"key":"Toxic Egg 2"},{"floor":10.0,"key":"Ancient Tea Set"},{"floor":23,"key":"Ornamental Fan"},{"floor":25,"key":"Calipers"},{"floor":26,"key":"Dodecahedron"},{"floor":29,"key":"Gremlin Horn"}],"event_choices":[{"event_name":"Scrap Ooze","player_choice":"success","floor":4.0,"damage_taken":12.0},{"event_name":"World of Goop","player_choice":"Gather Gold","floor":5.0,"damage_taken":0.0},{"event_name":"Living Wall","player_choice":"Forget","floor":12,"damage_taken":0},{"event_name":"Drug Dealer","player_choice":"Ignored","floor":20,"damage_taken":0},{"event_name":"Beggar","player_choice":"Ignored","floor":28,"damage_taken":0}],"is_beta":false,"boss_relics":[{"not_picked":["Calling Bell","Lizard Tail"],"picked":"Orrery"}],"items_purged_floors":[22],"is_endless":false,"potions_floor_spawned":[1,7,14,18,19,21,31],"killed_by":"Champ","ascension_level":0}