{"gold_per_floor":[216,216,229,249,260,260,287,287,287,322,322,385,64,79,79,153,153,171,271,6,6,6,6,37,37,37,51,51,82,96,116,116,190,190,210,29,77,90,108,128,128,128,128,128],"floor_reached":44,"playtime":3209,"items_purged":["Doubt"],"score":1016,"play_id":"faea35a2-1d98-4d5e-ab50-57ccb3453553","local_time":"20190406032711","is_ascension_mode":true,"campfire_choices":[{"data":"Glass Knife","floor":6.0,"key":"SMITH"},{"data":"Neutralize","floor":8.0,"key":"SMITH"},{"data":"Neutralize","floor":11.0,"key":"SMITH"},{"data":"Glass Knife","floor":15,"key":"SMITH"},{"data":"Cloak And Dagger","floor":23,"key":"SMITH"},{"floor":28,"key":"DIG"},{"floor":32,"key":"DIG"},{"data":"Wraith Form v2","floor":42,"key":"SMITH"}],"neow_cost":"NONE","seed_source_timestamp":93804812546300,"circlet_count":0,"master_deck":["AscendersBane","Defend_G+1","Defend_G+1","Defend_G+1","Defend_G+1","Defend_G+1","Survivor","Neutralize+1","Dagger Throw","Glass Knife+1","Neutralize+1","Heel Hook","Poisoned Stab","Quick Slash","Infinite Blades","Dodge and Roll","Poisoned Stab","Glass Knife+1","Calculated Gamble","Bandage Up","Well Laid Plans","Malaise","All Out Attack","Backflip","Footwork","Cloak And Dagger+1","Bite","Bite","Bite","Bite","Bite","Wraith Form v2+1","Noxious Fumes","Escape Plan","Slice","A Thousand Cuts","Cloak And Dagger","Slice","Backstab+1","Catalyst","PiercingWail+1"],"special_seed":0,"relics":["Ring of the Serpent","Centennial Puzzle","Bottled Tornado","Thread and Needle","Tough Bandages","Cursed Key","Unceasing Top","Dodecahedron","Anchor","Snake Skull","Shovel","Ginger","Dream Catcher","Meat on the Bone","Torii"],"potions_floor_usage":[19,19,29,33,37,37,41],"damage_taken":[{"damage":1.0,"enemies":"Small Slimes","floor":1.0,"turns":3.0},{"damage":0.0,"enemies":"Cultist","floor":3.0,"turns":4.0},{"damage":0.0,"enemies":"Jaw Worm","floor":4.0,"turns":3.0},{"damage":0.0,"enemies":"Blue Slaver","floor":5.0,"turns":3.0},{"damage":0.0,"enemies":"Gremlin Nob","floor":7.0,"turns":2.0},{"damage":4.0,"enemies":"Lagavulin","floor":10.0,"turns":6.0},{"damage":12,"enemies":"Gremlin Nob","floor":12,"turns":4},{"damage":4,"enemies":"Exordium Thugs","floor":14,"turns":3},{"damage":14,"enemies":"Slime Boss","floor":16,"turns":8},{"damage":4,"enemies":"Spheric Guardian","floor":18,"turns":3},{"damage":15,"enemies":"Colosseum Slavers","floor":19,"turns":4},{"damage":24,"enemies":"Colosseum Nobs","floor":19,"turns":4},{"damage":20,"enemies":"Slavers","floor":24,"turns":7},{"damage":0,"enemies":"Chosen","floor":27,"turns":4},{"damage":12,"enemies":"Gremlin Leader","floor":29,"turns":7},{"damage":0,"enemies":"Snake Plant","floor":30,"turns":4},{"damage":6,"enemies":"Shelled Parasite and Fungi","floor":31,"turns":3},{"damage":33,"enemies":"Champ","floor":33,"turns":13},{"damage":0,"enemies":"Orb Walker","floor":35,"turns":4},{"damage":20,"enemies":"2 Orb Walkers","floor":37,"turns":5},{"damage":14,"enemies":"3 Darklings","floor":38,"turns":6},{"damage":14,"enemies":"Jaw Worm Horde","floor":39,"turns":4},{"damage":18,"enemies":"4 Shapes","floor":40,"turns":8},{"damage":22,"enemies":"Spire Growth","floor":41,"turns":4},{"damage":35,"enemies":"Transient","floor":44,"turns":3}],"seed_played":"8073078117904117288","potions_obtained":[{"floor":5.0,"key":"SteroidPotion"},{"floor":10.0,"key":"LiquidBronze"},{"floor":12,"key":"LiquidBronze"},{"floor":19,"key":"Fire Potion"},{"floor":24,"key":"SkillPotion"},{"floor":30,"key":"EssenceOfSteel"},{"floor":35,"key":"SkillPotion"},{"floor":37,"key":"Strength Potion"},{"floor":39,"key":"SmokeBomb"}],"is_trial":false,"path_per_floor":["M","?","M","M","M","R","E","R","T","E","R","?","$","M","R","B",null,"M","?","$","?","?","R","E","?","T","M","R","E","M","M","R","B",null,"M","$","?","M","M","M","M","R","T","M"],"character_chosen":"THE_SILENT","items_purchased":["Glass Knife","Calculated Gamble","Bandage Up","Footwork","Cloak And Dagger","Anchor","Cloak And Dagger","Slice"],"campfire_rested":0,"item_purchase_floors":[13,13,13,20,20,20,36,36],"current_hp_per_floor":[58,58,58,58,58,58,58,58,58,54,54,42,42,42,42,32,58,58,23,23,23,23,23,19,19,19,33,33,39,46,44,44,35,43,46,46,30,28,24,28,26,26,26,0],"gold":128,"neow_bonus":"HUNDRED_GOLD","is_prod":false,"is_daily":false,"chose_seed":false,"campfire_upgraded":6,"win_rate":0,"timestamp":1554535631,"path_taken":["M","?","?","M","M","R","E","R","T","E","R","?","$","M","R","BOSS","M","?","$","?","?","R","E","?","T","M","R","E","?","M","R","BOSS","M","$","?","M","M","M","M","R","T","M"],"build_version":"2019-01-23","purchased_purges":1,"victory":false,"max_hp_per_floor":[66,66,66,66,66,66,66,66,66,66,66,66,66,66,66,66,66,66,66,66,66,46,46,46,46,46,46,46,46,46,46,46,46,46,46,46,46,46,46,46,46,46,46,46],"card_choices":[{"not_picked":["Quick Slash","Crippling Poison"],"picked":"Dagger Throw","floor":1.0},{"not_picked":["Flechettes","Acrobatics","Distraction"],"picked":"SKIP","floor":3.0},{"not_picked":["Expertise","Backflip"],"picked":"Poisoned Stab","floor":4.0},{"not_picked":["Bane","Masterful Stab"],"picked":"Quick Slash","floor":5.0},{"not_picked":["Slice","Bane"],"picked":"Infinite Blades","floor":7.0},{"not_picked":["Blade Dance","Dagger Throw"],"picked":"Dodge and Roll","floor":10.0},{"not_picked":["Quick Slash","Blade Dance"],"picked":"Poisoned Stab","floor":12},{"not_picked":["Catalyst","Quick Slash"],"picked":"Well Laid Plans","floor":14},{"not_picked":["Phantasmal Killer","A Thousand Cuts"],"picked":"Malaise","floor":16},{"not_picked":["Quick Slash","Dagger Throw"],"picked":"All Out Attack","floor":18},{"not_picked":["Prepared","PiercingWail"],"picked":"Backflip","floor":19},{"not_picked":["Setup","Reflex"],"picked":"Wraith Form v2","floor":24},{"not_picked":["Flying Knee","Deflect"],"picked":"Noxious Fumes","floor":27},{"not_picked":["Setup","Acrobatics","Flying Knee"],"picked":"SKIP","floor":29},{"not_picked":["Underhanded Strike","Deadly Poison"],"picked":"Escape Plan","floor":30},{"not_picked":["Distraction","Underhanded Strike"],"picked":"Slice","floor":31},{"not_picked":["Malaise","Phantasmal Killer"],"picked":"A Thousand Cuts","floor":33},{"not_picked":["Quick Slash","Sucker Punch","Acrobatics"],"picked":"SKIP","floor":35},{"not_picked":["Bane","Prepared"],"picked":"Backstab+1","floor":37},{"not_picked":["Flying Knee","Sucker Punch"],"picked":"Catalyst","floor":38},{"not_picked":["Quick Slash","Dash+1"],"picked":"PiercingWail+1","floor":39},{"not_picked":["Underhanded Strike+1","Dash","Endless Agony"],"picked":"SKIP","floor":40},{"not_picked":["Underhanded Strike+1","Dash","Endless Agony"],"picked":"SKIP","floor":40}],"player_experience":828426,"relics_obtained":[{"floor":7.0,"key":"Centennial Puzzle"},{"floor":9.0,"key":"Bottled Tornado"},{"floor":10.0,"key":"Thread and Needle"},{"floor":12,"key":"Tough Bandages"},{"floor":19,"key":"Unceasing Top"},{"floor":19,"key":"Dodecahedron"},{"floor":24,"key":"Snake Skull"},{"floor":26,"key":"Shovel"},{"floor":28,"key":"Ginger"},{"floor":29,"key":"Dream Catcher"},{"floor":32,"key":"Meat on the Bone"},{"floor":37,"key":"Torii"}],"event_choices":[{"damage_healed":0.0,"max_hp_gain":0.0,"max_hp_loss":0.0,"gold_gain":0.0,"event_name":"Match and Keep!","player_choice":"3 cards matched","floor":2.0,"gold_loss":0.0,"damage_taken":0.0,"cards_obtained":["Glass Knife","Neutralize","Heel Hook"]},{"damage_healed":0,"gold_gain":0,"player_choice":"Searched \u00271\u0027 times","damage_taken":0,"max_hp_gain":0,"max_hp_loss":0,"event_name":"Dead Adventurer","floor":12,"gold_loss":0},{"damage_healed":0,"gold_gain":0,"player_choice":"Fight","damage_taken":0,"max_hp_gain":0,"max_hp_loss":0,"event_name":"Colosseum","floor":19,"gold_loss":0},{"damage_healed":0,"gold_gain":0,"player_choice":"Fought Nobs","damage_taken":0,"max_hp_gain":0,"max_hp_loss":0,"event_name":"Colosseum","floor":19,"gold_loss":0},{"damage_healed":0,"gold_gain":0,"player_choice":"Became a vampire","damage_taken":0,"max_hp_gain":0,"max_hp_loss":20,"event_name":"Vampires","floor":22,"gold_loss":0,"cards_obtained":["Bite","Bite","Bite","Bite","Bite"]},{"damage_healed":0,"gold_gain":0,"player_choice":"Simplicity","damage_taken":0,"max_hp_gain":0,"max_hp_loss":0,"event_name":"Back to Basics","floor":25,"gold_loss":0,"cards_upgraded":["Defend_G","Defend_G","Defend_G","Defend_G","Defend_G"]},{"damage_healed":0,"gold_gain":0,"player_choice":"Fight","damage_taken":0,"max_hp_gain":0,"max_hp_loss":0,"event_name":"Mysterious Sphere","floor":37,"gold_loss":0}],"is_beta":false,"boss_relics":[{"not_picked":["Coffee Dripper","Runic Dome"],"picked":"Cursed Key"},{"not_picked":["HoveringKite","Lizard Tail"],"picked":"Ring of the Serpent"}],"items_purged_floors":[36],"is_endless":false,"potions_floor_spawned":[5,10,12,19,24,27,30,31,35,37,39,41],"killed_by":"Transient","ascension_level":20}