{"path_per_floor":["M","M","?","?","M","E","R","$","T","M","R","?","E","?","R","B",null,"M","$","M","M","?","R","E","M","T","M","R","?","R","$","R"],"character_chosen":"THE_SILENT","items_purchased":["Deadly Poison","Poisoned Stab","Quick Slash","Deflect","Backstab","PowerPotion"],"gold_per_floor":[118,137,137,137,152,183,183,14,14,31,31,31,61,11,11,115,115,134,4,20,38,38,38,70,86,112,126,126,41,41,41,41,41],"floor_reached":33,"campfire_rested":6,"playtime":2524,"item_purchase_floors":[8,8,8,8,19,19],"current_hp_per_floor":[70,70,70,70,70,57,57,57,57,50,70,70,58,58,70,46,70,52,52,42,42,42,63,28,26,32,5,27,27,49,49,71,0],"items_purged":[],"gold":41,"score":273,"play_id":"967d651c-f837-45f1-9cf5-ce5010842ba8","local_time":"20180618223421","is_prod":false,"is_daily":false,"chose_seed":false,"is_ascension_mode":false,"campfire_upgraded":1,"win_rate":0,"timestamp":1529379261,"campfire_choices":[{"data":"Choke","floor":7,"key":"SMITH"},{"floor":11,"key":"REST"},{"floor":15,"key":"REST"},{"floor":23,"key":"REST"},{"floor":28,"key":"REST"},{"floor":30,"key":"REST"},{"floor":32,"key":"REST"}],"path_taken":["M","M","?","?","M","E","R","$","T","?","R","?","E","?","R","BOSS","M","$","M","M","?","R","E","M","T","?","R","?","R","$","R","BOSS"],"build_version":"2018-06-14v2","seed_source_timestamp":0,"purchased_purges":0,"victory":false,"master_deck":["Defend_G","Defend_G","Defend_G","Defend_G","Defend_G","Strike_G","Strike_G","Strike_G","Strike_G","Survivor","Neutralize","Quick Slash","Distraction+1","Choke+1","Deadly Poison+1","Deadly Poison","Poisoned Stab","Quick Slash","Deflect","Masterful Stab","Finisher","Venomology","Backstab+1","Backstab","Calculated Gamble+1","Poisoned Stab","Finisher","Caltrops","Injury","Poisoned Stab"],"max_hp_per_floor":[70,70,70,70,70,70,70,70,70,70,70,70,70,70,70,70,70,70,70,70,70,70,70,70,70,76,76,76,76,76,76,76,76],"special_seed":0,"relics":["Ring of the Snake","Darkstone Periapt","Ancient Tea Set","Bag of Preparation","Cursed Key","Ornamental Fan","Boot","Snake Skull"],"card_choices":[{"not_picked":["Prepared","Sucker Punch"],"picked":"Quick Slash","floor":1.0},{"not_picked":["Underhanded Strike","Deflect"],"picked":"Distraction","floor":2.0},{"not_picked":["Dodge and Roll","Underhanded Strike"],"picked":"Choke","floor":5.0},{"not_picked":["Backflip","Acrobatics"],"picked":"Deadly Poison","floor":6.0},{"not_picked":["Backflip","Choke"],"picked":"Masterful Stab","floor":10},{"not_picked":["Phantasmal Killer","Quick Slash"],"picked":"Finisher","floor":13},{"not_picked":["Adrenaline","Wraith Form v2"],"picked":"Venomology","floor":16},{"not_picked":["Bane","Acrobatics"],"picked":"Backstab+1","floor":18},{"not_picked":["Dodge and Roll+1","Dagger Throw"],"picked":"Calculated Gamble+1","floor":20},{"not_picked":["Leg Sweep","Underhanded Strike"],"picked":"Poisoned Stab","floor":21},{"not_picked":["Underhanded Strike","Outmaneuver+1"],"picked":"Finisher","floor":24},{"not_picked":["Sucker Punch","Backflip"],"picked":"Caltrops","floor":25},{"not_picked":["Bane","Dash"],"picked":"Poisoned Stab","floor":27}],"player_experience":85799,"potions_floor_usage":[16,18,24,24,27,27,33,33],"damage_taken":[{"damage":0.0,"enemies":"Jaw Worm","floor":1.0,"turns":4.0},{"damage":0.0,"enemies":"Small Slimes","floor":2.0,"turns":4.0},{"damage":0.0,"enemies":"Cultist","floor":5.0,"turns":3.0},{"damage":13.0,"enemies":"Gremlin Nob","floor":6.0,"turns":4.0},{"damage":7,"enemies":"Looter","floor":10,"turns":2},{"damage":12,"enemies":"Lagavulin","floor":13,"turns":5},{"damage":24,"enemies":"Hexaghost","floor":16,"turns":8},{"damage":18,"enemies":"Spheric Guardian","floor":18,"turns":6},{"damage":10,"enemies":"3 Byrds","floor":20,"turns":4},{"damage":0,"enemies":"Snecko","floor":21,"turns":2},{"damage":35,"enemies":"Gremlin Leader","floor":24,"turns":4},{"damage":2,"enemies":"Centurion and Healer","floor":25,"turns":4},{"damage":41,"enemies":"Slaver and Parasite","floor":27,"turns":4},{"damage":76,"enemies":"Collector","floor":33,"turns":5}],"relics_obtained":[{"floor":6.0,"key":"Darkstone Periapt"},{"floor":9,"key":"Ancient Tea Set"},{"floor":13,"key":"Bag of Preparation"},{"floor":24,"key":"Ornamental Fan"},{"floor":26,"key":"Boot"}],"event_choices":[{"event_name":"Liars Game","player_choice":"disagreed","floor":3.0,"damage_taken":0.0},{"event_name":"Upgrade Shrine","player_choice":"Upgraded","floor":4.0,"damage_taken":0.0},{"event_name":"Living Wall","player_choice":"Grow","floor":12,"damage_taken":0},{"event_name":"The Cleric","player_choice":"Card Removal","floor":14,"damage_taken":0},{"event_name":"Ghosts","player_choice":"Ignored","floor":22,"damage_taken":0},{"event_name":"Addict","player_choice":"Obtained Relic","floor":29,"damage_taken":0}],"boss_relics":[{"not_picked":["Busted Crown","Tiny House"],"picked":"Cursed Key"}],"items_purged_floors":[],"is_endless":false,"potions_floor_spawned":[5,10,21,24],"seed_played":"3573520476292125511","killed_by":"Collector","ascension_level":0,"potions_obtained":[{"floor":5.0,"key":"Dexterity Potion"},{"floor":10,"key":"EssenceOfSteel"},{"floor":21,"key":"Swift Potion"},{"floor":24,"key":"Dexterity Potion"}],"is_trial":false}