{"gold_per_floor":[110,121,11,27,27,27,53,63,88,41,41,72,72,87,87,191,191,211,192,210,210],"floor_reached":21,"playtime":1054,"items_purged":["Decay"],"score":239,"play_id":"8ed8b29b-1859-4372-b65d-6f1bf963694f","local_time":"20190413113031","is_ascension_mode":true,"campfire_choices":[{"data":"Caltrops","floor":6,"key":"SMITH"},{"floor":11,"key":"REST"},{"floor":13,"key":"REST"},{"data":"Caltrops","floor":15,"key":"SMITH"}],"neow_cost":"CURSE","seed_source_timestamp":57441287927360,"circlet_count":0,"master_deck":["Defend_G","Defend_G","Defend_G","Defend_G","Defend_G","Strike_G","Strike_G","Strike_G","Strike_G","Strike_G","Survivor","Neutralize","Bandage Up","The Bomb+1","Blur","Backflip","Backstab","Caltrops+1","Dagger Spray","Caltrops+1","Flying Knee","Dagger Spray","Dagger Spray","After Image","Flying Knee","Leg Sweep","Leg Sweep"],"relics":["Ring of the Snake","PreservedInsect","Happy Flower","Lantern","Cursed Key"],"potions_floor_usage":[4,16,16,20,20],"damage_taken":[{"damage":7,"enemies":"Small Slimes","floor":1,"turns":3},{"damage":0,"enemies":"Cultist","floor":2,"turns":3},{"damage":3,"enemies":"2 Louse","floor":4,"turns":3},{"damage":34,"enemies":"Lagavulin","floor":7,"turns":10},{"damage":16,"enemies":"Exordium Wildlife","floor":8,"turns":6},{"damage":13,"enemies":"Gremlin Nob","floor":12,"turns":4},{"damage":1,"enemies":"Blue Slaver","floor":14,"turns":3},{"damage":21,"enemies":"Hexaghost","floor":16,"turns":8},{"damage":12,"enemies":"Chosen","floor":18,"turns":6},{"damage":19,"enemies":"2 Thieves","floor":19,"turns":4},{"damage":20,"enemies":"Cultist and Chosen","floor":20,"turns":6},{"damage":32,"enemies":"Colosseum Slavers","floor":21,"turns":4}],"seed_played":"555604454294600467","potions_obtained":[{"floor":2,"key":"EssenceOfSteel"},{"floor":4,"key":"PowerPotion"},{"floor":7,"key":"SpeedPotion"},{"floor":12,"key":"Swift Potion"},{"floor":16,"key":"SpeedPotion"},{"floor":20,"key":"Regen Potion"}],"is_trial":false,"path_per_floor":["M","M","$","M","?","R","E","M","T","$","R","E","R","M","R","B",null,"M","M","M","?"],"character_chosen":"THE_SILENT","items_purchased":["Backstab","Flying Knee"],"campfire_rested":2,"item_purchase_floors":[3,10],"current_hp_per_floor":[63,67,67,67,67,67,36,24,24,24,45,36,57,56,56,39,62,54,39,23,0],"gold":210,"neow_bonus":"RANDOM_COLORLESS_2","is_prod":false,"is_daily":false,"chose_seed":false,"campfire_upgraded":2,"win_rate":0,"timestamp":1555173031,"path_taken":["M","M","$","M","?","R","E","M","T","?","R","E","R","?","R","BOSS","M","?","M","?"],"build_version":"2019-01-23","purchased_purges":1,"victory":false,"max_hp_per_floor":[70,70,70,70,70,70,70,70,70,70,70,70,70,70,70,70,70,70,70,70,70],"card_choices":[{"not_picked":["Dagger Throw","Backflip"],"picked":"Blur","floor":1},{"not_picked":["Deadly Poison","Slice"],"picked":"Backflip","floor":2},{"not_picked":["Cloak And Dagger","Riddle With Holes"],"picked":"Caltrops","floor":4},{"not_picked":["Outmaneuver","Dagger Throw"],"picked":"Dagger Spray","floor":7},{"not_picked":["Dagger Throw","Underhanded Strike"],"picked":"Caltrops","floor":8},{"not_picked":["Envenom","PiercingWail"],"picked":"Dagger Spray","floor":12},{"not_picked":["Well Laid Plans","Poisoned Stab"],"picked":"Dagger Spray","floor":14},{"not_picked":["Wraith Form v2","Malaise"],"picked":"After Image","floor":16},{"not_picked":["Crippling Poison","Tactician"],"picked":"Flying Knee","floor":18},{"not_picked":["PiercingWail","Slice"],"picked":"Leg Sweep","floor":19},{"not_picked":["Flechettes","Well Laid Plans+1"],"picked":"Leg Sweep","floor":20}],"player_experience":813115,"relics_obtained":[{"floor":7,"key":"PreservedInsect"},{"floor":9,"key":"Happy Flower"},{"floor":12,"key":"Lantern"}],"event_choices":[{"damage_healed":0,"gold_gain":0,"player_choice":"Forge","damage_taken":0,"max_hp_gain":0,"max_hp_loss":0,"event_name":"Accursed Blacksmith","floor":5,"gold_loss":0,"cards_upgraded":["The Bomb"]},{"damage_healed":0,"gold_gain":0,"player_choice":"Fight","damage_taken":0,"max_hp_gain":0,"max_hp_loss":0,"event_name":"Colosseum","floor":21,"gold_loss":0}],"is_beta":false,"boss_relics":[{"not_picked":["Coffee Dripper","Lizard Tail"],"picked":"Cursed Key"}],"items_purged_floors":[3],"is_endless":false,"potions_floor_spawned":[2,4,7,12,16,20],"killed_by":"Colosseum Slavers","ascension_level":5}