{"gold_per_floor":[115,129,149,166,166,166,176,201,249,278,293,293,307,364,364,461,461,475,495,510,525,536,536,571,571,571,604,159,171,199,213,213,309,309,319,369,369,369,384,411,426,426,426,442,473,485,501,516,516,516],"floor_reached":51,"playtime":3042,"items_purged":["Strike_R"],"score":847,"play_id":"9fe55a1f-2755-4d27-8add-2287167318cf","local_time":"20190413162942","is_ascension_mode":false,"campfire_choices":[{"data":"Clothesline","floor":6.0,"key":"SMITH"},{"data":"Whirlwind","floor":12.0,"key":"SMITH"},{"data":"Bash","floor":15.0,"key":"SMITH"},{"data":"Immolate","floor":23.0,"key":"SMITH"},{"data":"Corruption","floor":25.0,"key":"SMITH"},{"data":"Immolate","floor":32.0,"key":"SMITH"},{"floor":42,"key":"RECALL"},{"floor":49,"key":"REST"}],"neow_cost":"NONE","seed_source_timestamp":0,"circlet_count":0,"master_deck":["Strike_R","Strike_R","Strike_R","Strike_R","Defend_R","Defend_R","Defend_R","Defend_R","Bash+1","Power Through","Uppercut+1","Wild Strike","Clothesline+1","Carnage","Metallicize","Whirlwind+1","Disarm","Battle Trance","Immolate+1","Anger","Iron Wave+1","Headbutt","Armaments","Battle Trance","Corruption+1","Flex+1","Metallicize","Blind","Immolate+1","Shrug It Off","Exhume","Disarm","Magnetism","Dark Shackles","Secret Technique","Shockwave+1","True Grit+1","Inflame+1","Impervious","Armaments","Juggernaut"],"special_seed":0,"relics":["Burning Blood","Shuriken","Vajra","Tiny Chest","Velvet Choker","Lantern","Mango","PreservedInsect","Oddly Smooth Stone","Ornamental Fan","Fusion Hammer","Ginger","Blood Vial","Bottled Tornado","Bag of Marbles"],"potions_floor_usage":[48,50,50],"damage_taken":[{"damage":1.0,"enemies":"Cultist","floor":1.0,"turns":3.0},{"damage":0.0,"enemies":"Small Slimes","floor":2.0,"turns":4.0},{"damage":1.0,"enemies":"2 Louse","floor":3.0,"turns":3.0},{"damage":4.0,"enemies":"2 Fungi Beasts","floor":4.0,"turns":3.0},{"damage":1.0,"enemies":"Exordium Wildlife","floor":7.0,"turns":3.0},{"damage":18.0,"enemies":"3 Sentries","floor":8.0,"turns":6.0},{"damage":8.0,"enemies":"Lagavulin","floor":10.0,"turns":6.0},{"damage":7.0,"enemies":"Gremlin Gang","floor":11.0,"turns":4.0},{"damage":4.0,"enemies":"Blue Slaver","floor":13.0,"turns":2.0},{"damage":16.0,"enemies":"3 Sentries","floor":14.0,"turns":5.0},{"damage":38.0,"enemies":"The Guardian","floor":16.0,"turns":12.0},{"damage":7.0,"enemies":"Shell Parasite","floor":18.0,"turns":5.0},{"damage":0.0,"enemies":"Chosen","floor":19.0,"turns":3.0},{"damage":3.0,"enemies":"3 Cultists","floor":20.0,"turns":3.0},{"damage":19.0,"enemies":"Snake Plant","floor":21.0,"turns":4.0},{"damage":11.0,"enemies":"Snecko","floor":22.0,"turns":4.0},{"damage":24.0,"enemies":"Slavers","floor":24.0,"turns":5.0},{"damage":0.0,"enemies":"Gremlin Leader","floor":27.0,"turns":6.0},{"damage":3.0,"enemies":"Centurion and Healer","floor":29.0,"turns":4.0},{"damage":4.0,"enemies":"Book of Stabbing","floor":30.0,"turns":3.0},{"damage":0.0,"enemies":"Snake Plant","floor":31.0,"turns":4.0},{"damage":5.0,"enemies":"Collector","floor":33.0,"turns":11.0},{"damage":0,"enemies":"3 Darklings","floor":35,"turns":3},{"damage":14,"enemies":"2 Orb Walkers","floor":36,"turns":3},{"damage":0,"enemies":"Orb Walker","floor":39,"turns":4},{"damage":3,"enemies":"Giant Head","floor":40,"turns":7},{"damage":6,"enemies":"Spire Growth","floor":41,"turns":5},{"damage":6,"enemies":"4 Shapes","floor":44,"turns":3},{"damage":11,"enemies":"Reptomancer","floor":45,"turns":3},{"damage":15,"enemies":"Transient","floor":46,"turns":5},{"damage":4,"enemies":"Spire Growth","floor":47,"turns":4},{"damage":3,"enemies":"4 Shapes","floor":48,"turns":4},{"damage":30,"enemies":"Time Eater","floor":50,"turns":15}],"seed_played":"-7516556546522987185","potions_obtained":[{"floor":0.0,"key":"Fire Potion"},{"floor":0.0,"key":"Energy Potion"},{"floor":0.0,"key":"SteroidPotion"},{"floor":8.0,"key":"Explosive Potion"},{"floor":11.0,"key":"SpeedPotion"},{"floor":18.0,"key":"Fruit Juice"},{"floor":21.0,"key":"Swift Potion"},{"floor":31.0,"key":"Dexterity Potion"},{"floor":33.0,"key":"Dexterity Potion"},{"floor":35,"key":"LiquidBronze"},{"floor":45,"key":"Swift Potion"},{"floor":48,"key":"Fire Potion"}],"is_trial":false,"path_per_floor":["M","M","M","M","?","R","M","E","T","E","M","R","M","E","R","B",null,"M","M","M","M","M","R","E","R","T","E","$","M","E","M","R","B",null,"M","?","?","?","M","E","M","R","T","M","E","M","M","M","R","B",null],"character_chosen":"IRONCLAD","items_purchased":["Metallicize","Oddly Smooth Stone","Swift Potion","Blind"],"campfire_rested":1,"item_purchase_floors":[28,28,28,28],"current_hp_per_floor":[80,80,80,80,80,80,80,68,68,66,65,65,67,57,57,25,80,84,85,85,72,67,67,49,49,63,69,69,72,74,80,80,81,99,99,91,81,81,87,90,92,92,92,94,91,84,88,93,99,75],"gold":516,"neow_bonus":"THREE_SMALL_POTIONS","is_prod":false,"is_daily":false,"chose_seed":false,"campfire_upgraded":6,"win_rate":1,"timestamp":1555198182,"path_taken":["M","?","M","?","?","R","M","E","T","E","M","R","M","E","R","BOSS","M","M","?","M","M","R","E","R","T","E","$","M","E","M","R","BOSS","M","?","?","?","M","E","M","R","T","M","E","M","M","M","R","BOSS"],"build_version":"2019-01-23","purchased_purges":1,"victory":true,"max_hp_per_floor":[80,80,80,80,80,80,80,80,80,80,80,80,80,80,80,80,80,85,85,85,85,85,85,85,85,99,99,99,99,99,99,99,99,99,99,99,99,99,99,99,99,99,99,99,99,99,99,99,99,99],"card_choices":[{"not_picked":["Reckless Charge","Twin Strike"],"picked":"Power Through","floor":1.0},{"not_picked":["Sword Boomerang","Armaments"],"picked":"Uppercut","floor":2.0},{"not_picked":["Thunderclap","Heavy Blade"],"picked":"Wild Strike","floor":3.0},{"not_picked":["Dual Wield","Sever Soul"],"picked":"Clothesline","floor":4.0},{"not_picked":["Whirlwind","Armaments"],"picked":"Carnage","floor":7.0},{"not_picked":["Heavy Blade","Dark Embrace"],"picked":"Metallicize","floor":8.0},{"not_picked":["Clothesline","Twin Strike","Iron Wave"],"picked":"SKIP","floor":10.0},{"not_picked":["Clothesline","Twin Strike","Iron Wave"],"picked":"SKIP","floor":10.0},{"not_picked":["Clothesline","Twin Strike","Iron Wave"],"picked":"SKIP","floor":10.0},{"not_picked":["Clothesline","Searing Blow"],"picked":"Whirlwind","floor":11.0},{"not_picked":["Perfected Strike","Cleave"],"picked":"Disarm","floor":13.0},{"not_picked":["Havoc","Hemokinesis"],"picked":"Battle Trance","floor":14.0},{"not_picked":["Fiend Fire","Offering"],"picked":"Immolate","floor":16.0},{"not_picked":["Warcry","Bloodletting"],"picked":"Anger","floor":18.0},{"not_picked":["Flex+1","Heavy Blade"],"picked":"Iron Wave+1","floor":19.0},{"not_picked":["Flex","Perfected Strike"],"picked":"Headbutt","floor":20.0},{"not_picked":["Blood for Blood","Clash"],"picked":"Armaments","floor":21.0},{"not_picked":["Shrug It Off","Heavy Blade"],"picked":"Battle Trance","floor":22.0},{"not_picked":["Havoc","Body Slam"],"picked":"Corruption","floor":24.0},{"not_picked":["Dropkick+1","Heavy Blade"],"picked":"Flex+1","floor":27.0},{"not_picked":["Body Slam","Cleave"],"picked":"Immolate","floor":29.0},{"not_picked":["Wild Strike","Pommel Strike"],"picked":"Shrug It Off","floor":30.0},{"not_picked":["Twin Strike","Intimidate","Uppercut"],"picked":"SKIP","floor":31.0},{"not_picked":["Immolate","Juggernaut"],"picked":"Exhume","floor":33.0},{"not_picked":["Rampage","Flex+1"],"picked":"Disarm","floor":35},{"not_picked":["Metamorphosis","Violence"],"picked":"Magnetism","floor":37},{"not_picked":["Secret Weapon","Flash of Steel"],"picked":"Dark Shackles","floor":37},{"not_picked":["Impatience","Deep Breath"],"picked":"Secret Technique","floor":37},{"not_picked":["Searing Blow","Havoc+1","Flex"],"picked":"SKIP","floor":39},{"not_picked":["Impervious","Flame Barrier"],"picked":"Shockwave+1","floor":40},{"not_picked":["Shrug It Off","Heavy Blade"],"picked":"True Grit+1","floor":41},{"not_picked":["Anger+1","Clash+1"],"picked":"Inflame+1","floor":44},{"not_picked":["Clothesline","Shockwave+1"],"picked":"Impervious","floor":45},{"not_picked":["Thunderclap","Clothesline+1"],"picked":"Armaments","floor":46},{"not_picked":["Uppercut+1","Havoc+1"],"picked":"Juggernaut","floor":47},{"not_picked":["Wild Strike","Sever Soul","Cleave"],"picked":"SKIP","floor":48}],"player_experience":334210,"relics_obtained":[{"floor":8.0,"key":"Shuriken"},{"floor":9.0,"key":"Vajra"},{"floor":14.0,"key":"Tiny Chest"},{"floor":24.0,"key":"Lantern"},{"floor":26.0,"key":"Mango"},{"floor":27.0,"key":"PreservedInsect"},{"floor":30.0,"key":"Ornamental Fan"},{"floor":36,"key":"Ginger"},{"floor":40,"key":"Blood Vial"},{"floor":43,"key":"Bottled Tornado"},{"floor":45,"key":"Bag of Marbles"}],"event_choices":[{"damage_healed":0.0,"max_hp_gain":0.0,"max_hp_loss":0.0,"gold_gain":0.0,"event_name":"Upgrade Shrine","player_choice":"Upgraded","floor":5.0,"gold_loss":0.0,"damage_taken":0.0,"cards_upgraded":["Uppercut"]},{"damage_healed":0,"gold_gain":0,"player_choice":"Fight","damage_taken":0,"max_hp_gain":0,"max_hp_loss":0,"event_name":"Mysterious Sphere","floor":36,"gold_loss":0},{"damage_healed":0,"gold_gain":0,"player_choice":"Memory 3","damage_taken":10,"max_hp_gain":0,"max_hp_loss":0,"event_name":"SensoryStone","floor":37,"gold_loss":0},{"damage_healed":0,"gold_gain":0,"player_choice":"Ignored","damage_taken":0,"max_hp_gain":0,"max_hp_loss":0,"event_name":"Tomb of Lord Red Mask","floor":38,"gold_loss":0}],"is_beta":false,"boss_relics":[{"not_picked":["Tiny House","Runic Cube"],"picked":"Velvet Choker"},{"not_picked":["Black Blood","Lizard Tail"],"picked":"Fusion Hammer"}],"items_purged_floors":[28],"is_endless":false,"potions_floor_spawned":[1,3,7,8,11,18,21,31,33,35,45,47,48],"ascension_level":0}