{"gold_per_floor":[111,127,146,157,173,173,191,191,243,243,243,243,307,317,317,419,419,431,443,79,95,107,107,25,25],"floor_reached":25,"playtime":1150,"items_purged":[],"score":236,"play_id":"47dc0403-9ece-49c6-a539-87d39777a796","local_time":"20180926215728","is_ascension_mode":true,"campfire_choices":[{"data":"After Image","floor":6,"key":"SMITH"},{"data":"Cloak And Dagger","floor":8,"key":"SMITH"},{"data":"Blade Dance","floor":11,"key":"SMITH"},{"data":"Terror","floor":15,"key":"SMITH"},{"data":"Accuracy","floor":23,"key":"SMITH"}],"neow_cost":"NONE","seed_source_timestamp":304911645354456,"circlet_count":0,"master_deck":["Defend_G","Defend_G","Defend_G","Defend_G","Defend_G","Strike_G","Strike_G","Strike_G","Strike_G","Strike_G","Survivor","Neutralize","After Image+1","Blade Dance+1","Cloak And Dagger+1","Terror+1","All Out Attack","Blade Dance+1","Outmaneuver","Prepared","Phantasmal Killer","Finisher+1","Cloak And Dagger","Accuracy+1","Backstab","Cloak And Dagger","Footwork"],"relics":["Ring of the Snake","Bronze Scales","Bird Faced Urn","Runic Pyramid","Mango"],"potions_floor_usage":[21,21],"damage_taken":[{"damage":0,"enemies":"2 Louse","floor":1,"turns":4},{"damage":0,"enemies":"Jaw Worm","floor":2,"turns":4},{"damage":4,"enemies":"Small Slimes","floor":3,"turns":5},{"damage":0,"enemies":"Looter","floor":4,"turns":4},{"damage":2,"enemies":"3 Louse","floor":5,"turns":3},{"damage":8,"enemies":"Large Slime","floor":7,"turns":8},{"damage":0,"enemies":"2 Fungi Beasts","floor":14,"turns":3},{"damage":12,"enemies":"Slime Boss","floor":16,"turns":12},{"damage":0,"enemies":"3 Byrds","floor":18,"turns":4},{"damage":4,"enemies":"Chosen","floor":19,"turns":3},{"damage":18,"enemies":"Snake Plant","floor":21,"turns":3},{"damage":41,"enemies":"Cultist and Chosen","floor":22,"turns":6},{"damage":47,"enemies":"Gremlin Leader","floor":25,"turns":3}],"seed_played":"2294465794611951099","potions_obtained":[{"floor":1,"key":"AttackPotion"},{"floor":5,"key":"EntropicBrew"},{"floor":14,"key":"Regen Potion"},{"floor":18,"key":"AttackPotion"},{"floor":22,"key":"FairyPotion"}],"is_trial":false,"path_per_floor":["M","M","M","M","M","R","M","R","T","?","R","?","?","M","R","B",null,"M","M","$","M","M","R","$"],"character_chosen":"THE_SILENT","items_purchased":["Accuracy","Mango","Footwork"],"campfire_rested":0,"item_purchase_floors":[20,20,24],"current_hp_per_floor":[70,70,66,66,64,64,56,56,56,38,38,38,38,40,40,30,70,70,66,80,66,29,29,29,0],"gold":25,"neow_bonus":"ONE_RANDOM_RARE_CARD","is_prod":false,"is_daily":false,"chose_seed":false,"campfire_upgraded":5,"win_rate":0,"timestamp":1538017048,"path_taken":["M","M","M","M","M","R","M","R","T","?","R","?","?","M","R","BOSS","M","M","$","M","M","R","?","E"],"build_version":"2018-09-20","purchased_purges":0,"victory":false,"max_hp_per_floor":[70,70,70,70,70,70,70,70,70,70,70,70,70,70,70,70,70,70,70,84,84,84,84,84,84],"card_choices":[{"not_picked":["Dagger Throw","Bane"],"picked":"Blade Dance","floor":1},{"not_picked":["Dagger Spray","Flying Knee"],"picked":"Cloak And Dagger","floor":2},{"not_picked":["Sucker Punch","Bouncing Flask"],"picked":"Terror","floor":3},{"not_picked":["Prepared","Acrobatics"],"picked":"All Out Attack","floor":4},{"not_picked":["Unload","Dagger Spray"],"picked":"Blade Dance","floor":5},{"not_picked":["Deflect","Poisoned Stab"],"picked":"Outmaneuver","floor":7},{"not_picked":["Heel Hook","Deflect"],"picked":"Prepared","floor":14},{"not_picked":["Night Terror","Malaise"],"picked":"Phantasmal Killer","floor":16},{"not_picked":["Calculated Gamble","Deflect"],"picked":"Finisher+1","floor":18},{"not_picked":["Deflect+1","PiercingWail"],"picked":"Cloak And Dagger","floor":19},{"not_picked":["Dodge and Roll","Backflip"],"picked":"Backstab","floor":21},{"not_picked":["Blade Dance","Deadly Poison"],"picked":"Cloak And Dagger","floor":22}],"player_experience":395212,"relics_obtained":[{"floor":9,"key":"Bronze Scales"}],"event_choices":[{"event_name":"Scrap Ooze","player_choice":"success","floor":10,"damage_taken":18},{"event_name":"Living Wall","player_choice":"Grow","floor":12,"damage_taken":0},{"event_name":"Golden Wing","player_choice":"Gained Gold","floor":13,"damage_taken":0}],"is_beta":false,"boss_relics":[{"not_picked":["Lizard Tail","Philosopher\u0027s Stone"],"picked":"Runic Pyramid"}],"items_purged_floors":[],"is_endless":false,"potions_floor_spawned":[1,5,14,18,22],"killed_by":"Gremlin Leader","ascension_level":4}