{"gold_per_floor":[113,63,138,149,149,149,168,180,180,180],"floor_reached":10,"playtime":534,"items_purged":[],"score":78,"play_id":"61b782b8-dc06-4c1f-a9c5-1b5e0be65cc0","local_time":"20190106044352","is_ascension_mode":true,"campfire_choices":[{"data":"Bash","floor":6,"key":"SMITH"}],"neow_cost":"NONE","seed_source_timestamp":1268882002720001,"circlet_count":0,"master_deck":["Strike_R","Strike_R","Strike_R","Strike_R","Defend_R","Defend_R","Defend_R","Defend_R","Bash+1","Entrench","Feel No Pain","Regret","Reaper"],"relics":["Burning Blood","Centennial Puzzle","Singing Bowl","Bronze Scales"],"potions_floor_usage":[],"damage_taken":[{"damage":8,"enemies":"2 Louse","floor":1,"turns":3},{"damage":14,"enemies":"Jaw Worm","floor":4,"turns":5},{"damage":14,"enemies":"Small Slimes","floor":7,"turns":3},{"damage":14,"enemies":"Exordium Wildlife","floor":8,"turns":5},{"damage":46,"enemies":"Gremlin Nob","floor":10,"turns":4}],"seed_played":"8670598322174930233","potions_obtained":[{"floor":7,"key":"Dexterity Potion"}],"is_trial":false,"path_per_floor":["M","?","?","M","?","R","M","M","T","E"],"character_chosen":"IRONCLAD","items_purchased":[],"campfire_rested":0,"item_purchase_floors":[],"current_hp_per_floor":[70,70,59,51,51,51,45,37,37,0],"gold":180,"neow_bonus":"RANDOM_COMMON_RELIC","is_prod":false,"is_daily":false,"chose_seed":false,"campfire_upgraded":1,"win_rate":0,"timestamp":1546717432,"path_taken":["M","?","?","M","?","R","?","M","T","E"],"build_version":"2019-01-03v4","purchased_purges":0,"victory":false,"max_hp_per_floor":[80,80,80,80,80,80,82,82,82,82],"card_choices":[{"not_picked":["True Grit","Bloodletting"],"picked":"Entrench","floor":1},{"not_picked":["Pummel","Infernal Blade"],"picked":"Feel No Pain","floor":4},{"not_picked":["Headbutt","Clothesline","Uppercut"],"picked":"Singing Bowl","floor":7},{"not_picked":["Wild Strike","Iron Wave"],"picked":"Reaper","floor":8}],"player_experience":108890,"relics_obtained":[{"floor":9,"key":"Bronze Scales"}],"event_choices":[{"cards_removed":["Strike_R"],"damage_healed":0,"gold_gain":0,"player_choice":"Card Removal","damage_taken":0,"max_hp_gain":0,"max_hp_loss":0,"event_name":"The Cleric","floor":2,"gold_loss":50},{"damage_healed":0,"gold_gain":75,"player_choice":"Gather Gold","damage_taken":11,"max_hp_gain":0,"max_hp_loss":0,"event_name":"World of Goop","floor":3,"gold_loss":0},{"damage_healed":0,"gold_gain":0,"player_choice":"Box","damage_taken":0,"relics_obtained":["Singing Bowl"],"max_hp_gain":0,"max_hp_loss":0,"event_name":"Big Fish","floor":5,"gold_loss":0,"cards_obtained":["Regret"]}],"is_beta":false,"boss_relics":[],"items_purged_floors":[],"is_endless":false,"potions_floor_spawned":[7],"killed_by":"Gremlin Nob","ascension_level":7}