{"gold_per_floor":[210,210,228,228,245,278,47,47,47,47,66,83,114,133,133,133],"floor_reached":16,"playtime":1005,"items_purged":[],"score":207,"play_id":"15d5a0a3-6807-41b6-8d2c-d775d8013d73","local_time":"20181222212858","is_ascension_mode":true,"campfire_choices":[{"data":"Defragment","floor":8.0,"key":"SMITH"},{"data":"Capacitor","floor":10.0,"key":"SMITH"},{"floor":15,"key":"DIG"}],"neow_cost":"NONE","seed_source_timestamp":126467297926127,"circlet_count":0,"master_deck":["AscendersBane","Strike_B","Strike_B","Strike_B","Strike_B","Defend_B","Defend_B+1","Defend_B","Defend_B+1","Zap","Dualcast","Defragment+1","Chill","Self Repair","Capacitor+1","Electrodynamics","Sunder+1","Capacitor","Conserve Battery"],"special_seed":0,"relics":["Cracked Core","War Paint","Vajra","Oddly Smooth Stone","Molten Egg 2","Shovel","Bottled Tornado"],"potions_floor_usage":[11,16,16],"damage_taken":[{"damage":1.0,"enemies":"Cultist","floor":1.0,"turns":3.0},{"damage":2.0,"enemies":"2 Louse","floor":3.0,"turns":2.0},{"damage":0.0,"enemies":"Small Slimes","floor":5.0,"turns":4.0},{"damage":16.0,"enemies":"Lagavulin","floor":6.0,"turns":9.0},{"damage":15,"enemies":"Gremlin Gang","floor":11,"turns":6},{"damage":6,"enemies":"Exordium Thugs","floor":12,"turns":3},{"damage":27,"enemies":"Gremlin Nob","floor":13,"turns":4},{"damage":7,"enemies":"3 Louse","floor":14,"turns":2},{"damage":4,"enemies":"Hexaghost","floor":16,"turns":7}],"seed_played":"5607814842899994642","potions_obtained":[{"floor":1.0,"key":"FearPotion"},{"floor":6.0,"key":"Weak Potion"},{"floor":12,"key":"Weak Potion"},{"floor":13,"key":"Energy Potion"}],"is_trial":false,"path_per_floor":["M","$","M","?","M","E","$","R","T","R","M","M","E","M","R","B"],"character_chosen":"DEFECT","items_purchased":["Oddly Smooth Stone","Capacitor"],"campfire_rested":0,"item_purchase_floors":[7,7],"current_hp_per_floor":[63,63,61,61,61,45,45,45,45,45,37,31,11,4,4,0],"gold":133,"neow_bonus":"HUNDRED_GOLD","is_prod":false,"is_daily":false,"chose_seed":false,"campfire_upgraded":2,"win_rate":0,"timestamp":1545542938,"path_taken":["M","?","M","?","M","E","$","R","T","R","M","M","E","?","R","BOSS"],"build_version":"2018-12-20","purchased_purges":0,"victory":false,"max_hp_per_floor":[71,71,71,71,71,71,71,71,71,71,71,71,71,71,71,71],"card_choices":[{"not_picked":["Loop","Conserve Battery"],"picked":"Defragment","floor":1.0},{"not_picked":["Fusion","Rebound"],"picked":"Chill","floor":3.0},{"not_picked":["Barrage","Coolheaded","Gash"],"picked":"SKIP","floor":5.0},{"not_picked":["Steam","White Noise"],"picked":"Self Repair","floor":6.0},{"not_picked":["Beam Cell+1","Redo"],"picked":"Electrodynamics","floor":11},{"not_picked":["Streamline+1","Sweeping Beam+1"],"picked":"Sunder+1","floor":12},{"not_picked":["Compile Driver+1","Coolheaded"],"picked":"Capacitor","floor":13},{"not_picked":["Turbo","Fission"],"picked":"Conserve Battery","floor":14}],"player_experience":656549,"relics_obtained":[{"floor":6.0,"key":"Vajra"},{"floor":9.0,"key":"Molten Egg 2"},{"floor":13,"key":"Shovel"},{"floor":15,"key":"Bottled Tornado"}],"event_choices":[{"damage_healed":0.0,"max_hp_gain":0.0,"max_hp_loss":0.0,"gold_gain":0.0,"event_name":"WeMeetAgain","player_choice":"Gave Potion","floor":4.0,"gold_loss":0.0,"damage_taken":0.0,"relics_obtained":["War Paint"]}],"is_beta":false,"boss_relics":[],"items_purged_floors":[],"is_endless":false,"potions_floor_spawned":[1,6,12,13],"killed_by":"Hexaghost","ascension_level":17}