{"gold_per_floor":[118,137,312,328,328,339,18,38,38,73,89,89,89,89,89,213,213,238,238,257,277,19,19],"floor_reached":23,"playtime":1366,"items_purged":["Doubt"],"score":193,"play_id":"92015a0e-440c-4325-a985-857fd2d121e0","local_time":"20190404010950","is_ascension_mode":false,"campfire_choices":[{"data":"Static Discharge","floor":13,"key":"SMITH"},{"floor":15,"key":"REST"}],"neow_cost":"NONE","seed_source_timestamp":187788621862906,"circlet_count":0,"master_deck":["Strike_B","Strike_B","Strike_B","Strike_B+1","Defend_B","Defend_B","Defend_B+1","Defend_B","Zap","Dualcast","Leap","Ball Lightning","Redo","Conserve Battery+1","Static Discharge+1","Capacitor","Injury","Electrodynamics","Redo+1","Barrage","Redo+1"],"relics":["Cracked Core","Toxic Egg 2","Kunai","Bottled Flame","Golden Idol","Black Star","Mummified Hand"],"potions_floor_usage":[10,10,16,21],"damage_taken":[{"damage":0,"enemies":"Small Slimes","floor":1,"turns":2},{"damage":0,"enemies":"2 Louse","floor":2,"turns":3},{"damage":1,"enemies":"Jaw Worm","floor":4,"turns":3},{"damage":8,"enemies":"3 Louse","floor":6,"turns":3},{"damage":17,"enemies":"Exordium Thugs","floor":8,"turns":4},{"damage":16,"enemies":"Gremlin Nob","floor":10,"turns":4},{"damage":2,"enemies":"Blue Slaver","floor":11,"turns":3},{"damage":28,"enemies":"The Guardian","floor":16,"turns":8},{"damage":23,"enemies":"Shell Parasite","floor":18,"turns":5},{"damage":8,"enemies":"Chosen","floor":20,"turns":5},{"damage":41,"enemies":"Shelled Parasite and Fungi","floor":21,"turns":7},{"damage":20,"enemies":"Book of Stabbing","floor":23,"turns":3}],"seed_played":"-435923260701746251","potions_obtained":[{"floor":6,"key":"EssenceOfSteel"},{"floor":8,"key":"SkillPotion"},{"floor":11,"key":"PowerPotion"},{"floor":16,"key":"Explosive Potion"},{"floor":18,"key":"AttackPotion"}],"is_trial":false,"path_per_floor":["?","?","?","?","?"],"character_chosen":"DEFECT","items_purchased":["Toxic Egg 2","Mummified Hand"],"campfire_rested":1,"item_purchase_floors":[7,22],"current_hp_per_floor":[82,82,82,81,65,57,57,40,40,24,22,22,22,22,46,18,82,59,59,51,10,10,0],"gold":19,"neow_bonus":"TEN_PERCENT_HP_BONUS","is_prod":false,"is_daily":false,"chose_seed":false,"campfire_upgraded":1,"win_rate":0.0,"timestamp":1554350990,"path_taken":["M","M","?","M","?","M","$","M","T","E","M","?","R","?","R","BOSS","M","?","M","M","$","E"],"build_version":"2019-01-23","purchased_purges":1,"victory":false,"max_hp_per_floor":[82,82,82,82,82,82,82,82,82,82,82,82,82,82,82,82,82,82,82,82,82,82,82],"card_choices":[{"not_picked":["Rebound","Cold Snap"],"picked":"Leap","floor":1},{"not_picked":["Turbo","Hello World"],"picked":"Ball Lightning","floor":2},{"not_picked":["Leap","Barrage"],"picked":"Redo","floor":4},{"not_picked":["Stack","Go for the Eyes","Reinforced Body"],"picked":"SKIP","floor":6},{"not_picked":["Go for the Eyes","Echo Form"],"picked":"Conserve Battery+1","floor":8},{"not_picked":["Rebound","Loop"],"picked":"Static Discharge","floor":10},{"not_picked":["Loop","Go for the Eyes"],"picked":"Capacitor","floor":11},{"not_picked":["Rainbow+1","Reboot+1"],"picked":"Electrodynamics","floor":16},{"not_picked":["Ball Lightning","Stack+1"],"picked":"Redo+1","floor":18},{"not_picked":["Cold Snap","Undo+1"],"picked":"Barrage","floor":20},{"not_picked":["Undo+1","Self Repair"],"picked":"Redo+1","floor":21}],"player_experience":9419,"relics_obtained":[{"floor":9,"key":"Kunai"},{"floor":10,"key":"Bottled Flame"}],"event_choices":[{"damage_healed":0,"gold_gain":175,"player_choice":"AGREE","damage_taken":0,"max_hp_gain":0,"max_hp_loss":0,"event_name":"Liars Game","floor":3,"gold_loss":0,"cards_obtained":["Doubt"]},{"damage_healed":0,"gold_gain":0,"player_choice":"Entered Light","damage_taken":16,"max_hp_gain":0,"max_hp_loss":0,"event_name":"Shining Light","floor":5,"gold_loss":0,"cards_upgraded":["Strike_B","Defend_B"]},{"damage_healed":0,"gold_gain":0,"player_choice":"Take Wound","damage_taken":0,"relics_obtained":["Golden Idol"],"max_hp_gain":0,"max_hp_loss":0,"event_name":"Golden Idol","floor":12,"gold_loss":0,"cards_obtained":["Injury"]},{"damage_healed":0,"gold_gain":0,"player_choice":"Searched \u00270\u0027 times","damage_taken":0,"max_hp_gain":0,"max_hp_loss":0,"event_name":"Dead Adventurer","floor":14,"gold_loss":0},{"damage_healed":0,"gold_gain":0,"player_choice":"Ignored","damage_taken":0,"max_hp_gain":0,"max_hp_loss":0,"event_name":"Ghosts","floor":19,"gold_loss":0}],"is_beta":false,"boss_relics":[{"not_picked":["Coffee Dripper","Fusion Hammer"],"picked":"Black Star"}],"items_purged_floors":[7],"is_endless":false,"potions_floor_spawned":[6,8,11,16,18],"killed_by":"Book of Stabbing","ascension_level":0}