{"gold_per_floor":[19,19,19,33,50,80,80,80,80,80,96,96,66,43,43,142,142,157,142,168,168,19,47,57,57,104,116,128,140,162,192,204,311,323,349,374,386,44,60,93,111,111,164,216,216,46,76,92,92,92],"floor_reached":51,"playtime":3854,"items_purged":["Strike_G","Strike_G"],"score":894,"play_id":"546f8d60-5330-401d-a146-c2d7a0ca0191","local_time":"20190414144358","is_ascension_mode":true,"campfire_choices":[{"floor":8,"key":"REST"},{"floor":10,"key":"REST"},{"data":"A Thousand Cuts","floor":12,"key":"SMITH"},{"floor":15,"key":"REST"},{"floor":25,"key":"REST"},{"floor":27,"key":"REST"},{"data":"After Image","floor":29,"key":"SMITH"},{"floor":32,"key":"REST"},{"data":"Distraction","floor":42,"key":"SMITH"},{"floor":45,"key":"REST"},{"data":"Footwork","floor":49,"key":"SMITH"}],"neow_cost":"NO_GOLD","seed_source_timestamp":84361990513287,"circlet_count":0,"master_deck":["Defend_G","Defend_G","Defend_G+1","Defend_G","Defend_G","Strike_G+1","Strike_G","Strike_G","Survivor","Neutralize","Blade Dance","Escape Plan","Distraction+1","A Thousand Cuts+1","Blade Dance+1","Dagger Throw","Acrobatics+1","After Image+1","Setup+1","Outmaneuver+1","Cloak And Dagger+1","Distraction+1","Cloak And Dagger+1","Dagger Throw+1","Footwork+1","Tools of the Trade","Backflip+1","Flying Knee","Well Laid Plans","Impatience+1","Backflip+1","Blade Dance+1","Leg Sweep+1","After Image","Footwork+1","Blur+1","Leg Sweep+1","Cloak And Dagger+1"],"relics":["Ring of the Snake","StoneCalendar","Pear","Meat on the Bone","Toxic Egg 2","Blue Candle","Sozu","Bag of Preparation","Bag of Marbles","Pantograph","MawBank","Runic Dome","Lantern","Bronze Scales","Smiling Mask","Ice Cream","Bottled Tornado"],"potions_floor_usage":[6,28],"damage_taken":[{"damage":4,"enemies":"Small Slimes","floor":1,"turns":3},{"damage":0,"enemies":"Jaw Worm","floor":4,"turns":4},{"damage":2,"enemies":"Cultist","floor":5,"turns":5},{"damage":28,"enemies":"Gremlin Nob","floor":6,"turns":4},{"damage":13,"enemies":"Large Slime","floor":11,"turns":6},{"damage":22,"enemies":"Exordium Thugs","floor":13,"turns":5},{"damage":38,"enemies":"Slime Boss","floor":16,"turns":7},{"damage":4,"enemies":"3 Byrds","floor":18,"turns":3},{"damage":10,"enemies":"2 Thieves","floor":19,"turns":4},{"damage":43,"enemies":"Book of Stabbing","floor":23,"turns":6},{"damage":16,"enemies":"Shelled Parasite and Fungi","floor":24,"turns":5},{"damage":27,"enemies":"Slavers","floor":28,"turns":3},{"damage":0,"enemies":"Sentry and Sphere","floor":30,"turns":4},{"damage":12,"enemies":"Centurion and Healer","floor":31,"turns":6},{"damage":51,"enemies":"Automaton","floor":33,"turns":14},{"damage":4,"enemies":"3 Shapes","floor":35,"turns":4},{"damage":34,"enemies":"3 Darklings","floor":36,"turns":4},{"damage":6,"enemies":"Transient","floor":39,"turns":5},{"damage":8,"enemies":"Giant Head","floor":40,"turns":9},{"damage":10,"enemies":"Sphere and 2 Shapes","floor":41,"turns":3},{"damage":12,"enemies":"2 Orb Walkers","floor":44,"turns":4},{"damage":11,"enemies":"Reptomancer","floor":47,"turns":6},{"damage":0,"enemies":"4 Shapes","floor":48,"turns":3},{"damage":2,"enemies":"Donu and Deca","floor":50,"turns":8}],"seed_played":"7602475777201586856","potions_obtained":[{"floor":5,"key":"SteroidPotion"},{"floor":16,"key":"SmokeBomb"}],"is_trial":false,"path_per_floor":["M","?","?","M","M","E","T","R","T","R","M","R","M","$","R","B",null,"M","M","T","?","$","E","M","R","T","R","E","R","M","M","R","B",null,"M","M","?","$","M","E","M","R","T","?","R","$","E","M","R","B",null],"character_chosen":"THE_SILENT","items_purchased":["Acrobatics+1","Bag of Marbles","Lantern","Well Laid Plans","Impatience+1","Footwork","Blur+1"],"campfire_rested":7,"item_purchase_floors":[14,22,38,38,38,46,46],"current_hp_per_floor":[66,52,50,50,48,20,20,44,44,68,55,55,45,45,69,43,71,67,57,57,57,57,26,22,46,46,70,43,43,43,43,67,41,70,66,44,44,44,50,42,44,44,44,44,68,68,57,57,57,78],"gold":92,"neow_bonus":"ONE_RARE_RELIC","is_prod":false,"is_daily":false,"chose_seed":false,"campfire_upgraded":4,"win_rate":0,"timestamp":1555271038,"path_taken":["M","?","?","M","M","E","?","R","T","R","M","R","M","$","R","BOSS","M","M","?","?","$","E","?","R","T","R","E","R","?","M","R","BOSS","M","M","?","$","M","E","M","R","T","?","R","$","E","M","R","BOSS"],"build_version":"2019-01-23","purchased_purges":2,"victory":true,"max_hp_per_floor":[70,70,80,80,80,80,80,80,80,80,80,80,80,80,80,80,80,80,80,80,80,80,80,80,80,80,80,80,80,80,80,80,80,80,80,80,80,80,80,80,80,80,80,80,80,80,80,80,80,80],"card_choices":[{"not_picked":["Terror","Bane"],"picked":"Blade Dance","floor":1},{"not_picked":["Choke","PiercingWail"],"picked":"Escape Plan","floor":4},{"not_picked":["Skewer","Flechettes"],"picked":"Distraction","floor":5},{"not_picked":["Tactician","Caltrops"],"picked":"A Thousand Cuts","floor":6},{"not_picked":["Catalyst+1","Deflect+1"],"picked":"Blade Dance+1","floor":11},{"not_picked":["Slice","Quick Slash"],"picked":"Dagger Throw","floor":13},{"not_picked":["Glass Knife","Bullet Time+1"],"picked":"After Image","floor":16},{"not_picked":["Sucker Punch","Terror+1"],"picked":"Setup+1","floor":18},{"not_picked":["Backflip+1","Catalyst+1"],"picked":"Outmaneuver+1","floor":19},{"not_picked":["Backflip+1","Prepared+1"],"picked":"Distraction+1","floor":23},{"not_picked":["Finisher","Distraction+1"],"picked":"Cloak And Dagger+1","floor":24},{"not_picked":["Heel Hook","Reflex+1"],"picked":"Dagger Throw+1","floor":30},{"not_picked":["Backflip+1","Caltrops"],"picked":"Footwork+1","floor":31},{"not_picked":["Die Die Die","Corpse Explosion+1"],"picked":"Tools of the Trade","floor":33},{"not_picked":["Acrobatics+1","Quick Slash"],"picked":"Backflip+1","floor":35},{"not_picked":["Deflect+1","Underhanded Strike+1"],"picked":"Flying Knee","floor":36},{"not_picked":["PiercingWail+1","Acrobatics+1"],"picked":"Backflip+1","floor":39},{"not_picked":["Sucker Punch","Deadly Poison+1"],"picked":"Blade Dance+1","floor":40},{"not_picked":["Predator","Slice"],"picked":"Leg Sweep+1","floor":41},{"not_picked":["Riddle With Holes+1","Blade Dance+1"],"picked":"After Image","floor":44},{"not_picked":["Deflect+1","Quick Slash+1"],"picked":"Leg Sweep+1","floor":47},{"not_picked":["Acrobatics+1","Blade Dance+1"],"picked":"Cloak And Dagger+1","floor":48}],"player_experience":817553,"relics_obtained":[{"floor":6,"key":"Meat on the Bone"},{"floor":7,"key":"Toxic Egg 2"},{"floor":9,"key":"Blue Candle"},{"floor":20,"key":"Bag of Preparation"},{"floor":23,"key":"Pantograph"},{"floor":26,"key":"MawBank"},{"floor":40,"key":"Bronze Scales"},{"floor":43,"key":"Smiling Mask"},{"floor":44,"key":"Ice Cream"},{"floor":47,"key":"Bottled Tornado"}],"event_choices":[{"damage_healed":0,"gold_gain":0,"player_choice":"Entered Light","damage_taken":14,"max_hp_gain":0,"max_hp_loss":0,"event_name":"Shining Light","floor":2,"gold_loss":0,"cards_upgraded":["Strike_G","Defend_G"]},{"damage_healed":0,"gold_gain":0,"player_choice":"Success","damage_taken":12,"relics_obtained":["Pear"],"max_hp_gain":0,"max_hp_loss":0,"event_name":"Scrap Ooze","floor":3,"gold_loss":0},{"damage_healed":0,"gold_gain":0,"player_choice":"Read","damage_taken":0,"max_hp_gain":0,"max_hp_loss":0,"event_name":"The Library","floor":21,"gold_loss":0,"cards_obtained":["Cloak And Dagger"]},{"damage_healed":0,"gold_gain":0,"player_choice":"Ignored","damage_taken":0,"max_hp_gain":0,"max_hp_loss":0,"event_name":"Tomb of Lord Red Mask","floor":37,"gold_loss":0},{"damage_healed":0,"gold_gain":0,"player_choice":"Fight","damage_taken":0,"max_hp_gain":0,"max_hp_loss":0,"event_name":"Mysterious Sphere","floor":44,"gold_loss":0}],"is_beta":false,"boss_relics":[{"not_picked":["Eternal Feather","HoveringKite"],"picked":"Sozu"},{"not_picked":["Cursed Key","Busted Crown"],"picked":"Runic Dome"}],"items_purged_floors":[38,46],"is_endless":false,"potions_floor_spawned":[5,16,23,24,36,40,41,44,48],"ascension_level":5}