{"gold_per_floor":[115,7,7,23,35,64,64,94,119,119,394,394,427,10,10,87,87,105,105,123,48,48],"floor_reached":22,"playtime":948,"items_purged":[],"score":370,"play_id":"3768e1f1-804d-4b14-80c0-d607915069a2","local_time":"20180912224818","is_ascension_mode":true,"campfire_choices":[{"data":"Bash","floor":7,"key":"SMITH"},{"data":"Inflame","floor":10,"key":"SMITH"},{"floor":12,"key":"REST"},{"data":"Armaments","floor":15,"key":"SMITH"}],"neow_cost":"","seed_source_timestamp":1077335437176888,"circlet_count":0,"master_deck":["Strike_R","Strike_R","Strike_R","Strike_R","Defend_R","Defend_R","Defend_R","Defend_R","Bash+1","AscendersBane","Inflame+1","Pommel Strike","Sever Soul","Shrug It Off","Evolve","Iron Wave","Armaments+1","Limit Break","Burning Pact","Shrug It Off"],"relics":["Burning Blood","Vajra","Omamori","Happy Flower","Red Skull","Magic Flower","Mark of Pain"],"potions_floor_usage":[16,16],"damage_taken":[{"damage":12,"enemies":"Cultist","floor":1,"turns":4},{"damage":9,"enemies":"2 Louse","floor":4,"turns":2},{"damage":5,"enemies":"Small Slimes","floor":5,"turns":4},{"damage":20,"enemies":"Gremlin Nob","floor":6,"turns":4},{"damage":30,"enemies":"Lagavulin","floor":8,"turns":7},{"damage":8,"enemies":"Gremlin Nob","floor":13,"turns":3},{"damage":12,"enemies":"Hexaghost","floor":16,"turns":9},{"damage":41,"enemies":"2 Thieves","floor":18,"turns":4},{"damage":0,"enemies":"Chosen","floor":20,"turns":3},{"damage":24,"enemies":"Snake Plant","floor":22,"turns":3}],"seed_played":"9872390855257354","potions_obtained":[{"floor":5,"key":"LiquidBronze"},{"floor":6,"key":"Strength Potion"},{"floor":18,"key":"LiquidBronze"}],"is_trial":false,"path_per_floor":["M","$","?","M","M","E","R","E","T","R","?","R","E","$","R","B",null,"M","?","M","?"],"character_chosen":"IRONCLAD","items_purchased":["Pommel Strike","Sever Soul","Magic Flower","Armaments"],"campfire_rested":1,"item_purchase_floors":[2,2,14,14],"current_hp_per_floor":[62,62,62,59,60,46,46,22,22,22,22,44,42,42,42,39,66,34,13,22,22,0],"gold":48,"neow_bonus":"","is_prod":false,"is_daily":false,"chose_seed":false,"campfire_upgraded":3,"win_rate":0,"timestamp":1536806898,"path_taken":["M","$","?","M","M","E","R","E","T","R","?","R","E","$","R","BOSS","M","?","M","?","?"],"build_version":"2018-09-06","purchased_purges":0,"victory":false,"max_hp_per_floor":[75,75,75,75,75,75,75,75,75,75,75,75,75,75,75,75,75,75,80,80,80,80],"card_choices":[{"not_picked":["Thunderclap","Second Wind"],"picked":"Inflame","floor":1},{"not_picked":["Entrench","Headbutt"],"picked":"Shrug It Off","floor":4},{"not_picked":["Clash","Fire Breathing","Flex"],"picked":"SKIP","floor":5},{"not_picked":["Clash","Heavy Blade","Dual Wield"],"picked":"SKIP","floor":6},{"not_picked":["Second Wind","Blood for Blood"],"picked":"Evolve","floor":8},{"not_picked":["Searing Blow","Dual Wield"],"picked":"Iron Wave","floor":13},{"not_picked":["Juggernaut","Exhume"],"picked":"Limit Break","floor":16},{"not_picked":["Sword Boomerang","Wild Strike"],"picked":"Burning Pact","floor":18},{"not_picked":["Clash","Blood for Blood+1"],"picked":"Shrug It Off","floor":20}],"player_experience":625856,"relics_obtained":[{"floor":6,"key":"Vajra"},{"floor":8,"key":"Omamori"},{"floor":9,"key":"Happy Flower"},{"floor":13,"key":"Red Skull"}],"event_choices":[{"event_name":"The Cleric","player_choice":"Leave","floor":3,"damage_taken":0},{"event_name":"Golden Shrine","player_choice":"Desecrate","floor":11,"damage_taken":0},{"event_name":"Forgotten Altar","player_choice":"Shed Blood","floor":19,"damage_taken":0},{"event_name":"Beggar","player_choice":"Gave Gold","floor":21,"damage_taken":0}],"is_beta":false,"boss_relics":[{"not_picked":["Ectoplasm","Tiny House"],"picked":"Mark of Pain"}],"items_purged_floors":[],"is_endless":false,"potions_floor_spawned":[5,6,18],"killed_by":"Snake Plant","ascension_level":17}