{"gold_per_floor":[11,22,39,117,117,145,145,165,239,298,298,93,122,272,272,272],"floor_reached":16,"playtime":886,"items_purged":["Strike_R"],"score":205,"play_id":"507d2485-f3ca-4407-8da7-52f14528dde9","local_time":"20181224013146","is_ascension_mode":true,"campfire_choices":[{"data":"Bash","floor":7,"key":"SMITH"},{"data":"Iron Wave","floor":11,"key":"SMITH"},{"data":"Clothesline","floor":15,"key":"SMITH"}],"neow_cost":"NO_GOLD","seed_source_timestamp":227675833910846,"circlet_count":0,"master_deck":["AscendersBane","Strike_R","Strike_R","Strike_R","Strike_R","Defend_R","Defend_R","Defend_R","Defend_R","Bash+1","Pommel Strike","Iron Wave+1","Pommel Strike","Anger","Shrug It Off+1","Clothesline+1","Rampage","Armaments+1","Doubt"],"special_seed":0,"relics":["Burning Blood","Meat on the Bone","Toxic Egg 2","Blue Candle","Anchor","Smiling Mask"],"potions_floor_usage":[10,16],"damage_taken":[{"damage":2.0,"enemies":"Cultist","floor":1.0,"turns":4.0},{"damage":11.0,"enemies":"Jaw Worm","floor":2.0,"turns":5.0},{"damage":5.0,"enemies":"Small Slimes","floor":3.0,"turns":5.0},{"damage":40,"enemies":"3 Sentries","floor":6,"turns":15},{"damage":11,"enemies":"Blue Slaver","floor":8,"turns":5},{"damage":37,"enemies":"Lagavulin Event","floor":10,"turns":5},{"damage":23,"enemies":"Gremlin Nob","floor":13,"turns":4},{"damage":38,"enemies":"Hexaghost","floor":16,"turns":10}],"seed_played":"-1364779369232331319","potions_obtained":[{"floor":8,"key":"LiquidBronze"},{"floor":10,"key":"SkillPotion"}],"is_trial":false,"path_per_floor":["M","M","M","T","?","E","R","M","T","?","R","$","E","?","R","B"],"character_chosen":"IRONCLAD","items_purchased":["Clothesline","Rampage"],"campfire_rested":0,"item_purchase_floors":[12,12],"current_hp_per_floor":[86,81,82,82,82,60,60,55,55,36,36,36,31,31,31,0],"gold":272,"neow_bonus":"TWENTY_PERCENT_HP_BONUS","is_prod":false,"is_daily":false,"chose_seed":false,"campfire_upgraded":3,"win_rate":0,"timestamp":1545643906,"path_taken":["M","M","M","?","?","E","R","M","T","?","R","$","E","?","R","BOSS"],"build_version":"2018-12-20","purchased_purges":1,"victory":false,"max_hp_per_floor":[89,89,89,89,89,89,89,89,89,89,89,89,89,89,89,89],"card_choices":[{"not_picked":["Body Slam","Entrench"],"picked":"Pommel Strike","floor":1.0},{"not_picked":["Rupture","Reckless Charge"],"picked":"Iron Wave","floor":2.0},{"not_picked":["Warcry","Sever Soul","Rage"],"picked":"SKIP","floor":3.0},{"not_picked":["Perfected Strike","Barricade"],"picked":"Pommel Strike","floor":6},{"not_picked":["Bloodletting+1","Hemokinesis"],"picked":"Anger","floor":8},{"not_picked":["Evolve","Second Wind+1"],"picked":"Shrug It Off+1","floor":10},{"not_picked":["Hemokinesis","Headbutt"],"picked":"Armaments+1","floor":13}],"player_experience":678165,"relics_obtained":[{"floor":4.0,"key":"Meat on the Bone"},{"floor":6,"key":"Toxic Egg 2"},{"floor":9,"key":"Blue Candle"},{"floor":10,"key":"Anchor"},{"floor":13,"key":"Smiling Mask"}],"event_choices":[{"damage_healed":0,"gold_gain":0,"player_choice":"Ignored","damage_taken":0,"max_hp_gain":0,"max_hp_loss":0,"event_name":"Shining Light","floor":5,"gold_loss":0},{"damage_healed":0,"gold_gain":0,"player_choice":"Searched \u00272\u0027 times","damage_taken":0,"max_hp_gain":0,"max_hp_loss":0,"event_name":"Dead Adventurer","floor":10,"gold_loss":0},{"damage_healed":0,"gold_gain":150,"player_choice":"AGREE","damage_taken":0,"max_hp_gain":0,"max_hp_loss":0,"event_name":"Liars Game","floor":14,"gold_loss":0,"cards_obtained":["Doubt"]}],"is_beta":false,"boss_relics":[],"items_purged_floors":[12],"is_endless":false,"potions_floor_spawned":[8,10],"killed_by":"Hexaghost","ascension_level":18}