{"gold_per_floor":[109,123,123,136,136,170,170,189,189,202,202,214,214,248,248,325,325,344,394,405,455,522,522,540,0,0,19,19,37,37],"floor_reached":30,"playtime":1945,"items_purged":["Pain"],"score":464,"play_id":"60e0fbf8-a481-489d-ae3f-096b15514303","local_time":"20181224095507","is_ascension_mode":true,"campfire_choices":[{"floor":11.0,"key":"REST"},{"floor":13.0,"key":"REST"},{"floor":15.0,"key":"REST"},{"floor":23,"key":"REST"},{"floor":28,"key":"REST"}],"neow_cost":"NONE","seed_source_timestamp":0,"circlet_count":0,"master_deck":["AscendersBane","Defend_G","Defend_G","Defend_G","Defend_G","Defend_G","Strike_G","Strike_G","Strike_G","Strike_G","Strike_G","Survivor","Neutralize","All Out Attack+1","Slice","Slice","Corpse Explosion","Cloak And Dagger","Dagger Spray+1","Well Laid Plans","Predator+1","Glass Knife+1","Caltrops+1","Heel Hook+1","PiercingWail","Backflip","Skewer+1","Sucker Punch+1","Noxious Fumes","Cloak And Dagger"],"special_seed":0,"relics":["Ring of the Snake","Blue Candle","SsserpentHead","Molten Egg 2","Anchor","Black Star","WarpedTongs","Potion Belt","PreservedInsect","Du-Vu Doll"],"potions_floor_usage":[],"damage_taken":[{"damage":0.0,"enemies":"2 Louse","floor":1.0,"turns":3.0},{"damage":1.0,"enemies":"Small Slimes","floor":2.0,"turns":3.0},{"damage":1.0,"enemies":"Cultist","floor":4.0,"turns":4.0},{"damage":27.0,"enemies":"3 Sentries","floor":6.0,"turns":10.0},{"damage":14.0,"enemies":"Large Slime","floor":8.0,"turns":5.0},{"damage":0.0,"enemies":"Lots of Slimes","floor":10.0,"turns":1.0},{"damage":0.0,"enemies":"3 Louse","floor":12.0,"turns":2.0},{"damage":35.0,"enemies":"Lagavulin","floor":14.0,"turns":6.0},{"damage":30.0,"enemies":"Slime Boss","floor":16.0,"turns":9.0},{"damage":24.0,"enemies":"2 Thieves","floor":18.0,"turns":3.0},{"damage":19.0,"enemies":"Spheric Guardian","floor":20.0,"turns":4.0},{"damage":5,"enemies":"Centurion and Healer","floor":22,"turns":5},{"damage":15,"enemies":"3 Cultists","floor":24,"turns":4},{"damage":18,"enemies":"Shelled Parasite and Fungi","floor":27,"turns":5},{"damage":27,"enemies":"Snecko","floor":29,"turns":6},{"damage":12,"enemies":"Snake Plant","floor":30,"turns":2}],"seed_played":"1036847215711304589","potions_obtained":[{"floor":2.0,"key":"Explosive Potion"},{"floor":4.0,"key":"EssenceOfSteel"},{"floor":14.0,"key":"Regen Potion"},{"floor":16.0,"key":"Poison Potion"},{"floor":24,"key":"Poison Potion"},{"floor":27,"key":"Dexterity Potion"},{"floor":29,"key":"Energy Potion"}],"is_trial":false,"path_per_floor":["M","M","?","M","?","E","?","M","T","M","R","M","R","E","R","B",null,"M","?","M","M","?","M","R","M","$","T","M","R","M","M"],"character_chosen":"THE_SILENT","items_purchased":["Potion Belt","PreservedInsect","Skewer+1","Sucker Punch+1"],"campfire_rested":5,"item_purchase_floors":[25,25,25,25],"current_hp_per_floor":[65,64,64,63,63,36,36,22,22,22,43,43,64,29,50,35,63,39,53,34,34,29,50,35,35,35,17,38,11,0],"gold":37,"neow_bonus":"TEN_PERCENT_HP_BONUS","is_prod":false,"is_daily":false,"chose_seed":false,"campfire_upgraded":0,"win_rate":0,"timestamp":1545674107,"path_taken":["M","M","?","M","?","E","?","M","T","M","R","M","R","E","R","BOSS","M","?","M","?","?","R","M","$","T","M","R","M","M"],"build_version":"2018-12-20","purchased_purges":1,"victory":false,"max_hp_per_floor":[72,72,72,72,72,72,72,72,72,72,72,72,72,72,72,72,72,72,72,72,72,72,72,72,72,72,72,72,72,72],"card_choices":[{"not_picked":["Backflip","Terror"],"picked":"All Out Attack","floor":1.0},{"not_picked":["Dagger Spray","Setup"],"picked":"Slice","floor":2.0},{"not_picked":["Acrobatics","Dodge and Roll"],"picked":"Slice","floor":4.0},{"not_picked":["Catalyst","Finisher"],"picked":"Corpse Explosion","floor":6.0},{"not_picked":["Blur","Finisher"],"picked":"Cloak And Dagger","floor":8.0},{"not_picked":["Riddle With Holes+1","Catalyst"],"picked":"Dagger Spray+1","floor":10.0},{"not_picked":["Catalyst","Choke+1"],"picked":"Well Laid Plans","floor":12.0},{"not_picked":["Distraction","Masterful Stab+1"],"picked":"Predator+1","floor":14.0},{"not_picked":["Die Die Die+1","Wraith Form v2"],"picked":"Glass Knife+1","floor":16.0},{"not_picked":["Terror","Dodge and Roll"],"picked":"Caltrops+1","floor":18.0},{"not_picked":["Blade Dance+1","Deadly Poison"],"picked":"Heel Hook+1","floor":20},{"not_picked":["Cloak And Dagger","Bane+1"],"picked":"PiercingWail","floor":22},{"not_picked":["Underhanded Strike+1","Flying Knee+1"],"picked":"Backflip","floor":24},{"not_picked":["Sucker Punch+1","Acrobatics"],"picked":"Noxious Fumes","floor":27},{"not_picked":["Flechettes+1","Well Laid Plans"],"picked":"Cloak And Dagger","floor":29}],"player_experience":681933,"relics_obtained":[{"floor":6.0,"key":"Blue Candle"},{"floor":9.0,"key":"Molten Egg 2"},{"floor":14.0,"key":"Anchor"},{"floor":26,"key":"Du-Vu Doll"}],"event_choices":[{"damage_healed":0.0,"max_hp_gain":0.0,"max_hp_loss":0.0,"gold_gain":0.0,"event_name":"Shining Light","player_choice":"Ignored","floor":3.0,"gold_loss":0.0,"damage_taken":0.0},{"damage_healed":0.0,"max_hp_gain":0.0,"max_hp_loss":0.0,"gold_gain":0.0,"event_name":"Living Wall","player_choice":"Grow","floor":5.0,"gold_loss":0.0,"damage_taken":0.0,"cards_upgraded":["All Out Attack"]},{"damage_healed":0.0,"max_hp_gain":0.0,"max_hp_loss":0.0,"gold_gain":0.0,"event_name":"FaceTrader","player_choice":"Trade","floor":7.0,"gold_loss":0.0,"damage_taken":0.0,"relics_obtained":["SsserpentHead"]},{"damage_healed":14.0,"max_hp_gain":0.0,"max_hp_loss":0.0,"gold_gain":0.0,"event_name":"The Library","player_choice":"Heal","floor":19.0,"gold_loss":0.0,"damage_taken":0.0},{"damage_healed":0,"gold_gain":0,"player_choice":"Rummage","damage_taken":0,"relics_obtained":["WarpedTongs"],"max_hp_gain":0,"max_hp_loss":0,"event_name":"Accursed Blacksmith","floor":21,"gold_loss":0,"cards_obtained":["Pain"]}],"is_beta":false,"boss_relics":[{"not_picked":["Empty Cage","HoveringKite"],"picked":"Black Star"}],"items_purged_floors":[25],"is_endless":false,"potions_floor_spawned":[2,4,14,16,24,27,29],"killed_by":"Snake Plant","ascension_level":18}