{"gold_per_floor":[119,119,137,312,331,331,364,378,378,378,411,426,461,32,32,108,108,120,120,120,138,13,13,38,38,91,107,120,146,164,184,184,184],"floor_reached":33,"playtime":2551,"items_purged":["Doubt"],"score":607,"play_id":"a312eb74-14bc-4b81-ad93-8d1320397977","local_time":"20180819220828","is_ascension_mode":true,"campfire_choices":[{"data":"Melter","floor":6,"key":"SMITH"},{"data":"Buffer","floor":10,"key":"SMITH"},{"floor":15,"key":"REST"},{"floor":23,"key":"DIG"},{"data":"Loop","floor":25,"key":"SMITH"},{"floor":32,"key":"DIG"}],"neow_cost":"NONE","seed_source_timestamp":229602193521701,"circlet_count":0,"master_deck":["Strike_B","Defend_B","Defend_B","Defend_B","Defend_B","Zap","Dualcast","AscendersBane","Melter+1","Capacitor","Ball Lightning","Buffer+1","Conserve Battery","Sweeping Beam","Ball Lightning","Sunder","Self Repair","Go for the Eyes","Fission","Defragment+1","Reinforced Body+1","Streamline+1","Defragment","BootSequence","Leap","Loop+1","Self Repair+1","Conserve Battery","Steam","Reinforced Body+1","Stack"],"relics":["Cracked Core","NeowsBlessing","Unceasing Top","Shovel","Torii","Art of War","Question Card","Kunai","Astrolabe","Oddly Smooth Stone","Blue Candle","Happy Flower","Ancient Tea Set","Potion Belt"],"potions_floor_usage":[7,13,13,16,21,24,24,30,33],"damage_taken":[{"damage":0,"enemies":"Cultist","floor":1,"turns":1},{"damage":0,"enemies":"2 Louse","floor":3,"turns":1},{"damage":0,"enemies":"Small Slimes","floor":5,"turns":1},{"damage":18,"enemies":"Lagavulin","floor":7,"turns":6},{"damage":12,"enemies":"Looter","floor":8,"turns":3},{"damage":22,"enemies":"3 Sentries","floor":11,"turns":7},{"damage":1,"enemies":"Red Slaver","floor":12,"turns":4},{"damage":0,"enemies":"Gremlin Nob","floor":13,"turns":3},{"damage":24,"enemies":"Slime Boss","floor":16,"turns":12},{"damage":13,"enemies":"2 Thieves","floor":18,"turns":4},{"damage":1,"enemies":"Chosen","floor":21,"turns":4},{"damage":0,"enemies":"Gremlin Leader","floor":24,"turns":5},{"damage":13,"enemies":"Centurion and Healer","floor":27,"turns":8},{"damage":7,"enemies":"Cultist and Chosen","floor":28,"turns":6},{"damage":54,"enemies":"Book of Stabbing","floor":29,"turns":6},{"damage":10,"enemies":"Snecko","floor":30,"turns":6},{"damage":0,"enemies":"Centurion and Healer","floor":31,"turns":7},{"damage":69,"enemies":"Automaton","floor":33,"turns":10}],"seed_played":"-6280135067513287742","potions_obtained":[{"floor":1,"key":"EssenceOfSteel"},{"floor":7,"key":"FocusPotion"},{"floor":8,"key":"AttackPotion"},{"floor":16,"key":"Regen Potion"},{"floor":18,"key":"Explosive Potion"},{"floor":29,"key":"SkillPotion"},{"floor":30,"key":"Explosive Potion"},{"floor":31,"key":"SmokeBomb"}],"is_trial":false,"path_per_floor":["M","?","M","?","M","R","E","M","T","R","E","M","E","$","R","B",null,"M","?","?","M","$","R","E","R","T","M","M","E","M","M","R"],"character_chosen":"DEFECT","items_purchased":["Kunai","Self Repair","Go for the Eyes","Explosive Potion","PowerPotion"],"campfire_rested":1,"item_purchase_floors":[14,14,14,14,22],"current_hp_per_floor":[64,61,61,61,61,61,43,31,31,31,9,8,8,8,29,12,56,50,50,50,61,61,61,68,68,68,62,71,34,41,58,58,0],"gold":184,"neow_bonus":"THREE_ENEMY_KILL","is_prod":false,"is_daily":false,"chose_seed":false,"campfire_upgraded":3,"win_rate":0,"timestamp":1534741708,"path_taken":["M","?","?","?","?","R","E","M","T","R","E","M","E","$","R","BOSS","M","?","?","M","$","R","E","R","T","M","M","E","M","M","R","BOSS"],"build_version":"2018-08-16","purchased_purges":1,"victory":false,"max_hp_per_floor":[71,71,71,71,71,71,71,71,71,71,71,71,71,71,71,71,71,71,71,71,71,71,71,71,71,71,71,71,71,71,71,71,71],"card_choices":[{"not_picked":["Double Energy","Rebound"],"picked":"Melter","floor":1},{"not_picked":["Aggregate","Go for the Eyes"],"picked":"Capacitor","floor":3},{"not_picked":["Leap","Cold Snap"],"picked":"Ball Lightning","floor":5},{"not_picked":["Double Energy","Compile Driver"],"picked":"Buffer","floor":7},{"not_picked":["Beam Cell","Steam"],"picked":"Conserve Battery","floor":8},{"not_picked":["Turbo","Streamline"],"picked":"Sweeping Beam","floor":11},{"not_picked":["Barrage","Coolheaded"],"picked":"Ball Lightning","floor":12},{"not_picked":["Cold Snap","Blizzard"],"picked":"Sunder","floor":13},{"not_picked":["Core Surge","Thunder Strike","Hyperbeam"],"picked":"Fission","floor":16},{"not_picked":["BootSequence","Rebound","Fusion"],"picked":"Defragment","floor":18},{"not_picked":["Barrage","Redo","Compile Driver"],"picked":"Leap","floor":21},{"not_picked":["Buffer","Lockon","Conserve Battery"],"picked":"Loop","floor":24},{"not_picked":["Beam Cell","Gash","Compile Driver"],"picked":"Self Repair+1","floor":27},{"not_picked":["Barrage","Hologram","Leap"],"picked":"Conserve Battery","floor":28},{"not_picked":["Cold Snap","Genetic Algorithm","Go for the Eyes"],"picked":"Steam","floor":29},{"not_picked":["Recycle","Multi-Cast","Auto Shields"],"picked":"Reinforced Body+1","floor":30},{"not_picked":["Redo","Skim","Blizzard+1"],"picked":"Stack","floor":31}],"player_experience":531792,"relics_obtained":[{"floor":7,"key":"Shovel"},{"floor":9,"key":"Torii"},{"floor":11,"key":"Art of War"},{"floor":13,"key":"Question Card"},{"floor":23,"key":"Oddly Smooth Stone"},{"floor":24,"key":"Blue Candle"},{"floor":26,"key":"Happy Flower"},{"floor":29,"key":"Ancient Tea Set"},{"floor":32,"key":"Potion Belt"}],"event_choices":[{"event_name":"Scrap Ooze","player_choice":"success","floor":2,"damage_taken":3},{"event_name":"Liars Game","player_choice":"agreed","floor":4,"damage_taken":0},{"event_name":"The Library","player_choice":"Read","floor":19,"damage_taken":0},{"event_name":"Ghosts","player_choice":"Ignored","floor":20,"damage_taken":0}],"is_beta":false,"boss_relics":[{"not_picked":["Lizard Tail","Ectoplasm"],"picked":"Astrolabe"}],"items_purged_floors":[22],"is_endless":false,"potions_floor_spawned":[1,7,8,16,18,29,30,31],"killed_by":"Automaton","ascension_level":14}