{"gold_per_floor":[115,16,33,46,61,95,95,130,154,154],"floor_reached":10,"playtime":484,"items_purged":[],"score":133,"play_id":"a839ac48-aa33-4bf8-a860-8650e95736ac","local_time":"20180819230856","is_ascension_mode":true,"campfire_choices":[{"data":"Doom and Gloom","floor":7,"key":"SMITH"}],"neow_cost":"","seed_source_timestamp":235300362154918,"circlet_count":0,"master_deck":["Strike_B","Strike_B","Strike_B","Strike_B","Defend_B","Defend_B","Defend_B","Defend_B","Zap","Dualcast","AscendersBane","Defragment","Bandage Up","Cold Snap","Doom and Gloom+1","FTL","Rainbow","Cold Snap"],"relics":["Cracked Core","Blood Vial","Happy Flower","Juzu Bracelet"],"potions_floor_usage":[8,10],"damage_taken":[{"damage":1,"enemies":"Cultist","floor":1,"turns":3},{"damage":2,"enemies":"2 Louse","floor":3,"turns":3},{"damage":2,"enemies":"Jaw Worm","floor":4,"turns":3},{"damage":15,"enemies":"Lots of Slimes","floor":5,"turns":3},{"damage":25,"enemies":"3 Sentries","floor":6,"turns":5},{"damage":26,"enemies":"Gremlin Nob","floor":8,"turns":4},{"damage":19,"enemies":"3 Sentries","floor":10,"turns":2}],"seed_played":"120057452620856839","potions_obtained":[{"floor":1,"key":"Strength Potion"},{"floor":3,"key":"GamblersBrew"},{"floor":6,"key":"Ancient Potion"},{"floor":8,"key":"Energy Potion"}],"is_trial":false,"path_per_floor":["M","$","M","M","M","E","R","E","T"],"character_chosen":"DEFECT","items_purchased":["Bandage Up"],"campfire_rested":0,"item_purchase_floors":[2],"current_hp_per_floor":[63,63,65,67,56,35,35,15,15,0],"gold":154,"neow_bonus":"","is_prod":false,"is_daily":false,"chose_seed":false,"campfire_upgraded":1,"win_rate":0,"timestamp":1534745336,"path_taken":["M","$","?","M","M","E","R","E","T","E"],"build_version":"2018-08-16","purchased_purges":0,"victory":false,"max_hp_per_floor":[71,71,71,71,71,71,71,71,71,71],"card_choices":[{"not_picked":["Hello World","Leap"],"picked":"Defragment","floor":1},{"not_picked":["Redo","Hologram"],"picked":"Cold Snap","floor":3},{"not_picked":["Streamline","Hologram"],"picked":"Doom and Gloom","floor":4},{"not_picked":["Chill","Streamline"],"picked":"FTL","floor":5},{"not_picked":["Force Field","Go for the Eyes"],"picked":"Rainbow","floor":6},{"not_picked":["Recycle","Coolheaded"],"picked":"Cold Snap","floor":8}],"player_experience":537114,"relics_obtained":[{"floor":6,"key":"Blood Vial"},{"floor":8,"key":"Happy Flower"},{"floor":9,"key":"Juzu Bracelet"}],"event_choices":[],"is_beta":false,"boss_relics":[],"items_purged_floors":[],"is_endless":false,"potions_floor_spawned":[1,3,6,8],"killed_by":"3 Sentries","ascension_level":14}