{"gold_per_floor":[111,111,111,121,121,121,138,168,168,185,214,226,226,226,226,226],"floor_reached":16,"playtime":2094,"items_purged":[],"score":204,"play_id":"72b54da4-3663-4d17-b6a9-ec9661a57597","local_time":"20190408202857","is_ascension_mode":true,"campfire_choices":[{"data":"Zap","floor":6,"key":"SMITH"},{"floor":13,"key":"REST"},{"data":"Loop","floor":15,"key":"SMITH"}],"neow_cost":"NONE","seed_source_timestamp":0,"circlet_count":0,"master_deck":["AscendersBane","Strike_B","Strike_B","Strike_B","Strike_B","Defend_B","Defend_B","Defend_B","Defend_B","Zap+1","Dualcast","Coolheaded+1","Ball Lightning","Loop+1","Cold Snap","Capacitor"],"special_seed":0,"relics":["Cracked Core","NeowsBlessing","Omamori","The Courier","Molten Egg 2"],"potions_floor_usage":[11,16,16],"damage_taken":[{"damage":0.0,"enemies":"2 Louse","floor":1.0,"turns":1.0},{"damage":0.0,"enemies":"Small Slimes","floor":4.0,"turns":1.0},{"damage":0,"enemies":"Jaw Worm","floor":7,"turns":1},{"damage":26,"enemies":"Lagavulin","floor":8,"turns":6},{"damage":9,"enemies":"Blue Slaver","floor":10,"turns":4},{"damage":18,"enemies":"Gremlin Nob","floor":11,"turns":4},{"damage":9,"enemies":"2 Fungi Beasts","floor":12,"turns":4},{"damage":30,"enemies":"Hexaghost","floor":16,"turns":10}],"seed_played":"-3486292398216542387","potions_obtained":[{"floor":4.0,"key":"Energy Potion"},{"floor":7,"key":"Swift Potion"},{"floor":12,"key":"Swift Potion"}],"is_trial":false,"path_per_floor":["M","?","?","M","T","R","M","E","T","M","E","M","R","?","R","B"],"character_chosen":"DEFECT","items_purchased":[],"campfire_rested":1,"item_purchase_floors":[],"current_hp_per_floor":[64,69,69,69,69,69,69,43,43,34,16,7,29,29,29,0],"gold":226,"neow_bonus":"THREE_ENEMY_KILL","is_prod":false,"is_daily":false,"chose_seed":false,"campfire_upgraded":2,"win_rate":0,"timestamp":1554780537,"path_taken":["M","?","?","M","?","R","M","E","T","M","E","?","R","?","R","BOSS"],"build_version":"2019-01-23","purchased_purges":0,"victory":false,"max_hp_per_floor":[71,76,76,76,76,76,76,76,76,76,76,76,76,76,76,76],"card_choices":[{"not_picked":["FTL","Stack"],"picked":"Coolheaded","floor":1.0},{"not_picked":["Steam","Rebound","Stack"],"picked":"SKIP","floor":4.0},{"not_picked":["Rebound","Go for the Eyes"],"picked":"Ball Lightning","floor":7},{"not_picked":["All For One","Beam Cell"],"picked":"Loop","floor":8},{"not_picked":["Barrage","Coolheaded"],"picked":"Cold Snap","floor":10},{"not_picked":["Barrage","Leap"],"picked":"Capacitor","floor":11},{"not_picked":["Leap","BootSequence","Aggregate"],"picked":"SKIP","floor":12}],"player_experience":495872,"relics_obtained":[{"floor":8,"key":"Omamori"},{"floor":9,"key":"The Courier"},{"floor":11,"key":"Molten Egg 2"}],"event_choices":[{"damage_healed":0.0,"max_hp_gain":5.0,"max_hp_loss":0.0,"gold_gain":0.0,"event_name":"Big Fish","player_choice":"Donut","floor":2.0,"gold_loss":0.0,"damage_taken":0.0},{"damage_healed":0.0,"max_hp_gain":0.0,"max_hp_loss":0.0,"gold_gain":0.0,"event_name":"Living Wall","player_choice":"Grow","floor":3.0,"gold_loss":0.0,"damage_taken":0.0,"cards_upgraded":["Coolheaded"]},{"damage_healed":0,"gold_gain":0,"player_choice":"Ignored","damage_taken":0,"max_hp_gain":0,"max_hp_loss":0,"event_name":"Shining Light","floor":14,"gold_loss":0}],"is_beta":false,"boss_relics":[],"items_purged_floors":[],"is_endless":false,"potions_floor_spawned":[4,7,12],"killed_by":"Hexaghost","ascension_level":17}