{"gold_per_floor":[113,133,133,133,16,16,52,65,65,16,36,71,71,91,91,180,180,194,194,213,213,223,223,238,255,255,274,274,287,139,170,170,170],"floor_reached":33,"playtime":2661,"items_purged":["Strike_R"],"score":502,"play_id":"60ea1616-f164-4ab7-8869-4082286c8211","local_time":"20190403164440","is_ascension_mode":true,"campfire_choices":[{"data":"Bash","floor":6,"key":"SMITH"},{"data":"Rupture","floor":13,"key":"SMITH"},{"data":"Evolve","floor":15,"key":"SMITH"},{"floor":23,"key":"REST"},{"floor":28,"key":"REST"},{"floor":32,"key":"REST"}],"neow_cost":"NONE","seed_source_timestamp":154018757457203,"circlet_count":0,"master_deck":["AscendersBane","Strike_R","Strike_R","Defend_R","Defend_R","Defend_R","Defend_R","Bash+1","Offering","Pommel Strike","Spot Weakness","Rupture+1","Cleave","Headbutt","Shrug It Off","Evolve+1","Brutality","Shrug It Off","Demon Form","Iron Wave","Power Through","Sword Boomerang","Feel No Pain","Fiend Fire"],"relics":["Burning Blood","Bloody Idol","Mango","FossilizedHelix","Oddly Smooth Stone","Fusion Hammer","Singing Bowl","Gremlin Horn"],"potions_floor_usage":[12,33,33],"damage_taken":[{"damage":8,"enemies":"Jaw Worm","floor":1,"turns":5},{"damage":7,"enemies":"Small Slimes","floor":2,"turns":3},{"damage":31,"enemies":"Lagavulin","floor":7,"turns":7},{"damage":6,"enemies":"Cultist","floor":8,"turns":4},{"damage":6,"enemies":"Red Slaver","floor":11,"turns":2},{"damage":6,"enemies":"Gremlin Nob","floor":12,"turns":3},{"damage":13,"enemies":"Exordium Thugs","floor":14,"turns":3},{"damage":11,"enemies":"Slime Boss","floor":16,"turns":7},{"damage":16,"enemies":"Shell Parasite","floor":18,"turns":6},{"damage":0,"enemies":"Chosen","floor":20,"turns":4},{"damage":18,"enemies":"Snecko","floor":22,"turns":5},{"damage":19,"enemies":"3 Cultists","floor":24,"turns":4},{"damage":17,"enemies":"Centurion and Healer","floor":25,"turns":5},{"damage":40,"enemies":"Snake Plant","floor":27,"turns":5},{"damage":16,"enemies":"Sentry and Sphere","floor":29,"turns":4},{"damage":61,"enemies":"Slavers","floor":31,"turns":6},{"damage":65,"enemies":"Collector","floor":33,"turns":6}],"seed_played":"3291479724377864379","potions_obtained":[{"floor":1,"key":"BloodPotion"},{"floor":8,"key":"SkillPotion"},{"floor":11,"key":"Explosive Potion"},{"floor":16,"key":"Weak Potion"},{"floor":20,"key":"Block Potion"}],"is_trial":false,"path_per_floor":["M","M","?","?","$","R","E","M","T","$","M","E","R","M","R","B",null,"M","?","M","?","M","R","M","M","T","M","R","M","$","E","R","B"],"character_chosen":"IRONCLAD","items_purchased":["Rupture","Cleave","Shrug It Off","Feel No Pain"],"campfire_rested":3,"item_purchase_floors":[5,5,10,30],"current_hp_per_floor":[70,69,69,62,62,62,51,51,51,51,51,51,51,44,44,39,76,66,66,77,69,62,88,80,74,74,47,74,71,71,21,48,0],"gold":170,"neow_bonus":"TRANSFORM_CARD","is_prod":false,"is_daily":false,"chose_seed":false,"campfire_upgraded":3,"win_rate":0,"timestamp":1554324280,"path_taken":["M","M","?","?","?","R","E","?","T","?","M","E","R","M","R","BOSS","M","?","M","?","M","R","M","M","T","?","R","M","$","E","R","BOSS"],"build_version":"2019-01-23","purchased_purges":1,"victory":false,"max_hp_per_floor":[80,80,74,74,74,74,88,88,88,88,88,88,88,88,88,88,88,88,88,88,88,88,88,88,88,88,90,90,92,92,92,92,92],"card_choices":[{"not_picked":["Power Through","Uppercut"],"picked":"Pommel Strike","floor":1},{"not_picked":["Infernal Blade","Entrench"],"picked":"Spot Weakness","floor":2},{"not_picked":["Wild Strike","Fire Breathing"],"picked":"Headbutt","floor":7},{"not_picked":["Body Slam","Clothesline","Intimidate"],"picked":"SKIP","floor":8},{"not_picked":["True Grit","Blood for Blood"],"picked":"Evolve","floor":11},{"not_picked":["Havoc","Second Wind"],"picked":"Brutality","floor":12},{"not_picked":["Sentinel","Inflame"],"picked":"Shrug It Off","floor":14},{"not_picked":["Offering","Exhume"],"picked":"Demon Form","floor":16},{"not_picked":["Wild Strike","Shrug It Off"],"picked":"Iron Wave","floor":18},{"not_picked":["Rage","Clothesline+1","Wild Strike+1"],"picked":"SKIP","floor":20},{"not_picked":["Body Slam","Sever Soul","Havoc"],"picked":"SKIP","floor":22},{"not_picked":["Bloodletting","Heavy Blade"],"picked":"Power Through","floor":24},{"not_picked":["Shrug It Off+1","Pommel Strike"],"picked":"Sword Boomerang","floor":25},{"not_picked":["Pommel Strike","Wild Strike","Shockwave"],"picked":"Singing Bowl","floor":27},{"not_picked":["Warcry","Thunderclap","Seeing Red"],"picked":"Singing Bowl","floor":29},{"not_picked":["Feed","Body Slam"],"picked":"Fiend Fire","floor":31}],"player_experience":2058591,"relics_obtained":[{"floor":7,"key":"Mango"},{"floor":9,"key":"FossilizedHelix"},{"floor":12,"key":"Oddly Smooth Stone"},{"floor":26,"key":"Singing Bowl"},{"floor":31,"key":"Gremlin Horn"}],"event_choices":[{"damage_healed":0,"gold_gain":0,"player_choice":"Lose Max HP","damage_taken":0,"relics_obtained":["Golden Idol"],"max_hp_gain":0,"max_hp_loss":6,"event_name":"Golden Idol","floor":3,"gold_loss":0},{"cards_removed":["Strike_R"],"damage_healed":0,"gold_gain":0,"player_choice":"Card Removal","damage_taken":7,"max_hp_gain":0,"max_hp_loss":0,"event_name":"Golden Wing","floor":4,"gold_loss":0},{"damage_healed":0,"gold_gain":0,"player_choice":"Gave Idol","damage_taken":0,"relics_obtained":["Bloody Idol"],"max_hp_gain":0,"max_hp_loss":0,"event_name":"Forgotten Altar","floor":19,"relics_lost":["Golden Idol"],"gold_loss":0},{"damage_healed":0,"gold_gain":0,"player_choice":"","damage_taken":8,"max_hp_gain":0,"max_hp_loss":0,"event_name":"Knowing Skull","floor":21,"potions_obtained":[],"gold_loss":0,"cards_obtained":[]}],"is_beta":false,"boss_relics":[{"not_picked":["Busted Crown","Black Blood"],"picked":"Fusion Hammer"}],"items_purged_floors":[30],"is_endless":false,"potions_floor_spawned":[1,8,11,16,20,25],"killed_by":"Collector","ascension_level":13}