{"gold_per_floor":[119,119,119,119,138,168,182,22,45,72,91,109,120,131,131,228,228,248,268,67,67,67,67,67],"floor_reached":24,"playtime":1259,"items_purged":[],"score":268,"play_id":"d291617b-75c1-4d78-9551-0c9f9738a1b5","local_time":"20180808075846","is_ascension_mode":true,"campfire_choices":[{"floor":15,"key":"REST"},{"floor":23,"key":"REST"}],"neow_cost":"NONE","seed_source_timestamp":288667003686471,"circlet_count":0,"master_deck":["Defend_G+1","Defend_G+1","Defend_G+1","Defend_G+1","Defend_G+1","Strike_G+1","Strike_G+1","Strike_G+1","Strike_G+1","Strike_G+1","Neutralize","Finisher+1","Cloak And Dagger","Finisher","Calculated Gamble","Caltrops","Madness","Blade Dance","Tactician","Infinite Blades","Infinite Blades","Cloak And Dagger","Unload","Terror","Cloak And Dagger","Infinite Blades","Backstab","Swift Strike","Decay"],"relics":["Ring of the Snake","NeowsBlessing","Pen Nib","Blood Vial","Potion Belt","Pear","Fusion Hammer"],"potions_floor_usage":[10,10,14,14],"damage_taken":[{"damage":0,"enemies":"Small Slimes","floor":1,"turns":1},{"damage":0,"enemies":"Jaw Worm","floor":5,"turns":1},{"damage":0,"enemies":"Lagavulin","floor":6,"turns":1},{"damage":0,"enemies":"Cultist","floor":7,"turns":2},{"damage":11,"enemies":"3 Sentries","floor":10,"turns":6},{"damage":23,"enemies":"Exordium Wildlife","floor":11,"turns":4},{"damage":23,"enemies":"Gremlin Gang","floor":12,"turns":4},{"damage":17,"enemies":"Red Slaver","floor":13,"turns":3},{"damage":9,"enemies":"2 Fungi Beasts","floor":14,"turns":2},{"damage":18,"enemies":"Slime Boss","floor":16,"turns":7},{"damage":27,"enemies":"Spheric Guardian","floor":18,"turns":5},{"damage":12,"enemies":"Shell Parasite","floor":19,"turns":3},{"damage":71,"enemies":"Gremlin Leader","floor":24,"turns":5}],"seed_played":"-7805598606685422397","potions_obtained":[{"floor":5,"key":"Fire Potion"},{"floor":6,"key":"Energy Potion"},{"floor":11,"key":"EssenceOfSteel"},{"floor":12,"key":"Dexterity Potion"},{"floor":16,"key":"SpeedPotion"}],"is_trial":false,"path_per_floor":["M","?","?","?","M","E","M","$","T","E","M","M","M","M","R","B",null,"M","M","$","?","?","R"],"character_chosen":"THE_SILENT","items_purchased":["Caltrops","Madness","Infinite Blades","Backstab","Swift Strike"],"campfire_rested":2,"item_purchase_floors":[8,8,20,20,20],"current_hp_per_floor":[70,63,63,63,63,63,65,65,65,66,45,24,9,2,26,10,80,53,43,43,43,43,67,0],"gold":67,"neow_bonus":"THREE_ENEMY_KILL","is_prod":false,"is_daily":false,"chose_seed":false,"campfire_upgraded":0,"win_rate":0,"timestamp":1533733126,"path_taken":["M","?","?","?","M","E","M","?","T","E","M","M","M","?","R","BOSS","M","?","$","?","?","R","E"],"build_version":"2018-08-02","purchased_purges":0,"victory":false,"max_hp_per_floor":[70,70,70,70,70,70,70,70,70,80,80,80,80,80,80,80,80,80,80,80,80,80,80,80],"card_choices":[{"not_picked":["Dagger Throw","Expertise"],"picked":"Finisher","floor":1},{"not_picked":["Eviscerate","Quick Slash"],"picked":"Cloak And Dagger","floor":5},{"not_picked":["PiercingWail","Glass Knife"],"picked":"Finisher","floor":6},{"not_picked":["Dagger Spray","Backflip"],"picked":"Calculated Gamble","floor":7},{"not_picked":["Flechettes","Skewer"],"picked":"Blade Dance","floor":10},{"not_picked":["Sucker Punch","Expertise"],"picked":"Tactician","floor":11},{"not_picked":["Acrobatics","Poisoned Stab"],"picked":"Infinite Blades","floor":12},{"not_picked":["Adrenaline","Deadly Poison"],"picked":"Infinite Blades","floor":13},{"not_picked":["Heel Hook","Backflip"],"picked":"Cloak And Dagger","floor":14},{"not_picked":["Tools of the Trade","Die Die Die"],"picked":"Unload","floor":16},{"not_picked":["Bane","Dagger Throw"],"picked":"Terror","floor":18},{"not_picked":["Choke+1","Finisher"],"picked":"Cloak And Dagger","floor":19}],"player_experience":216937,"relics_obtained":[{"floor":6,"key":"Blood Vial"},{"floor":9,"key":"Potion Belt"},{"floor":10,"key":"Pear"}],"event_choices":[{"event_name":"Golden Wing","player_choice":"Card Removal","floor":2,"damage_taken":0},{"event_name":"Wheel of Change","player_choice":"Relic","floor":3,"damage_taken":0},{"event_name":"Living Wall","player_choice":"Grow","floor":4,"damage_taken":0},{"event_name":"Forgotten Altar","player_choice":"Smashed Altar","floor":21,"damage_taken":0},{"event_name":"Back to Basics","player_choice":"Simplicity","floor":22,"damage_taken":0}],"is_beta":false,"boss_relics":[{"not_picked":["Ring of the Serpent","Tiny House"],"picked":"Fusion Hammer"}],"items_purged_floors":[],"is_endless":false,"potions_floor_spawned":[5,6,11,12,16],"killed_by":"Gremlin Leader","ascension_level":3}