{"gold_per_floor":[111,28,203,203,173,205,215,73,98,135,161,173,216,244,256,363,375,405,31,49,68,68,96,96,131,185,24,24,41,66,66,66,66],"floor_reached":33,"playtime":2124,"items_purged":[],"score":458,"play_id":"c904c24f-dd6f-4b18-a080-598eb0f2ae4f","local_time":"20190206224446","is_ascension_mode":true,"campfire_choices":[{"floor":15,"key":"REST"},{"floor":24,"key":"REST"},{"floor":28,"key":"REST"},{"floor":32,"key":"REST"}],"neow_cost":"NONE","seed_source_timestamp":728609530646252,"circlet_count":0,"master_deck":["Defend_G","Defend_G","Defend_G","Defend_G","Defend_G+1","Strike_G","Strike_G","Strike_G","Strike_G","Strike_G","Survivor","Neutralize","Finisher","Blade Dance","Finisher","Doubt","Cloak And Dagger+1","Quick Slash","Unload","After Image","Dagger Spray","Parasite","Expertise","Quick Slash","A Thousand Cuts","Accuracy","Die Die Die","Dramatic Entrance","Prepared+1","Cloak And Dagger","After Image","Acrobatics","After Image","Accuracy","Finisher","Blade Dance","All Out Attack"],"relics":["Fusion Hammer","Anchor","Pocketwatch","MawBank","Art of War","Pear","Runic Dome","Lantern","War Paint","Happy Flower","Bag of Preparation","Snake Skull"],"potions_floor_usage":[13,16,16,25],"damage_taken":[{"damage":0,"enemies":"Jaw Worm","floor":1,"turns":5},{"damage":20,"enemies":"3 Sentries","floor":6,"turns":10},{"damage":0,"enemies":"2 Louse","floor":7,"turns":3},{"damage":0,"enemies":"Gremlin Nob","floor":10,"turns":3},{"damage":0,"enemies":"Small Slimes","floor":11,"turns":2},{"damage":10,"enemies":"3 Sentries","floor":13,"turns":7},{"damage":9,"enemies":"Exordium Thugs","floor":14,"turns":4},{"damage":33,"enemies":"Hexaghost","floor":16,"turns":15},{"damage":3,"enemies":"3 Byrds","floor":18,"turns":5},{"damage":15,"enemies":"Spheric Guardian","floor":20,"turns":4},{"damage":6,"enemies":"3 Cultists","floor":21,"turns":3},{"damage":27,"enemies":"Gremlin Leader","floor":23,"turns":5},{"damage":33,"enemies":"Book of Stabbing","floor":25,"turns":6},{"damage":7,"enemies":"Centurion and Healer","floor":29,"turns":4},{"damage":14,"enemies":"Slavers","floor":30,"turns":2},{"damage":53,"enemies":"Champ","floor":33,"turns":7}],"seed_played":"5059403146220683447","potions_obtained":[{"floor":1,"key":"LiquidBronze"},{"floor":5,"key":"Strength Potion"},{"floor":5,"key":"FearPotion"},{"floor":11,"key":"Block Potion"},{"floor":13,"key":"PowerPotion"},{"floor":16,"key":"Poison Potion"},{"floor":20,"key":"Poison Potion"},{"floor":21,"key":"PowerPotion"},{"floor":23,"key":"Energy Potion"},{"floor":29,"key":"SteroidPotion"}],"is_trial":false,"path_per_floor":["M","$","?","?","?","E","M","$","T","E","M","?","E","M","R","B",null,"M","$","M","M","?","E","R","E","T","$","R","M","E","?","R","B"],"character_chosen":"THE_SILENT","items_purchased":["Blade Dance","Finisher","Unload","Die Die Die","Dramatic Entrance","Lantern","Accuracy","Finisher"],"campfire_rested":4,"item_purchase_floors":[2,2,8,19,19,19,27,27],"current_hp_per_floor":[70,70,70,67,67,47,47,47,47,47,47,64,64,55,79,46,72,69,69,54,48,48,21,45,12,12,12,36,29,15,15,39,0],"gold":66,"neow_bonus":"BOSS_RELIC","is_prod":false,"is_daily":false,"chose_seed":false,"campfire_upgraded":0,"win_rate":0,"timestamp":1549514686,"path_taken":["M","$","?","?","?","E","?","$","T","E","M","?","E","M","R","BOSS","M","$","M","M","?","E","R","E","T","$","R","?","E","?","R","BOSS"],"build_version":"2019-01-23","purchased_purges":0,"victory":false,"max_hp_per_floor":[70,70,70,70,70,70,70,70,70,70,70,70,80,80,80,80,80,80,80,80,80,80,80,80,80,80,80,80,80,80,80,80,80],"card_choices":[{"not_picked":["Noxious Fumes","Footwork"],"picked":"Finisher","floor":1},{"not_picked":["Tactician","Blade Dance"],"picked":"Cloak And Dagger","floor":6},{"not_picked":["Dodge and Roll","Deadly Poison"],"picked":"Quick Slash","floor":7},{"not_picked":["Doppelganger","Dagger Throw"],"picked":"After Image","floor":10},{"not_picked":["Crippling Poison","Tactician"],"picked":"Dagger Spray","floor":11},{"not_picked":["Venomology","Bane"],"picked":"Expertise","floor":13},{"not_picked":["Reflex","Noxious Fumes"],"picked":"Quick Slash","floor":14},{"not_picked":["Corpse Explosion","Bullet Time"],"picked":"A Thousand Cuts","floor":16},{"not_picked":["Sucker Punch","PiercingWail+1"],"picked":"Accuracy","floor":18},{"not_picked":["Dodge and Roll","Underhanded Strike"],"picked":"Prepared+1","floor":20},{"not_picked":["Dagger Spray+1","Blur+1"],"picked":"Cloak And Dagger","floor":21},{"not_picked":["Flying Knee+1","Deflect"],"picked":"Acrobatics","floor":23},{"not_picked":["Choke","Calculated Gamble"],"picked":"After Image","floor":25},{"not_picked":["Finisher+1","Setup"],"picked":"Blade Dance","floor":29},{"not_picked":["Endless Agony","Poisoned Stab+1"],"picked":"All Out Attack","floor":30}],"player_experience":756282,"relics_obtained":[{"floor":6,"key":"Pocketwatch"},{"floor":9,"key":"MawBank"},{"floor":10,"key":"Art of War"},{"floor":13,"key":"Pear"},{"floor":23,"key":"War Paint"},{"floor":25,"key":"Happy Flower"},{"floor":26,"key":"Bag of Preparation"},{"floor":30,"key":"Snake Skull"}],"event_choices":[{"damage_healed":0,"gold_gain":175,"player_choice":"AGREE","damage_taken":0,"max_hp_gain":0,"max_hp_loss":0,"event_name":"Liars Game","floor":3,"gold_loss":0,"cards_obtained":["Doubt"]},{"damage_healed":0,"gold_gain":0,"player_choice":"Success","damage_taken":3,"relics_obtained":["Anchor"],"max_hp_gain":0,"max_hp_loss":0,"event_name":"Scrap Ooze","floor":4,"gold_loss":0},{"damage_healed":0,"gold_gain":0,"player_choice":"Bought 2 Potions","damage_taken":0,"max_hp_gain":0,"max_hp_loss":0,"event_name":"The Woman in Blue","floor":5,"gold_loss":0},{"damage_healed":17,"gold_gain":0,"player_choice":"Healed and dodged fight","damage_taken":0,"max_hp_gain":0,"max_hp_loss":0,"event_name":"Mushrooms","floor":12,"gold_loss":0,"cards_obtained":["Parasite"]},{"damage_healed":0,"gold_gain":0,"player_choice":"Copied","damage_taken":0,"max_hp_gain":0,"max_hp_loss":0,"event_name":"Duplicator","floor":22,"gold_loss":0,"cards_obtained":["After Image"]},{"damage_healed":0,"gold_gain":0,"player_choice":"Ignored","damage_taken":0,"max_hp_gain":0,"max_hp_loss":0,"event_name":"Cursed Tome","floor":31,"gold_loss":0}],"is_beta":false,"boss_relics":[{"not_picked":["Snecko Eye","White Beast Statue"],"picked":"Runic Dome"}],"items_purged_floors":[],"is_endless":false,"potions_floor_spawned":[1,11,13,16,20,21,23,29],"killed_by":"Champ","ascension_level":5}