{"gold_per_floor":[110,110,124,143,143,170,170,200,200,200,216,249,249,265,265,265],"floor_reached":16,"playtime":1061,"items_purged":[],"score":222,"play_id":"0aa46b9d-0f67-46ee-9db4-fbf5aaea4e1e","local_time":"20180915010003","is_ascension_mode":true,"campfire_choices":[{"floor":7.0,"key":"REST"},{"floor":10.0,"key":"REST"},{"data":"Clothesline","floor":13,"key":"SMITH"},{"data":"Bash","floor":15,"key":"SMITH"}],"neow_cost":"NONE","seed_source_timestamp":1257602408404148,"circlet_count":0,"master_deck":["Strike_R","Strike_R","Strike_R","Strike_R","Strike_R+1","Defend_R","Defend_R","Defend_R+1","Defend_R","Bash+1","AscendersBane","Clothesline+1","Headbutt","Reaper","Immolate","Ghostly Armor","Sword Boomerang+1","Uppercut+1"],"special_seed":0,"relics":["Burning Blood","The Courier","Bronze Scales","Art of War","Molten Egg 2","Meat on the Bone"],"potions_floor_usage":[12],"damage_taken":[{"damage":7.0,"enemies":"Cultist","floor":1.0,"turns":4.0},{"damage":12.0,"enemies":"2 Louse","floor":3.0,"turns":3.0},{"damage":7.0,"enemies":"Jaw Worm","floor":4.0,"turns":5.0},{"damage":43.0,"enemies":"Lagavulin","floor":6.0,"turns":8.0},{"damage":27.0,"enemies":"Gremlin Nob","floor":8.0,"turns":5.0},{"damage":0.0,"enemies":"2 Fungi Beasts","floor":11.0,"turns":2.0},{"damage":6,"enemies":"3 Sentries","floor":12,"turns":6},{"damage":16,"enemies":"Looter","floor":14,"turns":2},{"damage":50,"enemies":"Hexaghost","floor":16,"turns":11}],"seed_played":"-2838041815369680166","potions_obtained":[{"floor":0.0,"key":"AttackPotion"},{"floor":0.0,"key":"BloodPotion"},{"floor":8.0,"key":"EssenceOfSteel"}],"is_trial":false,"path_per_floor":["M","T","M","M","?","E","R","E","T","R","M","E","R","M","R"],"character_chosen":"IRONCLAD","items_purchased":[],"campfire_rested":2,"item_purchase_floors":[],"current_hp_per_floor":[67,67,61,60,37,7,29,12,12,34,44,56,56,46,46,0],"gold":265,"neow_bonus":"THREE_SMALL_POTIONS","is_prod":false,"is_daily":false,"chose_seed":false,"campfire_upgraded":2,"win_rate":0,"timestamp":1536987603,"path_taken":["M","?","?","M","?","E","R","E","T","R","M","E","R","M","R","BOSS"],"build_version":"2018-09-06","purchased_purges":0,"victory":false,"max_hp_per_floor":[75,75,75,75,75,75,75,75,75,75,75,75,75,75,75,75],"card_choices":[{"not_picked":["Heavy Blade","Sentinel"],"picked":"Clothesline","floor":1.0},{"not_picked":["Reckless Charge","Corruption"],"picked":"Headbutt","floor":3.0},{"not_picked":["Clash","Havoc","Heavy Blade"],"picked":"SKIP","floor":4.0},{"not_picked":["Body Slam","True Grit"],"picked":"Reaper","floor":6.0},{"not_picked":["Heavy Blade","Wild Strike"],"picked":"Immolate","floor":8.0},{"not_picked":["Dual Wield","Cleave+1"],"picked":"Ghostly Armor","floor":11.0},{"not_picked":["Thunderclap+1","Sentinel"],"picked":"Sword Boomerang+1","floor":12},{"not_picked":["Sword Boomerang+1","Cleave+1"],"picked":"Uppercut+1","floor":14}],"player_experience":628831,"relics_obtained":[{"floor":2.0,"key":"The Courier"},{"floor":6.0,"key":"Bronze Scales"},{"floor":8.0,"key":"Art of War"},{"floor":9.0,"key":"Molten Egg 2"},{"floor":12,"key":"Meat on the Bone"}],"event_choices":[{"event_name":"Shining Light","player_choice":"Entered Light","floor":5.0,"damage_taken":0.0}],"is_beta":false,"boss_relics":[],"items_purged_floors":[],"is_endless":false,"potions_floor_spawned":[1,4,8],"killed_by":"Hexaghost","ascension_level":17}