{"gold_per_floor":[116,40,40,40,55,55,84,84,84,9,20,40,67,67,67,141,141,160,184,184,97,22,22,34,34,34,34,34],"floor_reached":28,"playtime":829,"items_purged":["Strike_R"],"score":422,"play_id":"709b3811-d6ed-4350-a2d2-71c953f1e322","local_time":"20190411192033","is_ascension_mode":true,"campfire_choices":[{"data":"Spot Weakness","floor":6.0,"key":"SMITH"},{"floor":8.0,"key":"REST"},{"floor":15.0,"key":"REST"},{"data":"Fiend Fire","floor":23.0,"key":"SMITH"},{"floor":25.0,"key":"REST"},{"data":"True Grit","floor":27.0,"key":"SMITH"}],"neow_cost":"NONE","seed_source_timestamp":169024089011300,"circlet_count":0,"master_deck":["AscendersBane","Strike_R","Strike_R","Defend_R","Defend_R","Defend_R","Defend_R","Bash+1","Spot Weakness+1","Evolve","Flame Barrier","Fiend Fire+1","Feed","Feel No Pain","True Grit+1"],"special_seed":0,"relics":["Burning Blood","PreservedInsect","Juzu Bracelet","Potion Belt","Mark of Pain","Oddly Smooth Stone","Pen Nib"],"potions_floor_usage":[],"damage_taken":[{"damage":7.0,"enemies":"Cultist","floor":1.0,"turns":4.0},{"damage":7.0,"enemies":"Jaw Worm","floor":5.0,"turns":3.0},{"damage":60.0,"enemies":"Lagavulin","floor":7.0,"turns":7.0},{"damage":7.0,"enemies":"Small Slimes","floor":11.0,"turns":4.0},{"damage":1.0,"enemies":"Exordium Wildlife","floor":12.0,"turns":4.0},{"damage":30.0,"enemies":"3 Sentries","floor":13.0,"turns":7.0},{"damage":34.0,"enemies":"The Guardian","floor":16.0,"turns":15.0},{"damage":6.0,"enemies":"Chosen","floor":18.0,"turns":4.0},{"damage":44.0,"enemies":"Colosseum Slavers","floor":20.0,"turns":5.0},{"damage":14.0,"enemies":"2 Thieves","floor":24.0,"turns":3.0},{"damage":67,"enemies":"Gremlin Leader","floor":28,"turns":5}],"seed_played":"3976045612218295960","potions_obtained":[{"floor":0.0,"key":"Swift Potion"},{"floor":0.0,"key":"FairyPotion"},{"floor":7.0,"key":"Strength Potion"},{"floor":13.0,"key":"Energy Potion"},{"floor":16.0,"key":"Block Potion"}],"is_trial":false,"path_per_floor":["M","$","?","?","M","R","E","R","T","$","M","M","E","?","R","B",null,"M","T","?","$","?","R","M","R","T","R","E"],"character_chosen":"IRONCLAD","items_purchased":["Evolve","Feel No Pain"],"campfire_rested":3,"item_purchase_floors":[2,21],"current_hp_per_floor":[67,67,67,67,66,66,12,34,34,34,33,38,14,14,36,8,58,58,58,23,23,23,23,18,42,42,42,0],"gold":34,"neow_bonus":"THREE_SMALL_POTIONS","is_prod":false,"is_daily":false,"chose_seed":false,"campfire_upgraded":3,"win_rate":0,"timestamp":1555035633,"path_taken":["M","?","?","?","M","R","E","R","T","$","M","M","E","?","R","BOSS","M","?","?","$","?","R","M","R","T","R","E"],"build_version":"2019-01-23","purchased_purges":1,"victory":false,"max_hp_per_floor":[75,75,75,75,75,75,75,75,75,75,75,75,75,75,75,75,75,75,75,78,78,78,78,81,81,81,81,81],"card_choices":[{"not_picked":["True Grit","Cleave"],"picked":"Spot Weakness","floor":1.0},{"not_picked":["Second Wind","Fire Breathing","Blood for Blood"],"picked":"SKIP","floor":5.0},{"not_picked":["Shockwave","Clash","Sever Soul"],"picked":"SKIP","floor":7.0},{"not_picked":["Body Slam","Anger"],"picked":"Flame Barrier","floor":11.0},{"not_picked":["Shockwave","Havoc","Headbutt"],"picked":"SKIP","floor":12.0},{"not_picked":["Sentinel","Bloodletting"],"picked":"Fiend Fire","floor":13.0},{"not_picked":["Demon Form","Immolate"],"picked":"Feed","floor":16.0},{"not_picked":["Clash","Warcry","Rampage"],"picked":"SKIP","floor":18.0},{"not_picked":["Sword Boomerang","Carnage"],"picked":"True Grit","floor":24.0}],"player_experience":528945,"relics_obtained":[{"floor":7.0,"key":"PreservedInsect"},{"floor":9.0,"key":"Juzu Bracelet"},{"floor":13.0,"key":"Potion Belt"},{"floor":19.0,"key":"Oddly Smooth Stone"},{"floor":26.0,"key":"Pen Nib"}],"event_choices":[{"damage_healed":0.0,"max_hp_gain":0.0,"max_hp_loss":0.0,"gold_gain":0.0,"event_name":"Living Wall","player_choice":"Grow","floor":3.0,"gold_loss":0.0,"damage_taken":0.0,"cards_upgraded":["Bash"]},{"damage_healed":0.0,"max_hp_gain":0.0,"max_hp_loss":0.0,"gold_gain":0.0,"event_name":"The Cleric","player_choice":"Leave","floor":4.0,"gold_loss":0.0,"damage_taken":0.0},{"cards_removed":["Strike_R"],"damage_healed":0.0,"max_hp_gain":0.0,"max_hp_loss":0.0,"gold_gain":0.0,"event_name":"Purifier","player_choice":"Purged","floor":14.0,"gold_loss":0.0,"damage_taken":0.0},{"damage_healed":0.0,"max_hp_gain":0.0,"max_hp_loss":0.0,"gold_gain":0.0,"event_name":"Colosseum","player_choice":"Fight","floor":20.0,"gold_loss":0.0,"damage_taken":0.0},{"damage_healed":0.0,"max_hp_gain":0.0,"max_hp_loss":0.0,"gold_gain":0.0,"event_name":"Colosseum","player_choice":"Fled From Nobs","floor":20.0,"gold_loss":0.0,"damage_taken":0.0},{"cards_removed":["Strike_R"],"damage_healed":0.0,"max_hp_gain":0.0,"max_hp_loss":0.0,"gold_gain":0.0,"event_name":"Beggar","player_choice":"Gave Gold","floor":22.0,"gold_loss":75.0,"damage_taken":0.0}],"is_beta":false,"boss_relics":[{"not_picked":["Pandora\u0027s Box","Runic Pyramid"],"picked":"Mark of Pain"}],"items_purged_floors":[10],"is_endless":false,"potions_floor_spawned":[7,12,13,16],"killed_by":"Gremlin Leader","ascension_level":18}