{"gold_per_floor":[15,27,46,46,46,46,79,4,52,81,98,159,178,206,206,310,310,329,405,416,435,46,46,73,86,110,137,137,155,80,94,94,199,199,214,71,120,51,65,65],"floor_reached":40,"playtime":2191,"items_purged":["Defend_R"],"score":595,"play_id":"ea8ad79c-6371-4ea6-b719-25df3fdfd351","local_time":"20180727032847","is_ascension_mode":true,"campfire_choices":[{"floor":6.0,"key":"REST"},{"floor":15.0,"key":"REST"},{"floor":23,"key":"REST"},{"floor":28,"key":"REST"},{"floor":32,"key":"REST"}],"neow_cost":"NO_GOLD","seed_source_timestamp":0,"circlet_count":0,"master_deck":["Strike_R","Strike_R","Defend_R","Defend_R","Bash","Iron Wave","Shockwave","Flame Barrier","Hemokinesis","Pommel Strike","Impervious","Pommel Strike","Clothesline","Rage+1","Rampage+1","Burning Pact+1","Clothesline+1","Fire Breathing+1","Headbutt","Feed","True Grit+1","Cleave+1","Uppercut","Cleave+1","Limit Break","Combust+1","Spot Weakness","Inflame+1","Flex"],"special_seed":0,"relics":["Black Blood","Strawberry","Mango","Bronze Scales","Pen Nib","Tiny Chest","Kunai","Astrolabe","Frozen Egg 2","Thread and Needle","Nunchaku","Red Skull","Red Mask","Vajra","Peace Pipe"],"potions_floor_usage":[24,24,24,24,24,33],"damage_taken":[{"damage":10.0,"enemies":"Cultist","floor":1.0,"turns":4.0},{"damage":0.0,"enemies":"2 Louse","floor":2.0,"turns":3.0},{"damage":12.0,"enemies":"Jaw Worm","floor":3.0,"turns":2.0},{"damage":47.0,"enemies":"3 Sentries","floor":7.0,"turns":11.0},{"damage":30.0,"enemies":"Lagavulin","floor":10.0,"turns":7.0},{"damage":0.0,"enemies":"2 Fungi Beasts","floor":11.0,"turns":4.0},{"damage":6.0,"enemies":"Gremlin Nob","floor":12.0,"turns":4.0},{"damage":5.0,"enemies":"3 Louse","floor":13.0,"turns":3.0},{"damage":9.0,"enemies":"Lagavulin","floor":14.0,"turns":7.0},{"damage":46.0,"enemies":"The Guardian","floor":16.0,"turns":9.0},{"damage":31,"enemies":"2 Thieves","floor":18,"turns":5},{"damage":22,"enemies":"Spheric Guardian","floor":20,"turns":4},{"damage":9,"enemies":"Snecko","floor":21,"turns":6},{"damage":45,"enemies":"Slavers","floor":24,"turns":7},{"damage":6,"enemies":"Cultist and Chosen","floor":25,"turns":6},{"damage":13,"floor":27,"turns":4},{"damage":6,"enemies":"Chosen and Byrds","floor":29,"turns":3},{"damage":3,"enemies":"Centurion and Healer","floor":31,"turns":4},{"damage":72,"enemies":"Automaton","floor":33,"turns":8},{"damage":33,"enemies":"Flame Bruiser 1 Orb","floor":35,"turns":6},{"damage":36,"floor":37,"turns":7},{"damage":10,"enemies":"Orb Walker","floor":39,"turns":3},{"damage":63,"enemies":"Giant Head","floor":40,"turns":7}],"seed_played":"-8354328132744511347","potions_obtained":[{"floor":3.0,"key":"Energy Potion"},{"floor":10.0,"key":"EntropicBrew"},{"floor":11.0,"key":"Weak Potion"},{"floor":12.0,"key":"EssenceOfSteel"},{"floor":13.0,"key":"Poison Potion"},{"floor":18,"key":"Weak Potion"},{"floor":20,"key":"Strength Potion"},{"floor":25,"key":"GamblersBrew"},{"floor":31,"key":"Strength Potion"},{"floor":33,"key":"Strength Potion"}],"is_trial":false,"path_per_floor":["M","M","M","?","?","R","E","$","T","E","M","E","M","E","R","B",null,"M","T","M","M","$","R","E","M","T","?","R","M","?","M","R","B",null,"M","$","?","$","M"],"character_chosen":"IRONCLAD","items_purchased":["Feed","Thread and Needle","Vajra","Inflame+1"],"campfire_rested":5,"item_purchase_floors":[22,22,36,38],"current_hp_per_floor":[76,80,74,67,49,75,48,48,48,24,30,30,31,28,58,18,80,55,55,39,36,36,66,30,33,33,29,62,62,62,65,98,32,91,68,68,42,42,45,0],"gold":65,"neow_bonus":"TRANSFORM_TWO_CARDS","is_prod":false,"is_daily":false,"chose_seed":false,"campfire_upgraded":0,"win_rate":0,"timestamp":1532687327,"path_taken":["M","?","M","?","?","R","E","?","T","E","?","E","M","E","R","BOSS","M","?","?","M","$","R","E","M","T","?","R","M","?","M","R","BOSS","M","$","?","?","M","E"],"build_version":"2018-07-26","purchased_purges":1,"victory":false,"max_hp_per_floor":[80,80,80,80,87,87,101,101,101,101,101,101,101,101,101,101,101,101,101,101,101,101,101,104,107,107,110,110,110,110,110,110,110,110,110,110,110,110,113,113],"card_choices":[{"not_picked":["Sword Boomerang","Heavy Blade"],"picked":"Perfected Strike","floor":1.0},{"not_picked":["Flex","Warcry"],"picked":"Iron Wave","floor":2.0},{"not_picked":["Thunderclap","Rampage"],"picked":"Shockwave","floor":3.0},{"not_picked":["Havoc","Rage"],"picked":"Flame Barrier","floor":7.0},{"not_picked":["Clash","Wild Strike"],"picked":"Hemokinesis","floor":10.0},{"not_picked":["Armaments","Searing Blow"],"picked":"Pommel Strike","floor":11.0},{"not_picked":["Disarm","Headbutt"],"picked":"Impervious","floor":12.0},{"not_picked":["Havoc","Shockwave"],"picked":"Pommel Strike","floor":13.0},{"not_picked":["Dual Wield","Blood for Blood"],"picked":"Clothesline","floor":14.0},{"not_picked":["Iron Wave","Second Wind+1"],"picked":"Clothesline+1","floor":18},{"not_picked":["Thunderclap+1","Perfected Strike"],"picked":"Fire Breathing+1","floor":20},{"not_picked":["Thunderclap+1","Entrench+1"],"picked":"Headbutt","floor":21},{"not_picked":["Cleave+1","Body Slam"],"picked":"True Grit+1","floor":24},{"not_picked":["Sever Soul+1","Wild Strike"],"picked":"Cleave+1","floor":25},{"not_picked":["Dual Wield","Anger"],"picked":"Uppercut","floor":27},{"not_picked":["Havoc","Rage","Power Through"],"picked":"SKIP","floor":29},{"not_picked":["Twin Strike+1","Warcry+1"],"picked":"Cleave+1","floor":31},{"not_picked":["Berserk+1","Reaper"],"picked":"Limit Break","floor":33},{"not_picked":["Wild Strike","Havoc+1"],"picked":"Combust+1","floor":35},{"not_picked":["Power Through+1","Second Wind"],"picked":"Spot Weakness","floor":37},{"not_picked":["Twin Strike+1","Corruption+1"],"picked":"Flex","floor":39}],"player_experience":210963,"relics_obtained":[{"floor":7.0,"key":"Mango"},{"floor":9.0,"key":"Bronze Scales"},{"floor":10.0,"key":"Pen Nib"},{"floor":12.0,"key":"Tiny Chest"},{"floor":14.0,"key":"Kunai"},{"floor":19,"key":"Frozen Egg 2"},{"floor":24,"key":"Nunchaku"},{"floor":26,"key":"Red Skull"},{"floor":27,"key":"Red Mask"},{"floor":37,"key":"Peace Pipe"}],"event_choices":[{"event_name":"Golden Wing","player_choice":"Card Removal","floor":4.0,"damage_taken":0.0},{"event_name":"Scrap Ooze","player_choice":"success","floor":5.0,"damage_taken":25.0},{"event_name":"Beggar","player_choice":"Gave Gold","floor":30,"damage_taken":0},{"event_name":"Mysterious Sphere","player_choice":"Fight","floor":37,"damage_taken":0}],"is_beta":false,"boss_relics":[{"not_picked":["Runic Pyramid","Cursed Key"],"picked":"Astrolabe"},{"not_picked":["Runic Dome","Orrery"],"picked":"Black Blood"}],"items_purged_floors":[8],"is_endless":false,"potions_floor_spawned":[3,10,11,12,13,18,20,25,31,33],"killed_by":"Giant Head","ascension_level":5}