{"gold_per_floor":[218,92,92,108,183,183,183,199,250,250,266,266,297,311,311,441,441,459,459,492,517,16,47,47,87,87,87,111,111,9,44,44,169,169,189,209,7,27,43,43,79,79,79,115,139,9,24,68,68,68,68,68,18,54,54],"floor_reached":55,"playtime":4494,"items_purged":["Strike_R","Strike_R","Strike_R","Shame"],"score":960,"play_id":"fab658ed-0a77-4ee1-b31d-e0d023921197","local_time":"20190414204708","is_ascension_mode":true,"campfire_choices":[{"data":"Shrug It Off","floor":6.0,"key":"SMITH"},{"data":"Double Tap","floor":10.0,"key":"SMITH"},{"data":"Sword Boomerang","floor":15.0,"key":"SMITH"},{"data":"Sword Boomerang","floor":24.0,"key":"SMITH"},{"data":"Bash","floor":29.0,"key":"SMITH"},{"data":"Metallicize","floor":32.0,"key":"SMITH"},{"data":"Barricade","floor":40.0,"key":"SMITH"},{"floor":42.0,"key":"RECALL"},{"data":"Entrench","floor":49.0,"key":"SMITH"},{"data":"Ghostly Armor","floor":52.0,"key":"SMITH"}],"neow_cost":"NONE","seed_source_timestamp":162475421163,"circlet_count":0,"master_deck":["Strike_R","Strike_R","Defend_R","Defend_R","Defend_R+1","Defend_R+1","Bash+1","Thunderclap+1","Headbutt+1","Shrug It Off+1","Double Tap+1","Sword Boomerang+1","Battle Trance+1","Sword Boomerang+1","Metallicize+1","Body Slam+1","Iron Wave+1","Flex+1","Barricade+1","Pommel Strike+1","Shrug It Off+1","Ghostly Armor+1","Entrench+1","Impervious"],"special_seed":0,"relics":["Burning Blood","Golden Idol","Smiling Mask","Boot","Cursed Key","Red Mask","Membership Card","Bronze Scales","Magic Flower","Gremlin Horn","Letter Opener","Singing Bowl","Oddly Smooth Stone","Blue Candle","Philosopher\u0027s Stone","War Paint","Vajra","Thread and Needle","PreservedInsect","Shuriken","Juzu Bracelet","Ornamental Fan"],"potions_floor_usage":[55,55,55],"damage_taken":[{"damage":7.0,"enemies":"2 Louse","floor":1.0,"turns":2.0},{"damage":2.0,"enemies":"Jaw Worm","floor":4.0,"turns":3.0},{"damage":7.0,"enemies":"Small Slimes","floor":8.0,"turns":4.0},{"damage":5.0,"enemies":"Gremlin Gang","floor":11.0,"turns":4.0},{"damage":14.0,"enemies":"Lagavulin","floor":13.0,"turns":6.0},{"damage":9.0,"enemies":"Large Slime","floor":14.0,"turns":4.0},{"damage":23.0,"enemies":"Slime Boss","floor":16.0,"turns":10.0},{"damage":11.0,"enemies":"Shell Parasite","floor":18.0,"turns":3.0},{"damage":13.0,"enemies":"Masked Bandits","floor":20.0,"turns":3.0},{"damage":0.0,"enemies":"Spheric Guardian","floor":21.0,"turns":2.0},{"damage":25.0,"enemies":"Slavers","floor":23.0,"turns":3.0},{"damage":13.0,"enemies":"Book of Stabbing","floor":25.0,"turns":3.0},{"damage":5.0,"enemies":"Centurion and Healer","floor":28.0,"turns":3.0},{"damage":22.0,"enemies":"Slavers","floor":31.0,"turns":4.0},{"damage":39.0,"enemies":"Automaton","floor":33.0,"turns":8.0},{"damage":3.0,"enemies":"Orb Walker","floor":35.0,"turns":2.0},{"damage":0.0,"enemies":"3 Darklings","floor":36.0,"turns":3.0},{"damage":0.0,"enemies":"Sphere and 2 Shapes","floor":38.0,"turns":3.0},{"damage":5.0,"enemies":"Maw","floor":39.0,"turns":5.0},{"damage":10.0,"enemies":"Giant Head","floor":41.0,"turns":6.0},{"damage":15.0,"enemies":"Nemesis","floor":44.0,"turns":3.0},{"damage":1.0,"enemies":"Transient","floor":45.0,"turns":5.0},{"damage":1.0,"enemies":"Jaw Worm Horde","floor":47.0,"turns":2.0},{"damage":1.0,"enemies":"Giant Head","floor":48.0,"turns":5.0},{"damage":3.0,"enemies":"Time Eater","floor":50.0,"turns":9.0},{"damage":22.0,"enemies":"Shield and Spear","floor":54.0,"turns":4.0},{"damage":81,"enemies":"The Heart","floor":55,"turns":8}],"seed_played":"-3389807167429715276","potions_obtained":[{"floor":4.0,"key":"Energy Potion"},{"floor":11.0,"key":"Poison Potion"},{"floor":13.0,"key":"Block Potion"},{"floor":20.0,"key":"EssenceOfSteel"},{"floor":25.0,"key":"Swift Potion"},{"floor":31.0,"key":"EntropicBrew"},{"floor":33.0,"key":"EntropicBrew"},{"floor":35.0,"key":"Energy Potion"},{"floor":41.0,"key":"Swift Potion"},{"floor":47.0,"key":"SkillPotion"},{"floor":48.0,"key":"Weak Potion"},{"floor":54.0,"key":"Block Potion"}],"is_trial":false,"path_per_floor":["M","$","?","M","?","R","?","M","T","R","M","?","E","M","R","B",null,"M","?","?","M","$","E","R","E","T","?","M","R","$","E","R","B",null,"M","M","$","M","M","R","E","R","T","E","M","?","M","E","R","B",null,"R","$","E","B"],"character_chosen":"IRONCLAD","items_purchased":["Headbutt","Membership Card","Bronze Scales","Magic Flower","Ancient Potion","Oddly Smooth Stone","Swift Potion","War Paint","Vajra"],"campfire_rested":0,"item_purchase_floors":[2,22,22,22,22,30,30,37,37],"current_hp_per_floor":[79,79,59,63,52,52,52,51,51,51,52,36,28,25,25,8,80,75,75,68,74,74,58,58,54,54,54,60,60,60,47,47,17,82,84,86,86,86,86,86,87,87,87,81,90,90,90,92,92,92,92,92,92,79,0],"gold":54,"neow_bonus":"HUNDRED_GOLD","is_prod":false,"is_daily":false,"chose_seed":false,"campfire_upgraded":9,"win_rate":0,"timestamp":1555246028,"path_taken":["M","$","?","M","?","R","?","M","T","R","M","?","E","M","R","BOSS","M","?","?","M","$","E","R","E","T","?","M","R","$","E","R","BOSS","M","M","$","M","M","R","E","R","T","E","M","?","?","E","R","BOSS","R","$","E","BOSS"],"build_version":"2019-01-23","purchased_purges":4,"victory":false,"max_hp_per_floor":[80,80,80,80,80,80,80,80,80,80,80,80,80,80,80,80,80,80,80,80,80,80,80,80,80,80,80,82,82,82,82,82,82,82,84,86,86,86,86,86,88,88,88,88,90,90,90,92,92,92,92,92,92,92,92],"card_choices":[{"not_picked":["Shrug It Off","Dual Wield"],"picked":"Thunderclap","floor":1.0},{"not_picked":["Clothesline","Perfected Strike"],"picked":"Shrug It Off","floor":4.0},{"not_picked":["Sword Boomerang","Clash"],"picked":"Double Tap","floor":8.0},{"not_picked":["Body Slam","Reckless Charge","Shrug It Off"],"picked":"SKIP","floor":11.0},{"not_picked":["Wild Strike","Heavy Blade"],"picked":"Sword Boomerang","floor":13.0},{"not_picked":["Dual Wield","Infernal Blade","Headbutt"],"picked":"SKIP","floor":14.0},{"not_picked":["Sentinel","Flex"],"picked":"Battle Trance+1","floor":18.0},{"not_picked":["Clothesline","Corruption"],"picked":"Metallicize","floor":20.0},{"not_picked":["Dual Wield","Clash+1"],"picked":"Body Slam+1","floor":21.0},{"not_picked":["Body Slam","Fiend Fire"],"picked":"Iron Wave+1","floor":23.0},{"not_picked":["Body Slam","Hemokinesis","Twin Strike"],"picked":"SKIP","floor":25.0},{"not_picked":["Rage","Whirlwind","Warcry+1"],"picked":"Singing Bowl","floor":28.0},{"not_picked":["Wild Strike","Rampage"],"picked":"Flex+1","floor":31.0},{"not_picked":["Exhume","Dark Embrace"],"picked":"Barricade","floor":33.0},{"not_picked":["Twin Strike+1","Warcry+1","Headbutt"],"picked":"Singing Bowl","floor":35.0},{"not_picked":["Rupture","Warcry","Inflame"],"picked":"Singing Bowl","floor":36.0},{"not_picked":["Rage+1","Sword Boomerang"],"picked":"Pommel Strike+1","floor":38.0},{"not_picked":["Anger","Perfected Strike"],"picked":"Shrug It Off+1","floor":39.0},{"not_picked":["Warcry+1","Battle Trance+1","Berserk"],"picked":"Singing Bowl","floor":41.0},{"not_picked":["Clash+1","Twin Strike+1"],"picked":"Ghostly Armor","floor":44.0},{"not_picked":["Sword Boomerang+1","Anger+1","Shrug It Off+1"],"picked":"Singing Bowl","floor":45.0},{"not_picked":["Sword Boomerang","Headbutt"],"picked":"Entrench","floor":47.0},{"not_picked":["Armaments+1","Cleave","Pommel Strike+1"],"picked":"Singing Bowl","floor":48.0},{"not_picked":["Corruption","Thunderclap"],"picked":"Impervious","floor":54.0}],"player_experience":122303,"relics_obtained":[{"floor":9.0,"key":"Smiling Mask"},{"floor":13.0,"key":"Boot"},{"floor":20.0,"key":"Red Mask"},{"floor":23.0,"key":"Gremlin Horn"},{"floor":25.0,"key":"Letter Opener"},{"floor":26.0,"key":"Singing Bowl"},{"floor":31.0,"key":"Blue Candle"},{"floor":41.0,"key":"Thread and Needle"},{"floor":44.0,"key":"PreservedInsect"},{"floor":48.0,"key":"Juzu Bracelet"},{"floor":54.0,"key":"Ornamental Fan"}],"event_choices":[{"damage_healed":0.0,"max_hp_gain":0.0,"max_hp_loss":0.0,"gold_gain":0.0,"event_name":"Golden Idol","player_choice":"Take Damage","floor":3.0,"gold_loss":0.0,"damage_taken":20.0,"relics_obtained":["Golden Idol"]},{"damage_healed":0.0,"max_hp_gain":0.0,"max_hp_loss":0.0,"gold_gain":75.0,"event_name":"World of Goop","player_choice":"Gather Gold","floor":5.0,"gold_loss":0.0,"damage_taken":11.0},{"damage_healed":0.0,"max_hp_gain":0.0,"max_hp_loss":0.0,"gold_gain":0.0,"event_name":"Liars Game","player_choice":"Ignored","floor":7.0,"gold_loss":0.0,"damage_taken":0.0},{"damage_healed":0.0,"max_hp_gain":0.0,"max_hp_loss":0.0,"gold_gain":0.0,"event_name":"Shining Light","player_choice":"Entered Light","floor":12.0,"gold_loss":0.0,"damage_taken":16.0,"cards_upgraded":["Headbutt","Thunderclap"]},{"damage_healed":0.0,"max_hp_gain":0.0,"max_hp_loss":0.0,"gold_gain":0.0,"event_name":"The Library","player_choice":"Read","floor":19.0,"gold_loss":0.0,"damage_taken":0.0,"cards_obtained":["Sword Boomerang"]},{"damage_healed":0.0,"max_hp_gain":0.0,"max_hp_loss":0.0,"gold_gain":0.0,"event_name":"Masked Bandits","player_choice":"Fought Bandits","floor":20.0,"gold_loss":0.0,"damage_taken":0.0},{"cards_removed":["Injury"],"damage_healed":0.0,"max_hp_gain":0.0,"max_hp_loss":0.0,"gold_gain":0.0,"event_name":"Back to Basics","player_choice":"Elegance","floor":27.0,"gold_loss":0.0,"damage_taken":0.0},{"damage_healed":0.0,"max_hp_gain":0.0,"max_hp_loss":0.0,"gold_gain":0.0,"event_name":"WeMeetAgain","player_choice":"Paid Gold","floor":46.0,"gold_loss":130.0,"damage_taken":0.0,"relics_obtained":["Shuriken"]}],"is_beta":false,"boss_relics":[{"not_picked":["Velvet Choker","Lizard Tail"],"picked":"Cursed Key"},{"not_picked":["Sozu","Runic Cube"],"picked":"Philosopher\u0027s Stone"}],"items_purged_floors":[2,22,37,53],"is_endless":false,"potions_floor_spawned":[4,11,13,20,25,31,33,35,41,47,48,54],"killed_by":"The Heart","ascension_level":3}
