{"gold_per_floor":[118,118,134,149,119,119,148,148,195,195,220,0,20,50,50,154,154,170,187,60,60,60,88,88,98,98,111,136,151,151,183,183,284,284,296,312,0,10,23,51,51,80,136,136,146,181,181,213,213,213],"floor_reached":51,"playtime":4267,"items_purged":["Strike_R"],"score":1132,"play_id":"a94d0e59-f247-4397-b6f1-c0ef5ae647e8","local_time":"20180806133849","is_ascension_mode":true,"campfire_choices":[{"data":"Uppercut","floor":6.0,"key":"SMITH"},{"data":"Flame Barrier","floor":8.0,"key":"SMITH"},{"data":"Inflame","floor":10.0,"key":"SMITH"},{"data":"Shockwave","floor":15.0,"key":"SMITH"},{"data":"Clothesline","floor":24,"key":"SMITH"},{"data":"RitualDagger","floor":30,"key":"SMITH"},{"data":"Cleave","floor":32,"key":"SMITH"},{"data":"Disarm","floor":41,"key":"SMITH"},{"data":"Demon Form","floor":47,"key":"SMITH"},{"data":"Disarm","floor":49,"key":"SMITH"}],"neow_cost":"CURSE","seed_source_timestamp":0,"circlet_count":0,"master_deck":["Strike_R","Strike_R","Strike_R+1","Strike_R+1","Defend_R","Defend_R","Defend_R","Defend_R","Bash+1","Clumsy","Inflame+1","Uppercut+1","Flame Barrier+1","Shockwave+1","Shrug It Off","Battle Trance","Cleave+1","Reaper","Dropkick","Warcry+1","Shrug It Off","Inflame+1","RitualDagger+1","Clothesline+1","Body Slam+1","Battle Trance","Demon Form+1","Shrug It Off","Disarm+1","Madness","Madness","Disarm+1"],"special_seed":0,"relics":["Burning Blood","Vajra","Whetstone","Blood Vial","Oddly Smooth Stone","Odd Mushroom","Happy Flower","Sozu","Anchor","Gremlin Horn","Champion Belt","Art of War","Velvet Choker","Red Mask","Bag of Preparation","Orichalcum","Tiny Chest","Self Forming Clay","Dodecahedron"],"potions_floor_usage":[],"damage_taken":[{"damage":9.0,"enemies":"2 Louse","floor":1.0,"turns":4.0},{"damage":1.0,"enemies":"Cultist","floor":3.0,"turns":4.0},{"damage":0.0,"enemies":"Small Slimes","floor":4.0,"turns":3.0},{"damage":3.0,"enemies":"Looter","floor":5.0,"turns":4.0},{"damage":24.0,"enemies":"Lagavulin","floor":7.0,"turns":7.0},{"damage":24.0,"enemies":"Gremlin Nob","floor":11.0,"turns":4.0},{"damage":24.0,"floor":13.0,"turns":5.0},{"damage":21.0,"enemies":"3 Sentries","floor":14.0,"turns":8.0},{"damage":10.0,"enemies":"Hexaghost","floor":16.0,"turns":9.0},{"damage":14.0,"enemies":"Spheric Guardian","floor":18.0,"turns":4.0},{"damage":2.0,"enemies":"3 Byrds","floor":19.0,"turns":3.0},{"damage":6.0,"enemies":"Gremlin Leader","floor":23.0,"turns":7.0},{"damage":2,"enemies":"Snake Plant","floor":25,"turns":3},{"damage":0,"enemies":"3 Cultists","floor":27,"turns":3},{"damage":5,"enemies":"Slavers","floor":28,"turns":6},{"damage":12,"enemies":"Sentry and Sphere","floor":29,"turns":5},{"damage":12,"enemies":"Book of Stabbing","floor":31,"turns":4},{"damage":18,"enemies":"Collector","floor":33,"turns":8},{"damage":0,"enemies":"Orb Walker","floor":35,"turns":3},{"damage":7,"enemies":"3 Shapes","floor":36,"turns":3},{"damage":10,"enemies":"3 Darklings","floor":38,"turns":4},{"damage":8,"enemies":"4 Shapes","floor":39,"turns":4},{"damage":62,"enemies":"Nemesis","floor":40,"turns":9},{"damage":7,"enemies":"2 Orb Walkers","floor":42,"turns":4},{"damage":10,"enemies":"Flame Bruiser 2 Orb","floor":45,"turns":5},{"damage":6,"enemies":"Nemesis","floor":46,"turns":6},{"damage":4,"enemies":"2 Orb Walkers","floor":48,"turns":4},{"damage":44,"enemies":"Donu and Deca","floor":50,"turns":8}],"seed_played":"-1678793499745863582","potions_obtained":[{"floor":1.0,"key":"Ancient Potion"},{"floor":3.0,"key":"Fire Potion"},{"floor":4.0,"key":"SneckoOil"},{"floor":11.0,"key":"Fire Potion"}],"is_trial":false,"path_per_floor":["M","?","M","M","M","R","E","R","T","R","E","$","?","E","R","B",null,"M","M","$","?","?","E","R","M","T","M","E","M","R","E","R","B",null,"M","M","?","M","M","E","R","E","T","?","M","E","R","E","R","B"],"character_chosen":"IRONCLAD","items_purchased":["Battle Trance","Oddly Smooth Stone","Shrug It Off"],"campfire_rested":0,"item_purchase_floors":[12,12,20],"current_hp_per_floor":[85,85,90,96,96,96,78,78,78,78,60,60,44,31,31,29,79,85,96,96,96,90,92,92,96,96,96,96,90,90,86,86,92,95,96,95,95,96,94,40,40,73,73,61,74,76,76,96,96,86],"gold":213,"neow_bonus":"TWENTY_PERCENT_HP_BONUS","is_prod":false,"is_daily":false,"chose_seed":false,"campfire_upgraded":10,"win_rate":0,"timestamp":1533587929,"path_taken":["M","?","M","?","M","R","E","R","T","R","E","$","?","E","R","BOSS","M","M","$","?","?","E","R","M","T","M","E","M","R","E","R","BOSS","M","M","?","M","M","E","R","E","T","?","M","E","R","E","R","BOSS"],"build_version":"2018-08-02","purchased_purges":1,"victory":true,"max_hp_per_floor":[96,96,96,96,96,96,96,96,96,96,96,96,96,96,96,96,96,96,96,96,96,96,96,96,96,96,96,96,96,96,96,96,96,96,96,96,96,96,96,96,96,96,96,96,96,96,96,96,96,96],"card_choices":[{"not_picked":["Shrug It Off","Sever Soul"],"picked":"Inflame","floor":1.0},{"not_picked":["Feel No Pain","Havoc"],"picked":"Uppercut","floor":3.0},{"not_picked":["Headbutt","Flex"],"picked":"Flame Barrier","floor":4.0},{"not_picked":["Infernal Blade","Iron Wave"],"picked":"Shockwave","floor":5.0},{"not_picked":["Power Through","Flex"],"picked":"Shrug It Off","floor":7.0},{"not_picked":["Clash","Bloodletting","Sword Boomerang"],"picked":"SKIP","floor":11.0},{"not_picked":["Searing Blow","Pommel Strike"],"picked":"Cleave","floor":13.0},{"not_picked":["Headbutt","Brutality","Flex"],"picked":"SKIP","floor":14.0},{"not_picked":["Exhume","Double Tap"],"picked":"Reaper","floor":16.0},{"not_picked":["Anger","Pommel Strike+1"],"picked":"Dropkick","floor":18.0},{"not_picked":["Evolve","Body Slam"],"picked":"Warcry+1","floor":19.0},{"not_picked":["Sentinel","Power Through"],"picked":"Clothesline","floor":23},{"not_picked":["Rupture+1","Twin Strike","Rage"],"picked":"SKIP","floor":25},{"not_picked":["Pommel Strike","Twin Strike","Havoc+1"],"picked":"SKIP","floor":27},{"not_picked":["Rampage","Perfected Strike","Cleave"],"picked":"SKIP","floor":28},{"not_picked":["Combust","Searing Blow+1"],"picked":"Body Slam+1","floor":29},{"not_picked":["Dark Embrace","Rupture+1"],"picked":"Battle Trance","floor":31},{"not_picked":["Double Tap","Brutality"],"picked":"Demon Form","floor":33},{"not_picked":["Heavy Blade+1","Reckless Charge+1"],"picked":"Shrug It Off","floor":35},{"not_picked":["Clash","Shockwave","Armaments"],"picked":"SKIP","floor":36},{"not_picked":["Clash","Shockwave","Armaments"],"picked":"SKIP","floor":36},{"not_picked":["Cleave","Armaments"],"picked":"Disarm","floor":38},{"not_picked":["Perfected Strike+1","Flex+1","Intimidate"],"picked":"SKIP","floor":39},{"not_picked":["Iron Wave+1","Havoc","Perfected Strike"],"picked":"SKIP","floor":40},{"not_picked":["Sentinel","Sever Soul","Thunderclap+1"],"picked":"SKIP","floor":42},{"not_picked":["Uppercut","Sentinel","Warcry+1"],"picked":"SKIP","floor":45},{"not_picked":["Demon Form","Anger+1","Seeing Red"],"picked":"SKIP","floor":46},{"not_picked":["Wild Strike","Flex"],"picked":"Disarm","floor":48}],"player_experience":319863,"relics_obtained":[{"floor":7.0,"key":"Vajra"},{"floor":9.0,"key":"Whetstone"},{"floor":11.0,"key":"Blood Vial"},{"floor":13.0,"key":"Odd Mushroom"},{"floor":14.0,"key":"Happy Flower"},{"floor":23,"key":"Anchor"},{"floor":26,"key":"Gremlin Horn"},{"floor":28,"key":"Champion Belt"},{"floor":31,"key":"Art of War"},{"floor":40,"key":"Bag of Preparation"},{"floor":42,"key":"Orichalcum"},{"floor":43,"key":"Tiny Chest"},{"floor":46,"key":"Self Forming Clay"},{"floor":48,"key":"Dodecahedron"}],"event_choices":[{"event_name":"Living Wall","player_choice":"Grow","floor":2.0,"damage_taken":0.0},{"event_name":"Mushrooms","player_choice":"Fought Mushrooms","floor":13.0,"damage_taken":0.0},{"event_name":"Duplicator","player_choice":"One dupe","floor":21.0,"damage_taken":0.0},{"event_name":"Nest","player_choice":"Joined the Cult","floor":22.0,"damage_taken":0.0},{"event_name":"Tomb of Lord Red Mask","player_choice":"Paid","floor":37,"damage_taken":0},{"event_name":"Winding Halls","player_choice":"Embrace Madness","floor":44,"damage_taken":0}],"is_beta":false,"boss_relics":[{"not_picked":["Runic Cube","White Beast Statue"],"picked":"Sozu"},{"not_picked":["Cursed Key","Orrery"],"picked":"Velvet Choker"}],"items_purged_floors":[20],"is_endless":false,"potions_floor_spawned":[1,3,4,11,18,19,23,28,36,39,42,45],"ascension_level":8}