{"gold_per_floor":[361,361,16,36,55,83,95,126,172,172,11,27,55,71,71,144,144,84,84,7,7,7,7,7,7,7,7,7,7,7,7,7,7],"floor_reached":33,"playtime":2532,"items_purged":["Doubt"],"score":569,"play_id":"07658139-7c21-4947-aff6-ca07486f5c8a","local_time":"20180818013126","is_ascension_mode":true,"campfire_choices":[{"data":"Bash","floor":10,"key":"SMITH"},{"data":"Armaments","floor":15,"key":"SMITH"},{"data":"Fiend Fire","floor":23,"key":"SMITH"},{"data":"Cleave","floor":27,"key":"SMITH"},{"data":"Clothesline","floor":29,"key":"SMITH"},{"floor":32,"key":"REST"}],"neow_cost":"CURSE","seed_source_timestamp":68966616486867,"circlet_count":0,"master_deck":["Strike_R","Strike_R","Strike_R","Strike_R","Defend_R","Defend_R","Defend_R","Defend_R","Bash+1","AscendersBane","True Grit","Clothesline+1","Shrug It Off","Cleave+1","Shrug It Off","Metallicize","Feed","Anger","True Grit","Armaments+1","Fiend Fire+1","Metallicize","Shrug It Off","Shrug It Off","Metallicize","Shrug It Off+1"],"special_seed":0,"relics":["Burning Blood","Meat on the Bone","Torii","Shuriken","Pen Nib","Omamori","Ectoplasm","Smiling Mask","Orichalcum","Girya"],"potions_floor_usage":[6,8,8,25,31,31],"damage_taken":[{"damage":23.0,"enemies":"Small Slimes","floor":1.0,"turns":5.0},{"damage":0.0,"enemies":"Cultist","floor":4.0,"turns":3.0},{"damage":7.0,"enemies":"Jaw Worm","floor":5.0,"turns":6.0},{"damage":32,"enemies":"3 Sentries","floor":6,"turns":10},{"damage":9,"enemies":"Gremlin Gang","floor":7,"turns":7},{"damage":31,"enemies":"Gremlin Nob","floor":8,"turns":6},{"damage":6,"enemies":"3 Louse","floor":12,"turns":4},{"damage":19,"enemies":"3 Sentries","floor":13,"turns":12},{"damage":22,"enemies":"Looter","floor":14,"turns":4},{"damage":12,"enemies":"Hexaghost","floor":16,"turns":14},{"damage":13,"enemies":"2 Thieves","floor":18,"turns":5},{"damage":18,"enemies":"3 Byrds","floor":22,"turns":6},{"damage":16,"enemies":"Shelled Parasite and Fungi","floor":24,"turns":8},{"damage":22,"enemies":"Slavers","floor":25,"turns":8},{"damage":8,"enemies":"Centurion and Healer","floor":28,"turns":10},{"damage":58,"enemies":"Gremlin Leader","floor":31,"turns":10},{"damage":72,"enemies":"Collector","floor":33,"turns":6}],"seed_played":"5293896052453553960","potions_obtained":[{"floor":5.0,"key":"Dexterity Potion"},{"floor":6,"key":"EssenceOfSteel"},{"floor":7,"key":"Regen Potion"},{"floor":13,"key":"BloodPotion"},{"floor":24,"key":"Swift Potion"},{"floor":25,"key":"FearPotion"}],"is_trial":false,"path_per_floor":["M","?","$","M","M","E","M","E","T","R","$","M","E","M","R","B",null,"M","?","$","?","M","R","M","E","T","R","M","R","?","E","R"],"character_chosen":"IRONCLAD","items_purchased":["Clothesline","Meat on the Bone","Feed","Anger","Metallicize"],"campfire_rested":1,"item_purchase_floors":[3,3,11,11,20],"current_hp_per_floor":[51,56,56,62,61,47,56,58,58,58,58,61,51,47,47,53,78,71,71,71,71,62,62,52,51,51,51,65,65,65,34,62,0],"gold":7,"neow_bonus":"TWO_FIFTY_GOLD","is_prod":false,"is_daily":false,"chose_seed":false,"campfire_upgraded":5,"win_rate":0,"timestamp":1534581086,"path_taken":["M","?","$","M","M","E","?","E","T","R","$","M","E","M","R","BOSS","M","?","$","?","M","R","?","E","T","R","M","R","?","E","R","BOSS"],"build_version":"2018-08-16","purchased_purges":1,"victory":false,"max_hp_per_floor":[75,80,80,80,80,80,80,80,80,80,80,83,86,86,86,86,86,86,86,86,86,89,89,89,92,92,92,96,96,96,96,96,96],"card_choices":[{"not_picked":["Battle Trance","Blood for Blood"],"picked":"True Grit","floor":1.0},{"not_picked":["Flex","Intimidate"],"picked":"Shrug It Off","floor":4.0},{"not_picked":["True Grit","Pommel Strike"],"picked":"Cleave","floor":5.0},{"not_picked":["Wild Strike","Flex"],"picked":"Shrug It Off","floor":6},{"not_picked":["Sword Boomerang","Perfected Strike","Heavy Blade"],"picked":"SKIP","floor":7},{"not_picked":["Sword Boomerang","Perfected Strike","Heavy Blade"],"picked":"SKIP","floor":7},{"not_picked":["Thunderclap","Iron Wave"],"picked":"Metallicize","floor":8},{"not_picked":["Hemokinesis","Fire Breathing","Body Slam"],"picked":"SKIP","floor":12},{"not_picked":["Dark Embrace","Heavy Blade"],"picked":"True Grit","floor":13},{"not_picked":["Perfected Strike","Flex"],"picked":"Armaments","floor":14},{"not_picked":["Offering","Juggernaut"],"picked":"Fiend Fire","floor":16},{"not_picked":["Evolve","Clothesline","Twin Strike"],"picked":"SKIP","floor":18},{"not_picked":["Clash","True Grit"],"picked":"Shrug It Off","floor":22},{"not_picked":["Iron Wave","Clash","Armaments"],"picked":"SKIP","floor":24},{"not_picked":["Cleave","Sword Boomerang"],"picked":"Shrug It Off","floor":25},{"not_picked":["Sword Boomerang","Brutality"],"picked":"Metallicize","floor":28},{"not_picked":["Pommel Strike","Thunderclap"],"picked":"Shrug It Off+1","floor":31}],"player_experience":508389,"relics_obtained":[{"floor":6,"key":"Torii"},{"floor":8,"key":"Shuriken"},{"floor":9,"key":"Pen Nib"},{"floor":13,"key":"Omamori"},{"floor":25,"key":"Smiling Mask"},{"floor":26,"key":"Orichalcum"},{"floor":31,"key":"Girya"}],"event_choices":[{"event_name":"Big Fish","player_choice":"Donut","floor":2.0,"damage_taken":0.0},{"event_name":"Wheel of Change","player_choice":"Curse","floor":19,"damage_taken":0},{"event_name":"Bonfire Elementals","player_choice":"BASIC","floor":21,"damage_taken":0},{"event_name":"Ghosts","player_choice":"Ignored","floor":30,"damage_taken":0}],"is_beta":false,"boss_relics":[{"not_picked":["Black Star","Busted Crown"],"picked":"Ectoplasm"}],"items_purged_floors":[3],"is_endless":false,"potions_floor_spawned":[5,6,7,13,24,25],"killed_by":"Collector","ascension_level":14}