{"gold_per_floor":[218,218,218,0,11,11,37,37,37,72,91,91,91,16,16,93,93,112,112,112],"floor_reached":20,"playtime":1630,"items_purged":["Regret"],"score":347,"play_id":"e81e92d8-fc80-4e8e-85d2-139eb70748ad","local_time":"20190321004054","is_ascension_mode":true,"campfire_choices":[{"data":"Cleave","floor":6.0,"key":"SMITH"},{"data":"True Grit","floor":8.0,"key":"SMITH"},{"data":"Anger","floor":12.0,"key":"SMITH"},{"data":"Headbutt","floor":15.0,"key":"SMITH"}],"neow_cost":"NONE","seed_source_timestamp":0,"circlet_count":0,"master_deck":["AscendersBane","Strike_R","Strike_R","Strike_R","Strike_R","Defend_R","Defend_R","Defend_R","Defend_R","Bash+1","Anger+1","Cleave+1","True Grit+1","Evolve","Headbutt+1","Feed+1","Iron Wave+1"],"special_seed":0,"relics":["Burning Blood","Strawberry","Ancient Tea Set","Sundial","Matryoshka","Molten Egg 2","Mark of Pain","CultistMask"],"potions_floor_usage":[18],"damage_taken":[{"damage":1.0,"enemies":"Cultist","floor":1.0,"turns":3.0},{"damage":3.0,"enemies":"2 Louse","floor":5.0,"turns":3.0},{"damage":20.0,"enemies":"Lagavulin","floor":7.0,"turns":7.0},{"damage":33.0,"enemies":"3 Sentries","floor":10.0,"turns":10.0},{"damage":7.0,"enemies":"Small Slimes","floor":11.0,"turns":4.0},{"damage":37.0,"enemies":"Slime Boss","floor":16.0,"turns":7.0},{"damage":59,"enemies":"Shell Parasite","floor":18,"turns":7},{"damage":19,"enemies":"3 Byrds","floor":20,"turns":4}],"seed_played":"-5110205901680667583","potions_obtained":[{"floor":5.0,"key":"Weak Potion"},{"floor":11.0,"key":"BloodPotion"},{"floor":16.0,"key":"Energy Potion"}],"is_trial":false,"path_per_floor":["M","?","?","$","M","R","E","R","T","E","M","R","?","$","R","B",null,"M","?","M"],"character_chosen":"IRONCLAD","items_purchased":["Strawberry","Dexterity Potion"],"campfire_rested":0,"item_purchase_floors":[4,4],"current_hp_per_floor":[73,73,73,80,82,82,68,68,68,41,40,40,40,40,40,9,64,19,19,0],"gold":112,"neow_bonus":"HUNDRED_GOLD","is_prod":false,"is_daily":false,"chose_seed":false,"campfire_upgraded":4,"win_rate":0,"timestamp":1553143254,"path_taken":["M","?","?","$","M","R","E","R","T","E","?","R","?","$","R","BOSS","M","?","?"],"build_version":"2019-01-23","purchased_purges":1,"victory":false,"max_hp_per_floor":[75,75,75,82,82,82,82,82,82,82,82,82,82,82,82,82,82,82,82,82],"card_choices":[{"not_picked":["Iron Wave","Searing Blow"],"picked":"Anger","floor":1.0},{"not_picked":["Infernal Blade","Whirlwind"],"picked":"True Grit","floor":5.0},{"not_picked":["Sentinel","Evolve","Clash"],"picked":"SKIP","floor":7.0},{"not_picked":["Body Slam","Anger"],"picked":"Evolve","floor":10.0},{"not_picked":["Power Through","Anger"],"picked":"Headbutt","floor":11.0},{"not_picked":["Limit Break","Fiend Fire+1"],"picked":"Feed+1","floor":16.0},{"not_picked":["Headbutt+1","Dual Wield+1"],"picked":"Iron Wave+1","floor":18}],"player_experience":730560,"relics_obtained":[{"floor":7.0,"key":"Ancient Tea Set"},{"floor":9.0,"key":"Sundial"},{"floor":10.0,"key":"Matryoshka"}],"event_choices":[{"damage_healed":0.0,"max_hp_gain":0.0,"max_hp_loss":0.0,"gold_gain":0.0,"event_name":"Living Wall","player_choice":"Grow","floor":2.0,"gold_loss":0.0,"damage_taken":0.0,"cards_upgraded":["Bash"]},{"damage_healed":0.0,"max_hp_gain":0.0,"max_hp_loss":0.0,"gold_gain":0.0,"cards_transformed":["Strike_R"],"event_name":"Transmorgrifier","player_choice":"Transformed","floor":3.0,"gold_loss":0.0,"damage_taken":0.0,"cards_obtained":["Cleave"]},{"damage_healed":0.0,"max_hp_gain":0.0,"max_hp_loss":0.0,"gold_gain":0.0,"event_name":"Big Fish","player_choice":"Box","floor":13.0,"gold_loss":0.0,"damage_taken":0.0,"relics_obtained":["Molten Egg 2"],"cards_obtained":["Regret"]},{"damage_healed":0,"gold_gain":0,"player_choice":"Trade","damage_taken":0,"relics_obtained":["CultistMask"],"max_hp_gain":0,"max_hp_loss":0,"event_name":"FaceTrader","floor":19,"gold_loss":0}],"is_beta":false,"boss_relics":[{"not_picked":["Busted Crown","Orrery"],"picked":"Mark of Pain"}],"items_purged_floors":[14],"is_endless":false,"potions_floor_spawned":[5,11,16],"killed_by":"3 Byrds","ascension_level":19}