{"gold_per_floor":[209,219,41,41,41,69,69,69,69,150,167,195,195,205,205,303,303,318,328,342,342,342,342,367,367,367,394,394,39,55,83,83,182,182,192,210,210,210,210,210,242,256,331,331,347,4,4,4,4,4],"floor_reached":51,"playtime":5101,"items_purged":["Strike_B"],"score":1169,"play_id":"027f7c46-66ab-43dd-9dca-1f7f7a3a59f3","local_time":"20180808162628","is_ascension_mode":true,"campfire_choices":[{"floor":7,"key":"REST"},{"data":"Zap","floor":13,"key":"SMITH"},{"data":"Capacitor","floor":15,"key":"SMITH"},{"data":"Hologram","floor":23,"key":"SMITH"},{"data":"Rip and Tear","floor":25,"key":"SMITH"},{"floor":32,"key":"REST"},{"data":"Machine Learning","floor":40,"key":"SMITH"},{"data":"Go for the Eyes","floor":44,"key":"SMITH"},{"data":"Consume","floor":47,"key":"SMITH"},{"data":"Glacier","floor":49,"key":"SMITH"}],"neow_cost":"NONE","seed_source_timestamp":1394296720097643,"circlet_count":0,"master_deck":["Defend_B","Defend_B+1","Defend_B","Defend_B","Zap+1","Dualcast","Rip and Tear+1","Core Surge+1","Ball Lightning+1","Capacitor+1","Ball Lightning+1","Glacier+1","Steam","Rainbow+1","Reinforced Body+1","Genetic Algorithm+1","Streamline+1","Hologram+1","FTL","Go for the Eyes+1","FTL","Machine Learning+1","Hologram+1","Master of Strategy","Secret Weapon","Writhe","Consume+1","Capacitor+1"],"relics":["Cracked Core","StoneCalendar","Juzu Bracelet","Potion Belt","Bird Faced Urn","Meat on the Bone","Ancient Tea Set","Astrolabe","Enchiridion","Blue Candle","Unceasing Top","Dodecahedron","Runic Capacitor","Whetstone","Letter Opener","Velvet Choker","Darkstone Periapt","The Courier","Strawberry","Lee\u0027s Waffle"],"potions_floor_usage":[16,19,27,27,30,30,33,33,33,50,50,50,50,50],"damage_taken":[{"damage":6,"enemies":"2 Louse","floor":1,"turns":2},{"damage":0,"enemies":"Small Slimes","floor":2,"turns":2},{"damage":22,"enemies":"Lagavulin","floor":6,"turns":5},{"damage":0,"enemies":"Cultist","floor":11,"turns":2},{"damage":22,"enemies":"3 Sentries","floor":12,"turns":6},{"damage":0,"enemies":"3 Louse","floor":14,"turns":2},{"damage":0,"enemies":"The Guardian","floor":16,"turns":11},{"damage":10,"enemies":"Chosen","floor":18,"turns":5},{"damage":0,"enemies":"Spheric Guardian","floor":19,"turns":3},{"damage":57,"enemies":"Cultist and Chosen","floor":20,"turns":7},{"damage":11,"enemies":"Slavers","floor":24,"turns":2},{"damage":14,"enemies":"Gremlin Leader","floor":27,"turns":7},{"damage":0,"enemies":"3 Cultists","floor":30,"turns":4},{"damage":43,"enemies":"Slavers","floor":31,"turns":6},{"damage":31,"enemies":"Collector","floor":33,"turns":8},{"damage":50,"enemies":"3 Darklings","floor":35,"turns":6},{"damage":14,"enemies":"Flame Bruiser 1 Orb","floor":36,"turns":6},{"damage":33,"enemies":"Giant Head","floor":41,"turns":8},{"damage":1,"enemies":"Sphere and 2 Shapes","floor":42,"turns":5},{"damage":0,"enemies":"Spire Growth","floor":45,"turns":6},{"damage":0,"enemies":"Time Eater","floor":50,"turns":9}],"seed_played":"6364483421434731982","potions_obtained":[{"floor":1,"key":"SneckoOil"},{"floor":14,"key":"Block Potion"},{"floor":16,"key":"PowerPotion"},{"floor":19,"key":"SpeedPotion"},{"floor":20,"key":"Strength Potion"},{"floor":28,"key":"SpeedPotion"},{"floor":28,"key":"Explosive Potion"},{"floor":28,"key":"Fire Potion"},{"floor":30,"key":"Strength Potion"},{"floor":31,"key":"FearPotion"},{"floor":33,"key":"Fire Potion"},{"floor":41,"key":"Fire Potion"},{"floor":45,"key":"Block Potion"}],"is_trial":false,"path_per_floor":["M","M","$","?","?","E","R","?","T","T","M","E","R","M","R","B",null,"M","M","M","?","?","R","E","R","T","E","?","$","M","E","R","B",null,"M","M","?","?","?","R","E","M","T","R","M","$","R","?","R","B"],"character_chosen":"DEFECT","items_purchased":["Ball Lightning","Fire Potion","Runic Capacitor","Whetstone","Strawberry","Lee\u0027s Waffle","LiquidBronze"],"campfire_rested":2,"item_purchase_floors":[3,3,29,29,46,46,46],"current_hp_per_floor":[62,62,62,47,47,25,47,29,29,29,43,35,35,47,47,49,69,61,63,22,85,69,69,60,60,60,52,52,52,54,27,52,37,73,41,52,42,63,63,63,50,55,55,55,67,99,99,99,99,99],"gold":4,"neow_bonus":"HUNDRED_GOLD","is_prod":false,"is_daily":false,"chose_seed":false,"campfire_upgraded":8,"win_rate":0,"timestamp":1533770788,"path_taken":["M","M","$","?","?","E","R","?","T","?","M","E","R","M","R","BOSS","M","M","M","?","?","R","E","R","T","E","?","$","M","E","R","BOSS","M","M","?","?","?","R","E","M","T","R","M","$","R","?","R","BOSS"],"build_version":"2018-08-02","purchased_purges":1,"victory":true,"max_hp_per_floor":[75,75,75,75,75,75,75,75,75,75,75,75,75,75,75,75,75,75,75,75,85,85,85,85,85,85,85,85,85,85,85,85,85,85,85,85,85,85,85,85,85,85,85,85,85,99,99,99,99,99],"card_choices":[{"not_picked":["Skim","Turbo"],"picked":"Rip and Tear","floor":1},{"not_picked":["Compile Driver","Rebound"],"picked":"Core Surge","floor":2},{"not_picked":["Go for the Eyes","Rebound"],"picked":"Capacitor","floor":6},{"not_picked":["Force Field","BootSequence"],"picked":"Ball Lightning","floor":11},{"not_picked":["Reinforced Body","Chaos"],"picked":"Glacier","floor":12},{"not_picked":["Streamline","Hologram"],"picked":"Steam","floor":14},{"not_picked":["Fission","Amplify"],"picked":"Buffer","floor":16},{"not_picked":["Gash","Fusion+1"],"picked":"Streamline+1","floor":18},{"not_picked":["Darkness","Skim"],"picked":"Hologram","floor":19},{"not_picked":["Reprogram","Rebound+1","Skim"],"picked":"SKIP","floor":20},{"not_picked":["Turbo","Cold Snap"],"picked":"FTL","floor":24},{"not_picked":["Aggregate+1","Rebound"],"picked":"Go for the Eyes","floor":27},{"not_picked":["Blizzard","Rebound"],"picked":"FTL","floor":30},{"not_picked":["Beam Cell","Fusion","Static Discharge+1"],"picked":"SKIP","floor":31},{"not_picked":["Core Surge","Multi-Cast"],"picked":"Machine Learning","floor":33},{"not_picked":["Conserve Battery","Leap","Sweeping Beam+1"],"picked":"SKIP","floor":35},{"not_picked":["Go for the Eyes+1","Compile Driver"],"picked":"Hologram+1","floor":36},{"not_picked":["Trip","Jack Of All Trades"],"picked":"Master of Strategy","floor":37},{"not_picked":["Sadistic Nature","Dramatic Entrance"],"picked":"Secret Weapon","floor":37},{"not_picked":["Flash of Steel","Enlightenment"],"picked":"Secret Weapon","floor":37},{"not_picked":["Rebound+1","Compile Driver","Sweeping Beam"],"picked":"SKIP","floor":41},{"not_picked":["Beam Cell","Chaos+1","Steam Power+1"],"picked":"SKIP","floor":42},{"not_picked":["Leap+1","FTL+1"],"picked":"Consume","floor":45}],"player_experience":366094,"relics_obtained":[{"floor":6,"key":"Juzu Bracelet"},{"floor":9,"key":"Bird Faced Urn"},{"floor":10,"key":"Meat on the Bone"},{"floor":12,"key":"Ancient Tea Set"},{"floor":22,"key":"Enchiridion"},{"floor":24,"key":"Blue Candle"},{"floor":26,"key":"Unceasing Top"},{"floor":27,"key":"Dodecahedron"},{"floor":31,"key":"Letter Opener"},{"floor":41,"key":"Darkstone Periapt"},{"floor":43,"key":"The Courier"}],"event_choices":[{"event_name":"Shining Light","player_choice":"Entered Light","floor":4,"damage_taken":0},{"event_name":"WeMeetAgain","player_choice":"Potion","floor":5,"damage_taken":0},{"event_name":"Scrap Ooze","player_choice":"success","floor":8,"damage_taken":18},{"event_name":"Bonfire Elementals","player_choice":"RARE","floor":21,"damage_taken":0},{"event_name":"Cursed Tome","player_choice":"Obtained Book","floor":22,"damage_taken":0},{"event_name":"The Lab","player_choice":"Got Potions","floor":28,"damage_taken":0},{"event_name":"SensoryStone","player_choice":"Memory 3","floor":37,"damage_taken":0},{"event_name":"Winding Halls","player_choice":"Writhe","floor":38,"damage_taken":0},{"event_name":"Falling","player_choice":"Removed Skill","floor":39,"damage_taken":0},{"event_name":"Duplicator","player_choice":"One dupe","floor":48,"damage_taken":0}],"is_beta":false,"boss_relics":[{"not_picked":["Philosopher\u0027s Stone","Pandora\u0027s Box"],"picked":"Astrolabe"},{"not_picked":["Empty Cage","Eternal Feather"],"picked":"Velvet Choker"}],"items_purged_floors":[3],"is_endless":false,"potions_floor_spawned":[1,14,16,19,20,30,31,33,41,45],"ascension_level":9}