{"gold_per_floor":[117,137,18,18,18,18,47,47,102,121,155,173,208,218,218,317,317,332,348,348,348,348,5,40,40,40,68,16,35,64,95,95,194,494,510,22,46,72,72,107,107,107],"floor_reached":42,"playtime":3773,"items_purged":["Writhe"],"score":956,"play_id":"1cc68411-7718-4a5a-add1-e37e43ce27e7","local_time":"20180723111621","is_ascension_mode":true,"campfire_choices":[{"data":"Sucker Punch","floor":6,"key":"SMITH"},{"data":"Neutralize","floor":8,"key":"SMITH"},{"data":"Dagger Spray","floor":15,"key":"SMITH"},{"floor":25,"key":"REST"},{"data":"Apotheosis","floor":32,"key":"SMITH"},{"data":"Regret","floor":41,"key":"PURGE"}],"neow_cost":"","seed_source_timestamp":640981537487348,"circlet_count":0,"master_deck":["Defend_G","Defend_G","Defend_G","Defend_G","Defend_G","Survivor","Neutralize+1","Dagger Throw","Sucker Punch+1","Quick Slash","Footwork","Eviscerate","Flying Knee","Flying Knee","Endless Agony","Flying Knee","Dagger Spray+1","Unload","Prepared+1","Bite","Bite","Bite","Bite","Bite","Ghostly","Ghostly","Ghostly","Ghostly","Ghostly","Cloak And Dagger","Apotheosis+1","Sucker Punch","Clumsy","Caltrops+1","Quick Slash","Dodge and Roll","Flying Knee","Glass Knife","Doubt","Doubt","Quick Slash","Dramatic Entrance","Blade Dance","Injury","Terror+1","Poisoned Stab+1"],"relics":["Ring of the Snake","Bag of Preparation","Tiny Chest","Frozen Egg 2","Bird Faced Urn","Cursed Key","Strawberry","Juzu Bracelet","Gremlin Horn","Bag of Marbles","Pantograph","Red Mask","Calling Bell","Ancient Tea Set","Ornamental Fan","Old Coin","Shuriken","Potion Belt","Boot","Peace Pipe","Blue Candle"],"potions_floor_usage":[7,7,11,11,16,16,27,30,33,33,40],"damage_taken":[{"damage":0,"enemies":"Cultist","floor":1,"turns":4},{"damage":1,"enemies":"2 Louse","floor":2,"turns":4},{"damage":0,"enemies":"Gremlin Nob","floor":7,"turns":2},{"damage":2,"enemies":"Jaw Worm","floor":10,"turns":4},{"damage":4,"enemies":"Lagavulin","floor":11,"turns":7},{"damage":3,"enemies":"Looter","floor":12,"turns":3},{"damage":11,"enemies":"Gremlin Nob","floor":13,"turns":4},{"damage":3,"enemies":"Lots of Slimes","floor":14,"turns":3},{"damage":0,"enemies":"Slime Boss","floor":16,"turns":6},{"damage":12,"enemies":"3 Byrds","floor":18,"turns":3},{"damage":35,"enemies":"2 Thieves","floor":19,"turns":4},{"damage":46,"enemies":"Slavers","floor":24,"turns":9},{"damage":21,"enemies":"Gremlin Leader","floor":27,"turns":6},{"damage":10,"enemies":"Chosen and Byrds","floor":29,"turns":8},{"damage":13,"enemies":"Book of Stabbing","floor":30,"turns":6},{"damage":0,"floor":31,"turns":3},{"damage":27,"enemies":"Collector","floor":33,"turns":10},{"damage":19,"enemies":"Flame Bruiser 1 Orb","floor":35,"turns":6},{"damage":16,"floor":39,"turns":7},{"damage":30,"enemies":"2 Orb Walkers","floor":40,"turns":6},{"damage":21,"enemies":"Giant Head","floor":42,"turns":5}],"seed_played":"212915632493348382","potions_obtained":[{"floor":2,"key":"FearPotion"},{"floor":4,"key":"SkillPotion"},{"floor":4,"key":"FairyPotion"},{"floor":7,"key":"Poison Potion"},{"floor":10,"key":"SteroidPotion"},{"floor":13,"key":"LiquidBronze"},{"floor":14,"key":"Strength Potion"},{"floor":18,"key":"Poison Potion"},{"floor":27,"key":"Regen Potion"},{"floor":30,"key":"Weak Potion"},{"floor":31,"key":"Swift Potion"},{"floor":35,"key":"Regen Potion"},{"floor":40,"key":"Dexterity Potion"}],"is_trial":false,"path_per_floor":["M","M","$","?","?","R","E","R","T","M","E","M","E","M","R","B",null,"M","M","?","?","?","$","E","R","T","E","$","M","E","?","R","B",null,"M","$","T","T","?","E","R"],"character_chosen":"THE_SILENT","items_purchased":["Quick Slash","Footwork","Strawberry","Apotheosis","Quick Slash","Shuriken","Dramatic Entrance","Blade Dance"],"campfire_rested":1,"item_purchase_floors":[3,3,23,23,28,36,36,36],"current_hp_per_floor":[70,69,69,69,69,69,69,69,69,67,63,60,49,46,46,48,70,58,23,23,23,23,30,5,14,14,10,10,22,28,31,31,24,31,22,22,22,22,31,12,12,0],"gold":107,"neow_bonus":"","is_prod":false,"is_daily":false,"chose_seed":false,"campfire_upgraded":4,"win_rate":0,"timestamp":1532369781,"path_taken":["M","M","$","?","?","R","E","R","T","M","E","M","E","?","R","BOSS","M","M","?","?","?","$","E","R","T","E","$","M","E","?","R","BOSS","M","?","?","?","?","E","R","E"],"build_version":"2018-07-19v2","purchased_purges":1,"victory":false,"max_hp_per_floor":[70,70,70,70,70,70,70,70,70,70,70,70,70,70,70,70,70,70,70,49,24,24,31,31,31,31,31,31,31,31,31,31,31,31,31,31,31,31,31,31,31,31],"card_choices":[{"not_picked":["Deadly Poison","Sucker Punch"],"picked":"Dagger Throw","floor":1},{"not_picked":["PiercingWail","Leg Sweep"],"picked":"Sucker Punch","floor":2},{"not_picked":["Blade Dance","Venomology"],"picked":"Flying Knee","floor":7},{"not_picked":["Dagger Throw","Cloak And Dagger"],"picked":"Flying Knee","floor":10},{"not_picked":["Dash","Underhanded Strike"],"picked":"Endless Agony","floor":11},{"not_picked":["Sucker Punch","Burst"],"picked":"Flying Knee","floor":12},{"not_picked":["Bouncing Flask","Bane","Deadly Poison"],"picked":"SKIP","floor":13},{"not_picked":["Dodge and Roll","Poisoned Stab"],"picked":"Dagger Spray","floor":14},{"not_picked":["Corpse Explosion","After Image+1"],"picked":"Unload","floor":16},{"not_picked":["Masterful Stab","Bane"],"picked":"Prepared+1","floor":18},{"not_picked":["PiercingWail","Backflip","Expertise"],"picked":"SKIP","floor":19},{"not_picked":["PiercingWail+1","Expertise"],"picked":"Sucker Punch","floor":24},{"not_picked":["Distraction","Cloak And Dagger"],"picked":"Caltrops+1","floor":27},{"not_picked":["Underhanded Strike","Backflip","Choke"],"picked":"SKIP","floor":29},{"not_picked":["Burst","Footwork+1"],"picked":"Dodge and Roll","floor":30},{"not_picked":["Dodge and Roll+1","Sucker Punch"],"picked":"Flying Knee","floor":31},{"not_picked":["Phantasmal Killer","Malaise"],"picked":"Glass Knife","floor":33},{"not_picked":["Deflect","Crippling Poison+1"],"picked":"Quick Slash","floor":35},{"not_picked":["Backflip+1","Flying Knee"],"picked":"Terror+1","floor":39},{"not_picked":["Slice","Outmaneuver"],"picked":"Poisoned Stab+1","floor":40}],"player_experience":138280,"relics_obtained":[{"floor":7,"key":"Bag of Preparation"},{"floor":9,"key":"Tiny Chest"},{"floor":11,"key":"Frozen Egg 2"},{"floor":13,"key":"Bird Faced Urn"},{"floor":24,"key":"Juzu Bracelet"},{"floor":26,"key":"Gremlin Horn"},{"floor":27,"key":"Bag of Marbles"},{"floor":30,"key":"Pantograph"},{"floor":31,"key":"Red Mask"},{"floor":34,"key":"Ancient Tea Set"},{"floor":34,"key":"Ornamental Fan"},{"floor":34,"key":"Old Coin"},{"floor":37,"key":"Potion Belt"},{"floor":38,"key":"Boot"},{"floor":39,"key":"Peace Pipe"},{"floor":40,"key":"Blue Candle"}],"event_choices":[{"event_name":"The Lab","player_choice":"Got Potions","floor":4,"damage_taken":0},{"event_name":"Living Wall","player_choice":"Change","floor":5,"damage_taken":0},{"event_name":"Vampires","player_choice":"Became a vampire","floor":20,"damage_taken":0},{"event_name":"Ghosts","player_choice":"Became a Ghost","floor":21,"damage_taken":0},{"event_name":"The Library","player_choice":"Read","floor":22,"damage_taken":0},{"event_name":"MindBloom","player_choice":"Fight","floor":39,"damage_taken":0}],"is_beta":false,"boss_relics":[{"not_picked":["Eternal Feather","Lizard Tail"],"picked":"Cursed Key"},{"not_picked":["Black Star","Velvet Choker"],"picked":"Calling Bell"}],"items_purged_floors":[36],"is_endless":false,"potions_floor_spawned":[2,7,10,13,14,18,27,30,31,35,40],"killed_by":"Giant Head","ascension_level":3}