{"gold_per_floor":[119,119,119,132,132,132,161,174,174,174,0,35,61,102,114,230,242,270,282,305,327,3,28,28,58,83,110,130,130,130,55,55,158,158,176,196,213,229,229,229,256,256,256,256,25,40,72,72,72,72],"floor_reached":51,"playtime":5122,"items_purged":["Strike_G","Strike_G"],"score":1188,"play_id":"6a8cf7f6-3d87-4e03-be53-64531b772153","local_time":"20180806171557","is_ascension_mode":true,"campfire_choices":[{"data":"Neutralize","floor":6.0,"key":"SMITH"},{"floor":10.0,"key":"REST"},{"data":"Sucker Punch","floor":15.0,"key":"SMITH"},{"data":"Noxious Fumes","floor":24.0,"key":"SMITH"},{"floor":30.0,"key":"REST"},{"data":"Caltrops","floor":32.0,"key":"SMITH"},{"data":"Deep Breath","floor":40.0,"key":"SMITH"},{"data":"Cloak And Dagger","floor":42.0,"key":"SMITH"},{"data":"Dash","floor":44.0,"key":"SMITH"},{"data":"A Thousand Cuts","floor":49,"key":"SMITH"}],"neow_cost":"NONE","seed_source_timestamp":0,"circlet_count":0,"master_deck":["Defend_G","Defend_G","Defend_G","Defend_G","Defend_G","Strike_G+1","Survivor","Neutralize+1","Dagger Throw","Slice+1","Predator","Sucker Punch+1","Caltrops+1","Backflip","Noxious Fumes+1","Blur","Dash+1","Adrenaline","Leg Sweep","Footwork+1","Bandage Up","Backflip","Dodge and Roll+1","Sucker Punch+1","Cloak And Dagger+1","Adrenaline","PiercingWail+1","Infinite Blades+1","Secret Weapon","Deep Breath+1","Backflip","Accuracy","A Thousand Cuts+1","Caltrops"],"special_seed":0,"relics":["Ring of the Snake","Lantern","Oddly Smooth Stone","Question Card","MawBank","Tingsha","Runic Dome","Strawberry","Pear","Whetstone","Pen Nib","Dodecahedron","Busted Crown","The Courier","Darkstone Periapt","Art of War","Molten Egg 2"],"potions_floor_usage":[50,50,50],"damage_taken":[{"damage":0.0,"enemies":"2 Louse","floor":1.0,"turns":3.0},{"damage":0.0,"enemies":"Jaw Worm","floor":4.0,"turns":4.0},{"damage":32.0,"enemies":"Gremlin Nob","floor":7.0,"turns":5.0},{"damage":0.0,"enemies":"Cultist","floor":8.0,"turns":3.0},{"damage":3.0,"enemies":"3 Sentries","floor":12.0,"turns":7.0},{"damage":5.0,"enemies":"Looter","floor":13.0,"turns":4.0},{"damage":16.0,"enemies":"Gremlin Nob","floor":14.0,"turns":4.0},{"damage":0.0,"enemies":"Hexaghost","floor":16.0,"turns":10.0},{"damage":0.0,"enemies":"Chosen","floor":18.0,"turns":5.0},{"damage":6.0,"enemies":"2 Thieves","floor":20.0,"turns":4.0},{"damage":6.0,"enemies":"Chosen and Byrds","floor":21.0,"turns":5.0},{"damage":15.0,"enemies":"Gremlin Leader","floor":23.0,"turns":12.0},{"damage":0.0,"enemies":"Book of Stabbing","floor":25.0,"turns":7.0},{"damage":15.0,"enemies":"Gremlin Leader","floor":27.0,"turns":9.0},{"damage":6.0,"enemies":"Slaver and Parasite","floor":28.0,"turns":7.0},{"damage":35.0,"enemies":"Champ","floor":33.0,"turns":16.0},{"damage":0.0,"enemies":"3 Shapes","floor":35.0,"turns":4.0},{"damage":0.0,"enemies":"Flame Bruiser 1 Orb","floor":36.0,"turns":5.0},{"damage":2.0,"enemies":"Sphere and 2 Shapes","floor":37.0,"turns":6.0},{"damage":0.0,"enemies":"Spire Growth","floor":38.0,"turns":6.0},{"damage":0.0,"enemies":"Nemesis","floor":41.0,"turns":9.0},{"damage":17,"enemies":"4 Shapes","floor":46,"turns":4},{"damage":24,"enemies":"2 Orb Walkers","floor":47,"turns":5},{"damage":31,"enemies":"Awakened One","floor":50,"turns":12}],"seed_played":"1372329223557952839","potions_obtained":[{"floor":4.0,"key":"Dexterity Potion"},{"floor":8.0,"key":"Explosive Potion"},{"floor":13.0,"key":"SpeedPotion"},{"floor":14.0,"key":"Dexterity Potion"},{"floor":21.0,"key":"AttackPotion"},{"floor":23.0,"key":"GhostInAJar"},{"floor":25.0,"key":"Fire Potion"},{"floor":28.0,"key":"Regen Potion"},{"floor":33.0,"key":"Block Potion"},{"floor":35.0,"key":"Ancient Potion"},{"floor":47,"key":"Regen Potion"}],"is_trial":false,"path_per_floor":["M","?","?","M","?","R","E","M","T","R","$","E","M","E","R","B",null,"M","?","M","M","$","E","R","E","T","E","M","?","R","?","R","B",null,"M","M","M","M","?","R","E","R","T","R","$","M","E","T","R","B"],"character_chosen":"THE_SILENT","items_purchased":["Caltrops","Backflip","Strawberry","Bandage Up","Accuracy","A Thousand Cuts","Caltrops"],"campfire_rested":2,"item_purchase_floors":[11,11,22,22,45,45,45],"current_hp_per_floor":[70,63,63,63,63,63,31,31,31,54,54,51,46,30,30,30,65,65,65,59,53,60,59,59,63,63,52,50,31,60,60,60,44,85,89,93,95,99,89,89,93,93,93,93,93,76,56,56,56,44],"gold":72,"neow_bonus":"TEN_PERCENT_HP_BONUS","is_prod":false,"is_daily":false,"chose_seed":false,"campfire_upgraded":8,"win_rate":0,"timestamp":1533600957,"path_taken":["M","?","?","M","?","R","E","M","T","R","$","E","M","E","R","BOSS","M","?","M","M","$","E","R","E","T","E","M","?","R","?","R","BOSS","M","M","M","M","?","R","E","R","T","R","$","M","E","?","R","BOSS"],"build_version":"2018-08-02","purchased_purges":2,"victory":true,"max_hp_per_floor":[77,77,77,77,77,77,77,77,77,77,77,77,77,77,77,77,77,77,77,77,77,84,94,94,94,94,94,94,99,99,99,99,99,99,99,99,99,99,99,99,99,99,99,99,99,99,99,99,99,99],"card_choices":[{"not_picked":["Bane","Deflect"],"picked":"Dagger Throw","floor":1.0},{"not_picked":["Acrobatics","Burst"],"picked":"Slice","floor":4.0},{"not_picked":["Eviscerate","Heel Hook"],"picked":"Predator","floor":7.0},{"not_picked":["Dodge and Roll","Poisoned Stab"],"picked":"Sucker Punch","floor":8.0},{"not_picked":["Slice","Dagger Throw","Dash"],"picked":"Noxious Fumes","floor":12.0},{"not_picked":["Sucker Punch","Flechettes","Poisoned Stab"],"picked":"Blur","floor":13.0},{"not_picked":["Escape Plan","Backflip","Storm of Steel"],"picked":"Dash","floor":14.0},{"not_picked":["Bullet Time","Storm of Steel","Malaise"],"picked":"Adrenaline","floor":16.0},{"not_picked":["Flying Knee","Outmaneuver","Endless Agony","Underhanded Strike"],"picked":"SKIP","floor":18.0},{"not_picked":["Underhanded Strike","Quick Slash","Well Laid Plans"],"picked":"Leg Sweep","floor":20.0},{"not_picked":["Deflect","Crippling Poison","Poisoned Stab+1"],"picked":"Footwork+1","floor":21.0},{"not_picked":["Infinite Blades","Predator","Prepared+1"],"picked":"Backflip","floor":23.0},{"not_picked":["Infinite Blades","Eviscerate","Skewer"],"picked":"Dodge and Roll+1","floor":25.0},{"not_picked":["Crippling Poison","Reflex","Flechettes"],"picked":"Sucker Punch+1","floor":27.0},{"not_picked":["Outmaneuver","Calculated Gamble","Accuracy+1"],"picked":"Cloak And Dagger","floor":28.0},{"not_picked":["Tools of the Trade","Storm of Steel","Night Terror"],"picked":"Adrenaline","floor":33.0},{"not_picked":["Prepared","PiercingWail"],"picked":"SKIP","floor":35.0},{"not_picked":["Sucker Punch+1"],"picked":"PiercingWail+1","floor":36.0},{"not_picked":["Flying Knee+1","Acrobatics+1"],"picked":"SKIP","floor":37.0},{"not_picked":["Bane+1"],"picked":"Infinite Blades+1","floor":38.0},{"not_picked":["Dark Shackles"],"picked":"Secret Weapon","floor":39.0},{"not_picked":["Dramatic Entrance"],"picked":"Deep Breath","floor":39.0},{"not_picked":["Underhanded Strike"],"picked":"Backflip","floor":41.0},{"not_picked":["Concentrate","PiercingWail+1"],"picked":"SKIP","floor":46},{"not_picked":["Prepared","Finisher"],"picked":"SKIP","floor":47}],"player_experience":324130,"relics_obtained":[{"floor":7.0,"key":"Oddly Smooth Stone"},{"floor":9.0,"key":"Question Card"},{"floor":12.0,"key":"MawBank"},{"floor":14.0,"key":"Tingsha"},{"floor":23.0,"key":"Pear"},{"floor":25.0,"key":"Whetstone"},{"floor":26.0,"key":"Pen Nib"},{"floor":27.0,"key":"Dodecahedron"},{"floor":41.0,"key":"The Courier"},{"floor":43.0,"key":"Darkstone Periapt"},{"floor":47,"key":"Art of War"},{"floor":48,"key":"Molten Egg 2"}],"event_choices":[{"event_name":"Golden Wing","player_choice":"Card Removal","floor":2.0,"damage_taken":0.0},{"event_name":"Accursed Blacksmith","player_choice":"Rummage","floor":3.0,"damage_taken":0.0},{"event_name":"Living Wall","player_choice":"Forget","floor":5.0,"damage_taken":0.0},{"event_name":"Drug Dealer","player_choice":"Ignored","floor":19.0,"damage_taken":0.0},{"event_name":"Forgotten Altar","player_choice":"Shed Blood","floor":29.0,"damage_taken":0.0},{"event_name":"Beggar","player_choice":"Gave Gold","floor":31.0,"damage_taken":0.0},{"event_name":"SensoryStone","player_choice":"Memory 3","floor":39.0,"damage_taken":0.0}],"is_beta":false,"boss_relics":[{"not_picked":["Ectoplasm","Velvet Choker"],"picked":"Runic Dome"},{"not_picked":["Fusion Hammer","Sozu"],"picked":"Busted Crown"}],"items_purged_floors":[11,22],"is_endless":false,"potions_floor_spawned":[4,8,13,14,21,23,25,28,33,35,47],"ascension_level":8}