{"gold_per_floor":[117,38,55,230,230,265,265,276,276,27,39,67,83,103,103,200,200,210,210,222,137,150,150],"floor_reached":23,"playtime":1823,"items_purged":[],"score":294,"play_id":"12d7fd85-0757-4a68-9137-44f34da81da0","local_time":"20180807144223","is_ascension_mode":true,"campfire_choices":[{"data":"Neutralize","floor":7,"key":"SMITH"},{"data":"Footwork","floor":15,"key":"SMITH"}],"neow_cost":"NONE","seed_source_timestamp":1304955359778006,"circlet_count":0,"master_deck":["Defend_G","Defend_G","Defend_G","Defend_G","Defend_G","Strike_G","Strike_G","Strike_G","Strike_G","Strike_G","Survivor","Neutralize+1","Dagger Throw","Footwork+1","Quick Slash","Doubt","Quick Slash","Flying Knee","Cloak And Dagger","Backflip","Backstab","Backflip","After Image","Caltrops","Backflip","Dagger Spray","Cloak And Dagger","Slice","Sucker Punch+1"],"relics":["Philosopher\u0027s Stone","Smiling Mask","Matryoshka","Singing Bowl","Torii","Orrery","Molten Egg 2"],"potions_floor_usage":[16,16,16,16,16,16,22,23],"damage_taken":[{"damage":3,"enemies":"2 Louse","floor":1,"turns":3},{"damage":0,"enemies":"Jaw Worm","floor":3,"turns":4},{"damage":24,"enemies":"Lagavulin","floor":6,"turns":9},{"damage":0,"enemies":"Small Slimes","floor":8,"turns":3},{"damage":7,"enemies":"3 Louse","floor":11,"turns":3},{"damage":27,"enemies":"Gremlin Nob","floor":12,"turns":4},{"damage":0,"enemies":"Exordium Wildlife","floor":13,"turns":3},{"damage":0,"enemies":"Red Slaver","floor":14,"turns":4},{"damage":3,"enemies":"The Guardian","floor":16,"turns":12},{"damage":0,"enemies":"Chosen","floor":18,"turns":7},{"damage":2,"enemies":"Spheric Guardian","floor":20,"turns":6},{"damage":10,"enemies":"Snecko","floor":22,"turns":9},{"damage":81,"enemies":"Gremlin Leader","floor":23,"turns":9}],"seed_played":"-6483073177875522369","potions_obtained":[{"floor":11,"key":"LiquidBronze"},{"floor":13,"key":"Fire Potion"},{"floor":14,"key":"EntropicBrew"},{"floor":16,"key":"Energy Potion"},{"floor":22,"key":"AttackPotion"}],"is_trial":false,"path_per_floor":["M","$","M","?","?","E","R","M","T","$","M","E","M","M","R","B",null,"M","?","M","?","M"],"character_chosen":"THE_SILENT","items_purchased":["Footwork","Singing Bowl"],"campfire_rested":0,"item_purchase_floors":[2,10],"current_hp_per_floor":[60,60,60,60,65,41,41,41,41,41,34,7,7,7,7,75,75,77,77,77,77,67,0],"gold":150,"neow_bonus":"BOSS_RELIC","is_prod":false,"is_daily":false,"chose_seed":false,"campfire_upgraded":2,"win_rate":0,"timestamp":1533678143,"path_taken":["M","$","M","?","?","E","R","?","T","$","M","E","?","M","R","BOSS","M","?","?","?","M","E"],"build_version":"2018-08-02","purchased_purges":0,"victory":false,"max_hp_per_floor":[70,70,70,70,75,75,75,75,75,75,75,75,75,75,75,75,75,77,77,79,79,79,79],"card_choices":[{"not_picked":["Quick Slash","Escape Plan"],"picked":"Dagger Throw","floor":1},{"not_picked":["Prepared","Infinite Blades"],"picked":"Quick Slash","floor":3},{"not_picked":["Reflex","PiercingWail"],"picked":"Quick Slash","floor":6},{"not_picked":["Crippling Poison","PiercingWail"],"picked":"Flying Knee","floor":8},{"not_picked":["Slice","Unload"],"picked":"Cloak And Dagger","floor":11},{"not_picked":["Outmaneuver","Prepared"],"picked":"Backflip","floor":12},{"not_picked":["Prepared","Deadly Poison"],"picked":"Backstab","floor":13},{"not_picked":["Underhanded Strike","PiercingWail"],"picked":"Backflip","floor":14},{"not_picked":["Malaise","Wraith Form v2"],"picked":"After Image","floor":16},{"not_picked":["Poisoned Stab","Endless Agony"],"picked":"Caltrops","floor":17},{"not_picked":["Endless Agony","Underhanded Strike"],"picked":"Backflip","floor":17},{"not_picked":["Acrobatics","Envenom"],"picked":"Dagger Spray","floor":17},{"not_picked":["Deadly Poison","Dagger Throw"],"picked":"Cloak And Dagger","floor":17},{"not_picked":["Dagger Throw","Deadly Poison"],"picked":"Slice","floor":17},{"not_picked":["Flying Knee+1","Bane","Outmaneuver+1"],"picked":"Singing Bowl","floor":18},{"not_picked":["Corpse Explosion","Dagger Spray","All Out Attack"],"picked":"Singing Bowl","floor":20},{"not_picked":["Flechettes+1","Prepared"],"picked":"Sucker Punch+1","floor":22}],"player_experience":341228,"relics_obtained":[{"floor":6,"key":"Smiling Mask"},{"floor":9,"key":"Matryoshka"},{"floor":12,"key":"Torii"}],"event_choices":[{"event_name":"Liars Game","player_choice":"agreed","floor":4,"damage_taken":0},{"event_name":"Big Fish","player_choice":"Donut","floor":5,"damage_taken":0},{"event_name":"Drug Dealer","player_choice":"Ignored","floor":19,"damage_taken":0},{"event_name":"Addict","player_choice":"Obtained Relic","floor":21,"damage_taken":0}],"is_beta":false,"boss_relics":[{"not_picked":["Fusion Hammer","Cursed Key"],"picked":"Orrery"}],"items_purged_floors":[],"is_endless":false,"potions_floor_spawned":[11,13,14,16,22],"killed_by":"Gremlin Leader","ascension_level":9}