{"gold_per_floor":[109,126,126,142,142,142,168,168,217,492,47,72,72,83,83,156,156,166,177,9,23,23,23,53,53,107,120,151,151,177,194,194,268,268,284,297,297,315,315,348,361,361,361,160,160,160,160],"floor_reached":47,"playtime":4170,"items_purged":["Regret","Strike_G","Slice"],"score":953,"play_id":"a99a8e2e-60fa-4287-ba43-351bdb1895c3","local_time":"20180817213724","is_ascension_mode":true,"campfire_choices":[{"data":"Sucker Punch","floor":6,"key":"SMITH"},{"floor":8,"key":"REST"},{"data":"Bouncing Flask","floor":15,"key":"SMITH"},{"data":"All Out Attack","floor":23,"key":"SMITH"},{"data":"Die Die Die","floor":29,"key":"SMITH"},{"data":"Footwork","floor":32,"key":"SMITH"},{"floor":42,"key":"REST"},{"data":"Noxious Fumes","floor":45,"key":"SMITH"}],"neow_cost":"NONE","seed_source_timestamp":53314972684257,"circlet_count":0,"master_deck":["Defend_G","Defend_G","Defend_G","Defend_G","Defend_G","Survivor","Neutralize","AscendersBane","Leg Sweep","Sucker Punch+1","Slice","Neutralize+1","Deadly Poison","Bouncing Flask+1","Backstab+1","Well Laid Plans","All Out Attack+1","Die Die Die+1","Footwork+1","Flying Knee+1","Masterful Stab+1","Dagger Throw+1","Blur","PiercingWail+1","Deadly Poison","Footwork+1","Adrenaline","Masterful Stab","PiercingWail","Caltrops","Master of Strategy","Master of Strategy","Master of Strategy","Deadly Poison+1","Noxious Fumes+1"],"relics":["Velvet Choker","Bag of Preparation","Regal Pillow","Bag of Marbles","Whetstone","Darkstone Periapt","Astrolabe","Ginger","Blood Vial","Gambling Chip","Strawberry","Unceasing Top","Ancient Tea Set","Empty Cage","Torii","Dead Branch","Vajra"],"potions_floor_usage":[7,18,24,31,33,47,47,47],"damage_taken":[{"damage":8,"enemies":"Small Slimes","floor":1,"turns":4},{"damage":0,"enemies":"2 Louse","floor":2,"turns":4},{"damage":2,"enemies":"Cultist","floor":4,"turns":4},{"damage":15,"enemies":"Gremlin Nob","floor":7,"turns":5},{"damage":7,"enemies":"3 Sentries","floor":12,"turns":9},{"damage":0,"enemies":"Looter","floor":14,"turns":2},{"damage":12,"enemies":"Hexaghost","floor":16,"turns":8},{"damage":2,"enemies":"Spheric Guardian","floor":18,"turns":4},{"damage":0,"enemies":"Shell Parasite","floor":19,"turns":4},{"damage":2,"enemies":"Snake Plant","floor":21,"turns":4},{"damage":6,"enemies":"Book of Stabbing","floor":24,"turns":6},{"damage":4,"enemies":"Centurion and Healer","floor":27,"turns":4},{"damage":0,"enemies":"Gremlin Leader","floor":28,"turns":5},{"damage":13,"enemies":"Book of Stabbing","floor":30,"turns":5},{"damage":0,"enemies":"3 Cultists","floor":31,"turns":3},{"damage":33,"enemies":"Collector","floor":33,"turns":8},{"damage":0,"enemies":"Flame Bruiser 1 Orb","floor":35,"turns":5},{"damage":11,"enemies":"Orb Walker","floor":36,"turns":3},{"damage":7,"floor":37,"turns":6},{"damage":1,"enemies":"Maw","floor":38,"turns":7},{"damage":29,"enemies":"Giant Head","floor":40,"turns":9},{"damage":0,"enemies":"Flame Bruiser 2 Orb","floor":41,"turns":6},{"damage":68,"enemies":"Awakened One","floor":47,"turns":12}],"seed_played":"-8982965455680334760","potions_obtained":[{"floor":1,"key":"PowerPotion"},{"floor":7,"key":"AttackPotion"},{"floor":18,"key":"Fire Potion"},{"floor":28,"key":"Swift Potion"},{"floor":31,"key":"SpeedPotion"},{"floor":33,"key":"SteroidPotion"},{"floor":36,"key":"AttackPotion"},{"floor":38,"key":"Fire Potion"}],"is_trial":false,"path_per_floor":["M","M","?","M","?","R","E","R","T","?","$","E","?","M","R","B",null,"M","M","$","M","T","R","E","?","T","M","E","R","E","M","R","B",null,"M","M","?","M","?","E","M","R","T","$","R","?"],"character_chosen":"THE_SILENT","items_purchased":["Backstab","Whetstone","GhostInAJar","Well Laid Plans","Blur","Noxious Fumes"],"campfire_rested":2,"item_purchase_floors":[11,11,11,11,20,44],"current_hp_per_floor":[51,51,33,31,31,31,16,50,50,50,50,43,43,43,43,31,57,55,55,55,53,53,53,47,53,60,58,60,60,49,51,51,20,64,66,57,52,53,43,16,18,56,56,56,56,56,0],"gold":160,"neow_bonus":"BOSS_RELIC","is_prod":false,"is_daily":false,"chose_seed":false,"campfire_upgraded":6,"win_rate":0,"timestamp":1534567044,"path_taken":["M","M","?","?","?","R","E","R","T","?","$","E","?","M","R","BOSS","M","?","?","M","?","R","E","?","T","M","E","R","E","M","R","BOSS","M","M","?","M","?","E","M","R","T","$","R","?","BOSS"],"build_version":"2018-08-16","purchased_purges":3,"victory":false,"max_hp_per_floor":[66,66,66,66,66,66,66,66,66,66,66,66,66,66,66,66,66,66,66,66,66,66,66,66,72,79,79,79,79,79,79,79,79,79,79,79,79,79,79,79,79,79,79,79,79,79,79],"card_choices":[{"not_picked":["Deadly Poison","Acrobatics"],"picked":"Leg Sweep","floor":1},{"not_picked":["Prepared","Acrobatics"],"picked":"Sucker Punch","floor":2},{"not_picked":["Heel Hook","Acrobatics"],"picked":"Slice","floor":4},{"not_picked":["Wraith Form v2","Reflex"],"picked":"Bouncing Flask","floor":7},{"not_picked":["Reflex","Choke"],"picked":"All Out Attack","floor":12},{"not_picked":["Poisoned Stab","Concentrate"],"picked":"Slice","floor":14},{"not_picked":["Night Terror","Doppelganger"],"picked":"Die Die Die","floor":16},{"not_picked":["Bane","Distraction","Prepared"],"picked":"SKIP","floor":18},{"not_picked":["Prepared","Quick Slash"],"picked":"Dagger Throw+1","floor":19},{"not_picked":["Slice","Deflect"],"picked":"PiercingWail+1","floor":21},{"not_picked":["Dagger Throw","Quick Slash","All Out Attack"],"picked":"SKIP","floor":24},{"not_picked":["Sucker Punch","Heel Hook","Prepared"],"picked":"SKIP","floor":27},{"not_picked":["Flechettes","Underhanded Strike"],"picked":"Deadly Poison","floor":28},{"not_picked":["Cloak And Dagger","Setup"],"picked":"Footwork","floor":30},{"not_picked":["Distraction","Wraith Form v2","Well Laid Plans"],"picked":"SKIP","floor":31},{"not_picked":["Grand Finale","Night Terror"],"picked":"Adrenaline","floor":33},{"not_picked":["Underhanded Strike","Terror+1"],"picked":"Masterful Stab","floor":35},{"not_picked":["Bane","Backflip"],"picked":"PiercingWail","floor":36},{"not_picked":["Deflect","Accuracy+1"],"picked":"Caltrops","floor":37},{"not_picked":["Deadly Poison","Outmaneuver","Cloak And Dagger"],"picked":"SKIP","floor":38},{"not_picked":["Trip","Sadistic Nature"],"picked":"Master of Strategy","floor":39},{"not_picked":["Mind Blast","Transmutation"],"picked":"Master of Strategy","floor":39},{"not_picked":["Discovery","Impatience"],"picked":"Master of Strategy","floor":39},{"not_picked":["Outmaneuver","Bane","PiercingWail"],"picked":"SKIP","floor":40},{"not_picked":["Acrobatics","Concentrate"],"picked":"Deadly Poison+1","floor":41}],"player_experience":499794,"relics_obtained":[{"floor":7,"key":"Regal Pillow"},{"floor":9,"key":"Bag of Marbles"},{"floor":12,"key":"Darkstone Periapt"},{"floor":22,"key":"Ginger"},{"floor":24,"key":"Blood Vial"},{"floor":26,"key":"Strawberry"},{"floor":28,"key":"Unceasing Top"},{"floor":30,"key":"Ancient Tea Set"},{"floor":37,"key":"Torii"},{"floor":40,"key":"Dead Branch"},{"floor":43,"key":"Vajra"}],"event_choices":[{"event_name":"Scrap Ooze","player_choice":"success","floor":3,"damage_taken":18},{"event_name":"Match and Keep!","player_choice":"2 cards matched","floor":5,"damage_taken":0},{"event_name":"Golden Shrine","player_choice":"Desecrate","floor":10,"damage_taken":0},{"event_name":"The Woman in Blue","player_choice":"Bought 0 Potions","floor":13,"damage_taken":0},{"event_name":"The Mausoleum","player_choice":"Yes","floor":25,"damage_taken":0},{"event_name":"MindBloom","player_choice":"Fight","floor":37,"damage_taken":0},{"event_name":"SensoryStone","player_choice":"Memory 3","floor":39,"damage_taken":0},{"event_name":"SecretPortal","player_choice":"Took Portal.","floor":46,"damage_taken":0}],"is_beta":false,"boss_relics":[{"not_picked":["Ectoplasm","Busted Crown"],"picked":"Astrolabe"},{"not_picked":["Snecko Eye","Fusion Hammer"],"picked":"Empty Cage"}],"items_purged_floors":[11,20,44],"is_endless":false,"potions_floor_spawned":[1,7,12,18,28,31,33,36,38,41],"killed_by":"Awakened One","ascension_level":14}