{"gold_per_floor":[110,126,126,137,137,165,165,185,185,209,209,223,223,242,242,318,318,337,71,89,13,26,26,61,61,111,123,151,163,190,219,231,316,328,354,366,404,430,27,52,52,77,77,136,154,187,187,199,199,199],"floor_reached":50,"playtime":4251,"items_purged":["Strike_G","Strike_G"],"score":1014,"play_id":"b7b9af66-270a-444a-9bc6-17b39769da13","local_time":"20180818234820","is_ascension_mode":true,"campfire_choices":[{"data":"Neutralize","floor":7.0,"key":"SMITH"},{"data":"All Out Attack","floor":11.0,"key":"SMITH"},{"data":"Footwork","floor":13.0,"key":"SMITH"},{"data":"Unload","floor":15.0,"key":"SMITH"},{"data":"Sucker Punch","floor":23,"key":"SMITH"},{"data":"A Thousand Cuts","floor":25,"key":"SMITH"},{"data":"Backstab","floor":27,"key":"SMITH"},{"data":"Cloak And Dagger","floor":32,"key":"SMITH"},{"data":"Noxious Fumes","floor":41,"key":"SMITH"},{"data":"Dodge and Roll","floor":47,"key":"SMITH"},{"floor":49,"key":"REST"}],"neow_cost":"","seed_source_timestamp":147463866613781,"circlet_count":0,"master_deck":["Defend_G","Defend_G","Defend_G","Defend_G","Defend_G","Strike_G","Strike_G","Strike_G","Survivor","Neutralize+1","AscendersBane","Footwork+1","All Out Attack+1","Slice","Deflect","Unload+1","Well Laid Plans","Backstab+1","A Thousand Cuts+1","Dagger Spray+1","Caltrops","Sucker Punch+1","Infinite Blades+1","Blur","Dodge and Roll+1","Endless Agony","PiercingWail","Cloak And Dagger+1","Adrenaline","Deflect+1","Blade Dance","Noxious Fumes+1","Backstab","Sucker Punch+1","Dash+1","Backflip","Terror"],"special_seed":0,"relics":["Ring of the Snake","Mummified Hand","Meat on the Bone","Anchor","White Beast Statue","Lantern","Gambling Chip","MawBank","WristBlade","Boot","Pen Nib","Bronze Scales","Blood Vial","Bird Faced Urn","Tiny Chest","Pantograph"],"potions_floor_usage":[16,22,24,33,33,38,40,42,42,44,50,50],"damage_taken":[{"damage":0.0,"enemies":"Cultist","floor":1.0,"turns":5.0},{"damage":2.0,"enemies":"Jaw Worm","floor":2.0,"turns":5.0},{"damage":0.0,"enemies":"Small Slimes","floor":4.0,"turns":2.0},{"damage":12.0,"enemies":"Lagavulin","floor":6.0,"turns":8.0},{"damage":0.0,"enemies":"Blue Slaver","floor":8.0,"turns":5.0},{"damage":0.0,"enemies":"Exordium Wildlife","floor":12.0,"turns":2.0},{"damage":0.0,"enemies":"Lots of Slimes","floor":14.0,"turns":4.0},{"damage":37,"enemies":"Hexaghost","floor":16,"turns":13},{"damage":3,"enemies":"2 Thieves","floor":18,"turns":4},{"damage":9,"enemies":"Shell Parasite","floor":20,"turns":7},{"damage":24,"enemies":"Snecko","floor":22,"turns":7},{"damage":23,"enemies":"Book of Stabbing","floor":24,"turns":6},{"damage":0,"enemies":"3 Cultists","floor":28,"turns":4},{"damage":3,"enemies":"Snake Plant","floor":30,"turns":3},{"damage":0,"enemies":"Chosen and Byrds","floor":31,"turns":4},{"damage":21,"enemies":"Automaton","floor":33,"turns":11},{"damage":0,"enemies":"3 Shapes","floor":35,"turns":3},{"damage":7,"enemies":"3 Darklings","floor":38,"turns":4},{"damage":16,"enemies":"Nemesis","floor":40,"turns":6},{"damage":8,"enemies":"2 Orb Walkers","floor":42,"turns":5},{"damage":24,"enemies":"Giant Head","floor":44,"turns":7},{"damage":19,"enemies":"Transient","floor":45,"turns":5},{"damage":43,"enemies":"Nemesis","floor":46,"turns":5},{"damage":19,"enemies":"Spire Growth","floor":48,"turns":6},{"damage":84,"enemies":"Awakened One","floor":50,"turns":11}],"seed_played":"101144247311554755","potions_obtained":[{"floor":1.0,"key":"Fire Potion"},{"floor":2.0,"key":"Dexterity Potion"},{"floor":14.0,"key":"SteroidPotion"},{"floor":18,"key":"SteroidPotion"},{"floor":20,"key":"LiquidBronze"},{"floor":22,"key":"Fire Potion"},{"floor":24,"key":"GhostInAJar"},{"floor":28,"key":"Dexterity Potion"},{"floor":31,"key":"PowerPotion"},{"floor":33,"key":"Weak Potion"},{"floor":35,"key":"Poison Potion"},{"floor":38,"key":"Dexterity Potion"},{"floor":40,"key":"SpeedPotion"},{"floor":42,"key":"AttackPotion"},{"floor":44,"key":"Ancient Potion"},{"floor":45,"key":"Strength Potion"},{"floor":46,"key":"SmokeBomb"},{"floor":48,"key":"SteroidPotion"}],"is_trial":false,"path_per_floor":["M","M","?","M","?","E","R","M","T","T","R","M","R","M","R","B",null,"M","$","M","$","M","R","E","R","T","R","M","?","M","M","R","B",null,"M","?","T","M","$","E","R","E","T","E","M","E","R","M","R"],"character_chosen":"THE_SILENT","items_purchased":["Lantern","Caltrops","Infinite Blades","Noxious Fumes","Pen Nib","Backstab"],"campfire_rested":1,"item_purchase_floors":[19,19,21,39,39,39],"current_hp_per_floor":[59,57,57,57,62,50,50,50,50,50,50,50,50,50,50,25,60,57,57,48,48,36,36,25,25,25,25,37,24,33,45,45,36,66,66,66,66,59,59,43,43,47,47,49,42,25,25,28,50,0],"gold":199,"neow_bonus":"","is_prod":false,"is_daily":false,"chose_seed":false,"campfire_upgraded":10,"win_rate":0,"timestamp":1534661300,"path_taken":["M","?","?","M","?","E","R","M","T","?","R","M","R","M","R","BOSS","M","$","M","?","M","R","E","R","T","R","M","?","M","M","R","BOSS","M","?","?","M","$","E","R","E","T","E","M","E","R","M","R","BOSS"],"build_version":"2018-08-16","purchased_purges":2,"victory":false,"max_hp_per_floor":[66,66,66,66,71,71,71,71,71,71,71,71,71,71,71,71,71,71,71,71,71,71,71,71,71,71,71,71,76,76,76,76,76,76,76,76,76,76,76,76,76,76,76,76,76,76,76,76,76,76],"card_choices":[{"not_picked":["Accuracy","Dagger Throw"],"picked":"Footwork","floor":1.0},{"not_picked":["Underhanded Strike","Tactician"],"picked":"All Out Attack","floor":2.0},{"not_picked":["Blade Dance","Outmaneuver"],"picked":"Slice","floor":4.0},{"not_picked":["Crippling Poison","Dagger Throw"],"picked":"Deflect","floor":6.0},{"not_picked":["Calculated Gamble","Dodge and Roll"],"picked":"Unload","floor":8.0},{"not_picked":["Backflip","Deflect"],"picked":"Well Laid Plans","floor":12.0},{"not_picked":["Underhanded Strike","Expertise"],"picked":"Backstab","floor":14.0},{"not_picked":["Unload","Burst"],"picked":"A Thousand Cuts","floor":16},{"not_picked":["Backflip+1","Terror"],"picked":"Dagger Spray+1","floor":18},{"not_picked":["Bane+1","Poisoned Stab"],"picked":"Sucker Punch","floor":20},{"not_picked":["Acrobatics","Setup"],"picked":"Blur","floor":22},{"not_picked":["Sucker Punch","Finisher"],"picked":"Dodge and Roll","floor":24},{"not_picked":["Prepared","Dagger Throw"],"picked":"Endless Agony","floor":28},{"not_picked":["Deflect","Calculated Gamble"],"picked":"PiercingWail","floor":30},{"not_picked":["Catalyst","Wraith Form v2"],"picked":"Cloak And Dagger","floor":31},{"not_picked":["A Thousand Cuts","Glass Knife"],"picked":"Adrenaline","floor":33},{"not_picked":["Dagger Throw+1","Expertise"],"picked":"Deflect+1","floor":35},{"not_picked":["Outmaneuver","Dagger Throw"],"picked":"Blade Dance","floor":38},{"not_picked":["Flechettes","Phantasmal Killer"],"picked":"Sucker Punch+1","floor":40},{"not_picked":["Setup","All Out Attack"],"picked":"Dash+1","floor":42},{"not_picked":["Accuracy","Outmaneuver"],"picked":"Backflip","floor":44},{"not_picked":["Dagger Throw","Blade Dance","Tactician+1"],"picked":"SKIP","floor":45},{"not_picked":["Sucker Punch","Poisoned Stab","Acrobatics"],"picked":"SKIP","floor":46},{"not_picked":["Caltrops","Accuracy"],"picked":"Terror","floor":48}],"player_experience":516522,"relics_obtained":[{"floor":6.0,"key":"Mummified Hand"},{"floor":9.0,"key":"Meat on the Bone"},{"floor":10.0,"key":"Anchor"},{"floor":24,"key":"Gambling Chip"},{"floor":26,"key":"MawBank"},{"floor":37,"key":"Boot"},{"floor":40,"key":"Bronze Scales"},{"floor":42,"key":"Blood Vial"},{"floor":43,"key":"Bird Faced Urn"},{"floor":44,"key":"Tiny Chest"},{"floor":46,"key":"Pantograph"}],"event_choices":[{"event_name":"Liars Game","player_choice":"disagreed","floor":3.0,"damage_taken":0.0},{"event_name":"Big Fish","player_choice":"Donut","floor":5.0,"damage_taken":0.0},{"event_name":"Forgotten Altar","player_choice":"Shed Blood","floor":29,"damage_taken":0},{"event_name":"Upgrade Shrine","player_choice":"Upgraded","floor":36,"damage_taken":0}],"is_beta":false,"boss_relics":[{"not_picked":["Busted Crown","Ectoplasm"],"picked":"White Beast Statue"},{"not_picked":["Runic Pyramid","Black Star"],"picked":"WristBlade"}],"items_purged_floors":[19,39],"is_endless":false,"potions_floor_spawned":[1,2,14,18,20,22,24,28,30,31,33,35,38,40,42,44,45,46,48],"killed_by":"Awakened One","ascension_level":14}