{"gold_per_floor":[109,109,119,131,131,164,178,222,290,290,4,19,39,39],"floor_reached":14,"playtime":1382,"items_purged":[],"score":117,"play_id":"da16c180-f283-4ff6-b13c-58811d0afbb7","local_time":"20180723082436","is_ascension_mode":true,"campfire_choices":[{"floor":10,"key":"REST"}],"neow_cost":"NONE","seed_source_timestamp":633071698790006,"circlet_count":0,"master_deck":["Defend_G","Defend_G","Defend_G","Defend_G","Strike_G","Strike_G","Strike_G","Strike_G","Survivor","Neutralize","Setup","Night Terror","Concentrate","Heel Hook","Predator","Quick Slash","Heel Hook","Quick Slash","Acrobatics+1","Calculated Gamble+1"],"relics":["Ring of the Snake","Golden Idol","Oddly Smooth Stone","Thread and Needle","Dodecahedron","Toxic Egg 2"],"potions_floor_usage":[8,14],"damage_taken":[{"damage":0,"enemies":"2 Louse","floor":1,"turns":3},{"damage":1,"enemies":"Cultist","floor":3,"turns":5},{"damage":0,"enemies":"Small Slimes","floor":4,"turns":5},{"damage":27,"enemies":"3 Sentries","floor":6,"turns":12},{"damage":0,"enemies":"2 Fungi Beasts","floor":7,"turns":4},{"damage":25,"enemies":"Lagavulin","floor":8,"turns":6},{"damage":1,"enemies":"Exordium Thugs","floor":12,"turns":4},{"damage":7,"enemies":"Gremlin Gang","floor":13,"turns":6},{"damage":27,"enemies":"Gremlin Nob","floor":14,"turns":5}],"seed_played":"-4190853565168628277","potions_obtained":[{"floor":7,"key":"Poison Potion"},{"floor":12,"key":"GhostInAJar"}],"is_trial":false,"path_per_floor":["M","?","M","M","?","E","M","E","T","R","$","M","M"],"character_chosen":"THE_SILENT","items_purchased":["Toxic Egg 2","Quick Slash"],"campfire_rested":1,"item_purchase_floors":[11,11],"current_hp_per_floor":[70,70,69,69,65,38,38,13,13,32,32,31,24,0],"gold":39,"neow_bonus":"TRANSFORM_CARD","is_prod":false,"is_daily":false,"chose_seed":false,"campfire_upgraded":0,"win_rate":0,"timestamp":1532359476,"path_taken":["M","?","M","M","?","E","M","E","T","R","$","M","M","E"],"build_version":"2018-07-19v2","purchased_purges":0,"victory":false,"max_hp_per_floor":[70,70,70,70,65,65,65,65,65,65,65,65,65,65],"card_choices":[{"not_picked":["Slice","PiercingWail","Leg Sweep"],"picked":"SKIP","floor":1},{"not_picked":["Dagger Spray","PiercingWail"],"picked":"Concentrate","floor":3},{"not_picked":["Sucker Punch","Reflex"],"picked":"Heel Hook","floor":4},{"not_picked":["Choke","Concentrate"],"picked":"Predator","floor":6},{"not_picked":["Dagger Throw","Dagger Spray"],"picked":"Quick Slash","floor":7},{"not_picked":["Envenom","A Thousand Cuts"],"picked":"Heel Hook","floor":8},{"not_picked":["Slice","Sucker Punch"],"picked":"Acrobatics+1","floor":12},{"not_picked":["Choke","PiercingWail+1"],"picked":"Calculated Gamble+1","floor":13}],"player_experience":133421,"relics_obtained":[{"floor":6,"key":"Oddly Smooth Stone"},{"floor":8,"key":"Thread and Needle"},{"floor":9,"key":"Dodecahedron"}],"event_choices":[{"event_name":"Transmorgrifier","player_choice":"Transform","floor":2,"damage_taken":0},{"event_name":"Golden Idol","player_choice":"Lose Max HP","floor":5,"damage_taken":0}],"is_beta":false,"boss_relics":[],"items_purged_floors":[],"is_endless":false,"potions_floor_spawned":[7,12],"killed_by":"Gremlin Nob","ascension_level":3}