{"gold_per_floor":[115,115,135,155,155,155,186,199,250,250,215,249,264,297,297,399,399,414,440,5,5,5,39,39,66,66,66,96,119,150,176,188,200],"floor_reached":33,"playtime":3197,"items_purged":["Strike_G"],"score":578,"play_id":"477836be-22fe-48c6-815e-01e60ffcf9b4","local_time":"20180809125430","is_ascension_mode":true,"campfire_choices":[{"data":"Dagger Spray","floor":6,"key":"SMITH"},{"floor":10,"key":"REST"},{"data":"Cloak And Dagger","floor":15,"key":"SMITH"},{"floor":24,"key":"REST"},{"floor":27,"key":"REST"},{"floor":32,"key":"REST"}],"neow_cost":"NONE","seed_source_timestamp":1469907901490451,"circlet_count":0,"master_deck":["Defend_G","Defend_G+1","Defend_G","Defend_G+1","Defend_G+1","Strike_G","Strike_G","Strike_G+1","Strike_G","Survivor","Neutralize+1","AscendersBane","Dagger Spray+1","Cloak And Dagger+1","Quick Slash","All Out Attack","Backflip","PiercingWail","Adrenaline","Adrenaline","Dodge and Roll","Footwork","Well Laid Plans","Endless Agony+1","Calculated Gamble","Slice+1","A Thousand Cuts","Backflip+1","Venomology","Cloak And Dagger"],"relics":["Ring of the Snake","NeowsBlessing","Shuriken","Ancient Tea Set","Centennial Puzzle","Black Star","Red Mask","Oddly Smooth Stone","Art of War","Molten Egg 2","Nloth\u0027s Gift","Lantern","War Paint","Pen Nib","Dream Catcher","Dodecahedron","Potion Belt","MawBank"],"potions_floor_usage":[7,16,23,33,33,33],"damage_taken":[{"damage":0,"enemies":"Small Slimes","floor":1,"turns":1},{"damage":0,"enemies":"Cultist","floor":3,"turns":1},{"damage":0,"enemies":"Jaw Worm","floor":4,"turns":1},{"damage":34,"enemies":"Lagavulin","floor":7,"turns":8},{"damage":3,"enemies":"Looter","floor":8,"turns":3},{"damage":0,"enemies":"3 Sentries","floor":12,"turns":6},{"damage":0,"enemies":"2 Fungi Beasts","floor":13,"turns":2},{"damage":12,"enemies":"Lagavulin","floor":14,"turns":8},{"damage":13,"enemies":"The Guardian","floor":16,"turns":13},{"damage":4,"enemies":"Shell Parasite","floor":18,"turns":5},{"damage":20,"floor":19,"turns":4},{"damage":15,"enemies":"Slavers","floor":23,"turns":6},{"damage":34,"enemies":"Gremlin Leader","floor":25,"turns":10},{"damage":0,"enemies":"Slavers","floor":28,"turns":4},{"damage":0,"enemies":"Spheric Guardian","floor":29,"turns":3},{"damage":19,"enemies":"Cultist and Chosen","floor":30,"turns":6},{"damage":0,"enemies":"Chosen and Byrds","floor":31,"turns":4},{"damage":34,"enemies":"Champ","floor":33,"turns":13}],"seed_played":"7449965218287989046","potions_obtained":[{"floor":3,"key":"LiquidBronze"},{"floor":4,"key":"Poison Potion"},{"floor":12,"key":"PowerPotion"},{"floor":25,"key":"Energy Potion"},{"floor":28,"key":"PowerPotion"},{"floor":31,"key":"Weak Potion"}],"is_trial":false,"path_per_floor":["M","?","M","M","?","R","E","M","T","R","?","E","M","E","R","B",null,"M","?","$","T","?","E","R","E","T","R","E","M","M","M","R"],"character_chosen":"THE_SILENT","items_purchased":["Oddly Smooth Stone","Art of War","Well Laid Plans"],"campfire_rested":4,"item_purchase_floors":[20,20,20],"current_hp_per_floor":[63,49,49,49,49,49,15,12,12,33,50,50,50,38,38,25,59,55,35,35,35,35,20,41,7,7,28,28,28,9,9,30,0],"gold":200,"neow_bonus":"THREE_ENEMY_KILL","is_prod":false,"is_daily":false,"chose_seed":false,"campfire_upgraded":2,"win_rate":0,"timestamp":1533844470,"path_taken":["M","?","?","M","?","R","E","M","T","R","?","E","M","E","R","BOSS","M","?","$","?","?","E","R","E","T","R","E","M","M","?","R","BOSS"],"build_version":"2018-08-02","purchased_purges":1,"victory":false,"max_hp_per_floor":[70,70,70,70,70,70,70,70,70,70,70,70,70,70,70,70,70,70,70,70,70,70,70,70,70,70,70,70,70,70,70,70,70],"card_choices":[{"not_picked":["Deadly Poison","Blade Dance","Concentrate"],"picked":"SKIP","floor":1},{"not_picked":["Infinite Blades","Cloak And Dagger"],"picked":"Dagger Spray","floor":3},{"not_picked":["Dagger Spray","Expertise"],"picked":"Cloak And Dagger","floor":4},{"not_picked":["Concentrate","Tactician"],"picked":"Quick Slash","floor":7},{"not_picked":["Accuracy","Dagger Spray"],"picked":"All Out Attack","floor":8},{"not_picked":["Underhanded Strike","Blade Dance"],"picked":"Backflip","floor":12},{"not_picked":["Acrobatics","Distraction"],"picked":"PiercingWail","floor":13},{"not_picked":["Poisoned Stab","Outmaneuver"],"picked":"Adrenaline","floor":14},{"not_picked":["Doppelganger","Glass Knife"],"picked":"Adrenaline","floor":16},{"not_picked":["Blade Dance","Quick Slash"],"picked":"Dodge and Roll","floor":18},{"not_picked":["Prepared","Expertise"],"picked":"Footwork","floor":19},{"not_picked":["Wraith Form v2","Burst","Envenom"],"picked":"SKIP","floor":23},{"not_picked":["Dodge and Roll","Night Terror"],"picked":"Endless Agony+1","floor":25},{"not_picked":["Well Laid Plans","Blade Dance+1"],"picked":"Calculated Gamble","floor":27},{"not_picked":["Flying Knee+1","Bouncing Flask"],"picked":"Slice+1","floor":28},{"not_picked":["Slice+1","Deadly Poison+1"],"picked":"A Thousand Cuts","floor":29},{"not_picked":["Underhanded Strike+1","Blade Dance"],"picked":"Backflip+1","floor":30},{"not_picked":["Finisher+1","Deadly Poison"],"picked":"Venomology","floor":31},{"not_picked":["Slice+1","Poisoned Stab+1"],"picked":"Cloak And Dagger","floor":32}],"player_experience":395346,"relics_obtained":[{"floor":7,"key":"Shuriken"},{"floor":9,"key":"Ancient Tea Set"},{"floor":12,"key":"Centennial Puzzle"},{"floor":14,"key":"Smiling Mask"},{"floor":19,"key":"Red Mask"},{"floor":21,"key":"Molten Egg 2"},{"floor":23,"key":"Lantern"},{"floor":23,"key":"War Paint"},{"floor":25,"key":"Pen Nib"},{"floor":25,"key":"Dream Catcher"},{"floor":26,"key":"Dodecahedron"},{"floor":28,"key":"Potion Belt"},{"floor":28,"key":"MawBank"}],"event_choices":[{"event_name":"Shining Light","player_choice":"Entered Light","floor":2,"damage_taken":0},{"event_name":"Living Wall","player_choice":"Grow","floor":5,"damage_taken":0},{"event_name":"The Cleric","player_choice":"Healed","floor":11,"damage_taken":0},{"event_name":"N\u0027loth","player_choice":"Traded a Smiling Mask","floor":22,"damage_taken":0}],"is_beta":false,"boss_relics":[{"not_picked":["Coffee Dripper","Busted Crown"],"picked":"Black Star"}],"items_purged_floors":[20],"is_endless":false,"potions_floor_spawned":[3,4,12,25,28,31],"killed_by":"Champ","ascension_level":11}