{"gold_per_floor":[115,65,65,80,95,95,120,120,120,153,168,198,198,212,212,308,308,323,335,348,348,362,362,60,74,74,74,86,105,105,135,135,233,233,244,244,263,274,284,284,309,309,309,309,364,40,56,70,70,70],"floor_reached":51,"playtime":4534,"items_purged":["Strike_G","Injury"],"score":1027,"play_id":"d9f5e0dc-b573-4e02-acd4-2fe2d180291f","local_time":"20180808011028","is_ascension_mode":true,"campfire_choices":[{"data":"Neutralize","floor":6,"key":"SMITH"},{"data":"Doppelganger","floor":8,"key":"SMITH"},{"data":"Dodge and Roll","floor":15,"key":"SMITH"},{"data":"Die Die Die","floor":23,"key":"SMITH"},{"data":"Caltrops","floor":30,"key":"SMITH"},{"floor":32,"key":"REST"},{"floor":40,"key":"REST"},{"data":"Noxious Fumes","floor":42,"key":"SMITH"},{"floor":49,"key":"REST"}],"neow_cost":"NONE","seed_source_timestamp":1339922220147619,"circlet_count":0,"master_deck":["Survivor","Neutralize+1","Dodge and Roll+1","Poisoned Stab","Doppelganger+1","Cloak And Dagger+1","Quick Slash","Unload","Deflect","Die Die Die+1","Predator+1","Deflect+1","Footwork+1","Dodge and Roll+1","Caltrops+1","Backflip","Sucker Punch+1","Unload","Infinite Blades","Tools of the Trade","Prepared","Catalyst","Sucker Punch","Quick Slash","Bane","Concentrate","Noxious Fumes+1","Outmaneuver","Tactician+1","Backflip+1","Prepared+1","Reflex","Infinite Blades","Well Laid Plans","Dodge and Roll+1"],"relics":["WristBlade","Dead Branch","Snake Skull","Mummified Hand","Calipers","Meat on the Bone","Philosopher\u0027s Stone","Pen Nib","Centennial Puzzle","War Paint","Pandora\u0027s Box","StoneCalendar","Bottled Flame","CultistMask","Tiny Chest","Anchor"],"potions_floor_usage":[10,16,16,22,28,28,33,33,39,45,47,50],"damage_taken":[{"damage":6,"enemies":"2 Louse","floor":1,"turns":4},{"damage":0,"enemies":"Jaw Worm","floor":4,"turns":5},{"damage":1,"enemies":"Small Slimes","floor":5,"turns":6},{"damage":9,"enemies":"3 Sentries","floor":10,"turns":9},{"damage":5,"enemies":"Red Slaver","floor":11,"turns":4},{"damage":12,"enemies":"Lagavulin","floor":12,"turns":5},{"damage":0,"enemies":"Blue Slaver","floor":14,"turns":4},{"damage":40,"enemies":"Slime Boss","floor":16,"turns":14},{"damage":0,"enemies":"Chosen","floor":18,"turns":4},{"damage":16,"enemies":"Spheric Guardian","floor":19,"turns":4},{"damage":10,"enemies":"3 Cultists","floor":20,"turns":5},{"damage":1,"enemies":"Cultist and Chosen","floor":22,"turns":6},{"damage":5,"enemies":"Centurion and Healer","floor":25,"turns":4},{"damage":1,"enemies":"Chosen and Byrds","floor":28,"turns":5},{"damage":19,"enemies":"Snecko","floor":29,"turns":5},{"damage":25,"enemies":"Gremlin Leader","floor":31,"turns":7},{"damage":22,"enemies":"Collector","floor":33,"turns":11},{"damage":7,"enemies":"3 Shapes","floor":35,"turns":2},{"damage":3,"enemies":"Orb Walker","floor":37,"turns":3},{"damage":4,"enemies":"4 Shapes","floor":38,"turns":3},{"damage":31,"enemies":"Maw","floor":39,"turns":6},{"damage":23,"enemies":"2 Orb Walkers","floor":41,"turns":4},{"damage":5,"enemies":"Nemesis","floor":45,"turns":5},{"damage":12,"enemies":"3 Darklings","floor":47,"turns":5},{"damage":3,"enemies":"Sphere and 2 Shapes","floor":48,"turns":2},{"damage":48,"enemies":"Awakened One","floor":50,"turns":9}],"seed_played":"-4823316490679600430","potions_obtained":[{"floor":4,"key":"Block Potion"},{"floor":12,"key":"GhostInAJar"},{"floor":14,"key":"SteroidPotion"},{"floor":16,"key":"Ancient Potion"},{"floor":18,"key":"Explosive Potion"},{"floor":19,"key":"EssenceOfSteel"},{"floor":25,"key":"SpeedPotion"},{"floor":28,"key":"FearPotion"},{"floor":31,"key":"FearPotion"},{"floor":35,"key":"SpeedPotion"},{"floor":38,"key":"Strength Potion"},{"floor":41,"key":"Regen Potion"}],"is_trial":false,"path_per_floor":["M","?","?","M","M","R","T","R","T","E","M","E","?","M","R","B",null,"M","M","M","?","M","R","$","M","T","?","M","M","R","E","R","B",null,"M","?","M","M","M","R","E","R","T","?","E","$","M","M","R","B"],"character_chosen":"THE_SILENT","items_purchased":["Pen Nib","Caltrops","Anchor","Well Laid Plans"],"campfire_rested":3,"item_purchase_floors":[24,24,46,46],"current_hp_per_floor":[57,57,57,57,56,56,56,56,56,47,42,30,30,42,42,14,56,56,40,42,42,41,41,41,36,36,59,58,39,39,26,47,37,62,55,55,52,48,29,50,39,39,39,39,49,49,37,46,67,31],"gold":70,"neow_bonus":"BOSS_RELIC","is_prod":false,"is_daily":false,"chose_seed":false,"campfire_upgraded":6,"win_rate":0,"timestamp":1533715828,"path_taken":["M","?","?","M","?","R","?","R","T","E","M","E","?","M","R","BOSS","M","M","M","?","M","R","$","M","T","?","M","M","R","E","R","BOSS","M","?","M","M","M","R","E","R","T","?","E","$","M","M","R","BOSS"],"build_version":"2018-08-02","purchased_purges":2,"victory":true,"max_hp_per_floor":[70,70,70,70,70,70,70,70,70,70,70,70,70,70,70,70,70,70,70,70,70,70,70,70,70,70,70,70,70,70,70,70,70,70,70,70,70,70,70,70,70,70,70,70,70,70,70,70,70,70],"card_choices":[{"not_picked":["Acrobatics","Choke"],"picked":"Dodge and Roll","floor":1},{"not_picked":["Acrobatics","Choke"],"picked":"Poisoned Stab","floor":4},{"not_picked":["Prepared","Reflex"],"picked":"Doppelganger","floor":5},{"not_picked":["Backflip","Dodge and Roll"],"picked":"Cloak And Dagger","floor":10},{"not_picked":["Reflex","Escape Plan"],"picked":"Quick Slash","floor":11},{"not_picked":["Masterful Stab","Reflex"],"picked":"Unload","floor":12},{"not_picked":["Poisoned Stab","Acrobatics"],"picked":"Deflect","floor":14},{"not_picked":["Glass Knife","Doppelganger"],"picked":"Die Die Die","floor":16},{"not_picked":["Poisoned Stab","Deadly Poison"],"picked":"Predator+1","floor":18},{"not_picked":["Blade Dance","Poisoned Stab"],"picked":"Deflect+1","floor":19},{"not_picked":["Flechettes+1","Concentrate"],"picked":"Footwork","floor":20},{"not_picked":["Dagger Throw+1","Accuracy"],"picked":"Dodge and Roll+1","floor":22},{"not_picked":["Flying Knee+1","Flechettes"],"picked":"Backflip","floor":25},{"not_picked":["Catalyst+1","Endless Agony"],"picked":"Sucker Punch+1","floor":28},{"not_picked":["Catalyst","Tactician"],"picked":"Unload","floor":29},{"not_picked":["Blade Dance","Deflect"],"picked":"Infinite Blades","floor":31},{"not_picked":["Venomology","Phantasmal Killer"],"picked":"Tools of the Trade","floor":33},{"not_picked":["Underhanded Strike","Poisoned Stab","Acrobatics"],"picked":"SKIP","floor":35},{"not_picked":["Dagger Spray+1","Poisoned Stab+1"],"picked":"Tactician+1","floor":37},{"not_picked":["Deadly Poison","Endless Agony"],"picked":"Backflip+1","floor":38},{"not_picked":["Dodge and Roll","Blade Dance"],"picked":"Prepared+1","floor":39},{"not_picked":["Sucker Punch","Flying Knee+1"],"picked":"Reflex","floor":41},{"not_picked":["PiercingWail+1","Quick Slash+1"],"picked":"Infinite Blades","floor":45},{"not_picked":["Finisher","Riddle With Holes+1","Sucker Punch+1"],"picked":"SKIP","floor":47},{"not_picked":["Eviscerate","Slice+1"],"picked":"Dodge and Roll+1","floor":48}],"player_experience":354872,"relics_obtained":[{"floor":7,"key":"Snake Skull"},{"floor":9,"key":"Mummified Hand"},{"floor":10,"key":"Calipers"},{"floor":12,"key":"Meat on the Bone"},{"floor":26,"key":"Centennial Puzzle"},{"floor":31,"key":"War Paint"},{"floor":41,"key":"StoneCalendar"},{"floor":43,"key":"Bottled Flame"},{"floor":45,"key":"Tiny Chest"}],"event_choices":[{"event_name":"The Cleric","player_choice":"Card Removal","floor":2,"damage_taken":0},{"event_name":"Wheel of Change","player_choice":"Relic","floor":3,"damage_taken":0},{"event_name":"Living Wall","player_choice":"Grow","floor":13,"damage_taken":0},{"event_name":"Accursed Blacksmith","player_choice":"Forge","floor":21,"damage_taken":0},{"event_name":"The Library","player_choice":"Heal","floor":27,"damage_taken":0},{"event_name":"Tomb of Lord Red Mask","player_choice":"Ignored","floor":36,"damage_taken":0},{"event_name":"FaceTrader","player_choice":"Trade","floor":44,"damage_taken":0}],"is_beta":false,"boss_relics":[{"not_picked":["Eternal Feather","Lizard Tail"],"picked":"Philosopher\u0027s Stone"},{"not_picked":["Sozu","Calling Bell"],"picked":"Pandora\u0027s Box"}],"items_purged_floors":[24,46],"is_endless":false,"potions_floor_spawned":[4,12,14,16,18,19,25,28,31,35,38,39,41],"ascension_level":9}