{"gold_per_floor":[109,127,127,127,148,148,173,207,253,81,81,99,140,160,160,256,256,280,304,47,47,47,47,81,81,129,147,179,179,257,269,269,346,346,366,380,380,380,0,0,0,16,16,28,53,82,94,138,150,162],"floor_reached":51,"playtime":4337,"items_purged":["Strike_R","Strike_R"],"score":1304,"play_id":"47a31ca4-4a5a-414f-93b9-82ffe97310a9","local_time":"20181224150804","is_ascension_mode":true,"campfire_choices":[{"data":"Uppercut","floor":6.0,"key":"SMITH"},{"floor":11.0,"key":"REST"},{"data":"Armaments","floor":15.0,"key":"SMITH"},{"data":"Armaments","floor":23.0,"key":"SMITH"},{"data":"Feed","floor":25.0,"key":"SMITH"},{"data":"Bludgeon","floor":29.0,"key":"SMITH"},{"floor":32.0,"key":"REST"},{"data":"Limit Break","floor":40.0,"key":"SMITH"},{"data":"Uppercut","floor":47.0,"key":"SMITH"},{"floor":49.0,"key":"REST"}],"neow_cost":"NONE","seed_source_timestamp":22406560467436,"circlet_count":0,"master_deck":["AscendersBane","Strike_R+1","Strike_R+1","Defend_R+1","Defend_R+1","Defend_R+1","Defend_R+1","Bash","Cleave","Uppercut+1","Sword Boomerang","Ghostly Armor","Iron Wave","Metallicize","Armaments+1","Havoc","Feed+1","Shrug It Off","Armaments+1","Bludgeon+1","Barricade","True Grit+1","Disarm+1","Carnage","Limit Break+1","Inflame","Uppercut+1","Armaments+1","Heavy Blade","Dark Embrace","Shrug It Off+1"],"special_seed":0,"relics":["Burning Blood","Whetstone","PreservedInsect","Bag of Marbles","Question Card","Snecko Eye","Nloth\u0027s Gift","Mercury Hourglass","Centennial Puzzle","Potion Belt","Self Forming Clay","Velvet Choker","Toxic Egg 2","MawBank","Mummified Hand"],"potions_floor_usage":[50,50,50],"damage_taken":[{"damage":2.0,"enemies":"Jaw Worm","floor":1.0,"turns":5.0},{"damage":3.0,"enemies":"2 Louse","floor":2.0,"turns":4.0},{"damage":1.0,"enemies":"Cultist","floor":5.0,"turns":4.0},{"damage":45.0,"enemies":"3 Sentries","floor":8.0,"turns":9.0},{"damage":4.0,"enemies":"Blue Slaver","floor":12.0,"turns":4.0},{"damage":3.0,"enemies":"Gremlin Nob","floor":13.0,"turns":3.0},{"damage":6.0,"enemies":"Looter","floor":14.0,"turns":3.0},{"damage":20.0,"enemies":"The Guardian","floor":16.0,"turns":14.0},{"damage":14.0,"enemies":"Shell Parasite","floor":18.0,"turns":7.0},{"damage":22.0,"enemies":"Spheric Guardian","floor":19.0,"turns":6.0},{"damage":4.0,"enemies":"Book of Stabbing","floor":24.0,"turns":2.0},{"damage":10.0,"enemies":"Snecko","floor":27.0,"turns":5.0},{"damage":9.0,"enemies":"Slavers","floor":28.0,"turns":4.0},{"damage":0.0,"enemies":"Centurion and Healer","floor":31.0,"turns":5.0},{"damage":8.0,"enemies":"Collector","floor":33.0,"turns":13.0},{"damage":16.0,"enemies":"3 Darklings","floor":35.0,"turns":4.0},{"damage":3.0,"enemies":"Orb Walker","floor":36.0,"turns":2.0},{"damage":14.0,"enemies":"Spire Growth","floor":42.0,"turns":4.0},{"damage":24.0,"enemies":"Jaw Worm Horde","floor":45.0,"turns":6.0},{"damage":8.0,"enemies":"4 Shapes","floor":46.0,"turns":6.0},{"damage":17.0,"enemies":"Nemesis","floor":48.0,"turns":7.0},{"damage":12,"enemies":"Time Eater","floor":50,"turns":10}],"seed_played":"-3476051637811791506","potions_obtained":[{"floor":5.0,"key":"Weak Potion"},{"floor":8.0,"key":"SteroidPotion"},{"floor":18.0,"key":"Explosive Potion"},{"floor":42.0,"key":"Strength Potion"},{"floor":45.0,"key":"SpeedPotion"},{"floor":46.0,"key":"LiquidBronze"},{"floor":48.0,"key":"SkillPotion"}],"is_trial":false,"path_per_floor":["M","M","?","?","M","R","T","E","T","$","R","M","E","M","R","B",null,"M","M","$","?","?","R","E","R","T","M","E","R","T","M","R","B",null,"M","M","?","?","$","R","$","M","T","?","M","M","R","E","R","B",null],"character_chosen":"IRONCLAD","items_purchased":["Ghostly Armor","Iron Wave","Bludgeon","Toxic Egg 2","Uppercut","Armaments+1"],"campfire_rested":3,"item_purchase_floors":[10,10,20,39,39,39],"current_hp_per_floor":[79,82,54,54,59,59,59,20,20,20,44,46,49,49,49,35,70,66,54,54,54,54,54,59,59,59,55,56,56,56,66,96,94,99,93,100,100,100,100,100,100,92,92,92,74,76,76,65,97,91],"gold":174,"neow_bonus":"TEN_PERCENT_HP_BONUS","is_prod":false,"is_daily":false,"chose_seed":false,"campfire_upgraded":7,"win_rate":0,"timestamp":1545692884,"path_taken":["M","M","?","?","M","R","?","E","T","?","R","?","E","M","R","BOSS","M","M","$","?","?","R","E","R","T","?","E","R","?","M","R","BOSS","M","?","?","?","$","R","?","M","T","?","M","M","R","E","R","BOSS"],"build_version":"2018-12-20","purchased_purges":2,"victory":true,"max_hp_per_floor":[82,82,82,82,82,82,82,82,82,82,82,82,82,82,82,82,82,86,90,90,90,90,90,93,93,93,93,97,97,97,101,101,101,101,105,109,109,109,109,109,109,109,109,104,104,108,108,108,108,108],"card_choices":[{"not_picked":["Heavy Blade","Rage","Evolve"],"picked":"SKIP","floor":1.0},{"not_picked":["Seeing Red","Thunderclap"],"picked":"Cleave","floor":2.0},{"not_picked":["Wild Strike","Flex"],"picked":"Uppercut","floor":5.0},{"not_picked":["Heavy Blade","Brutality"],"picked":"Sword Boomerang","floor":8.0},{"not_picked":["Iron Wave","Thunderclap"],"picked":"Metallicize","floor":12.0},{"not_picked":["Sword Boomerang","Rampage"],"picked":"Armaments","floor":13.0},{"not_picked":["Rupture","Reckless Charge","Heavy Blade"],"picked":"Havoc","floor":14.0},{"not_picked":["Bludgeon","Fiend Fire","Reaper"],"picked":"Feed","floor":16.0},{"not_picked":["Pommel Strike","Perfected Strike","Havoc"],"picked":"Shrug It Off","floor":18.0},{"not_picked":["Heavy Blade","Warcry","Thunderclap"],"picked":"Armaments","floor":19.0},{"not_picked":["Clash+1","Double Tap","Wild Strike"],"picked":"Barricade","floor":24.0},{"not_picked":["Shrug It Off","Thunderclap","Battle Trance"],"picked":"True Grit+1","floor":27.0},{"not_picked":["Headbutt","Barricade","Armaments"],"picked":"Disarm+1","floor":28.0},{"not_picked":["Bloodletting","Wild Strike","True Grit"],"picked":"Carnage","floor":31.0},{"not_picked":["Offering","Brutality","Feed"],"picked":"Limit Break","floor":33.0},{"not_picked":["Iron Wave","Pommel Strike","Headbutt+1","Thunderclap"],"picked":"SKIP","floor":35.0},{"not_picked":["Warcry+1","Pommel Strike","Spot Weakness+1"],"picked":"Inflame","floor":36.0},{"not_picked":["Shrug It Off+1","Fire Breathing+1","Headbutt+1"],"picked":"Heavy Blade","floor":42.0},{"not_picked":["Wild Strike","Pommel Strike","Dropkick+1","Perfected Strike+1"],"picked":"SKIP","floor":45.0},{"not_picked":["Flex+1","Twin Strike+1","Metallicize"],"picked":"Dark Embrace","floor":46.0},{"not_picked":["Barricade","Immolate","Thunderclap"],"picked":"Shrug It Off+1","floor":48.0}],"player_experience":689844,"relics_obtained":[{"floor":7.0,"key":"Whetstone"},{"floor":8.0,"key":"PreservedInsect"},{"floor":9.0,"key":"Bag of Marbles"},{"floor":13.0,"key":"Question Card"},{"floor":24.0,"key":"Mercury Hourglass"},{"floor":26.0,"key":"Centennial Puzzle"},{"floor":28.0,"key":"Potion Belt"},{"floor":30.0,"key":"Self Forming Clay"},{"floor":43.0,"key":"MawBank"},{"floor":48.0,"key":"Mummified Hand"}],"event_choices":[{"damage_healed":0.0,"max_hp_gain":0.0,"max_hp_loss":0.0,"gold_gain":0.0,"event_name":"Golden Idol","player_choice":"Take Damage","floor":3.0,"gold_loss":0.0,"damage_taken":28.0,"relics_obtained":["Golden Idol"]},{"damage_healed":0.0,"max_hp_gain":0.0,"max_hp_loss":0.0,"gold_gain":0.0,"event_name":"Golden Wing","player_choice":"Ignored","floor":4.0,"gold_loss":0.0,"damage_taken":0.0},{"damage_healed":0.0,"max_hp_gain":0.0,"max_hp_loss":0.0,"gold_gain":0.0,"event_name":"Back to Basics","player_choice":"Simplicity","floor":21.0,"gold_loss":0.0,"damage_taken":0.0,"cards_upgraded":["Strike_R","Defend_R","Defend_R","Defend_R","Defend_R"]},{"damage_healed":0.0,"max_hp_gain":0.0,"max_hp_loss":0.0,"gold_gain":0.0,"event_name":"N\u0027loth","player_choice":"Traded Relic","floor":22.0,"relics_lost":["Golden Idol"],"gold_loss":0.0,"damage_taken":0.0,"relics_obtained":["Nloth\u0027s Gift"]},{"cards_removed":["Strike_R"],"damage_healed":0.0,"max_hp_gain":0.0,"max_hp_loss":0.0,"gold_gain":0.0,"event_name":"Falling","player_choice":"Removed Attack","floor":37.0,"gold_loss":0.0,"damage_taken":0.0},{"damage_healed":0.0,"max_hp_gain":0.0,"max_hp_loss":0.0,"gold_gain":0.0,"event_name":"Tomb of Lord Red Mask","player_choice":"Ignored","floor":38.0,"gold_loss":0.0,"damage_taken":0.0},{"damage_healed":0.0,"max_hp_gain":0.0,"max_hp_loss":5.0,"gold_gain":0.0,"event_name":"Winding Halls","player_choice":"Max HP","floor":44.0,"gold_loss":0.0,"damage_taken":0.0}],"is_beta":false,"boss_relics":[{"not_picked":["Orrery","Runic Pyramid"],"picked":"Snecko Eye"},{"not_picked":["Runic Cube","Tiny House"],"picked":"Velvet Choker"}],"items_purged_floors":[10,20],"is_endless":false,"potions_floor_spawned":[5,8,18,19,27,42,45,46,48],"ascension_level":18}