{"gold_per_floor":[367,380,56,74,91,91,119,119,168,195,208,208,208,4,4,109,109,126,126,126,126,126,126],"floor_reached":23,"playtime":1456,"items_purged":["Strike_G"],"score":291,"play_id":"d62a9b47-c81d-48f2-9a28-e0ba2f680870","local_time":"20180803201102","is_ascension_mode":true,"campfire_choices":[{"floor":6,"key":"REST"},{"data":"Sucker Punch","floor":8,"key":"SMITH"},{"floor":12,"key":"REST"},{"floor":15,"key":"REST"}],"neow_cost":"FIFTY_PERCENT_DAMAGE","seed_source_timestamp":979421746776983,"circlet_count":0,"master_deck":["Defend_G","Defend_G","Defend_G","Defend_G","Defend_G","Survivor","Neutralize+1","Noxious Fumes","Sucker Punch+1","Caltrops","Slice+1","Skewer","Cloak And Dagger","PiercingWail","Deflect","Quick Slash","Bite","Bite","Bite","Bite","Bite","RitualDagger"],"relics":["Ring of the Snake","Medical Kit","Dodecahedron","Whetstone","Omamori","Strawberry","Fusion Hammer","Unceasing Top"],"potions_floor_usage":[5,7],"damage_taken":[{"damage":1,"enemies":"Cultist","floor":1,"turns":4},{"damage":11,"enemies":"Small Slimes","floor":2,"turns":4},{"damage":2,"enemies":"Jaw Worm","floor":4,"turns":5},{"damage":1,"enemies":"Exordium Wildlife","floor":5,"turns":6},{"damage":18,"enemies":"Gremlin Nob","floor":7,"turns":5},{"damage":15,"enemies":"3 Sentries","floor":10,"turns":8},{"damage":0,"enemies":"Red Slaver","floor":11,"turns":3},{"damage":33,"enemies":"Hexaghost","floor":16,"turns":11},{"damage":23,"enemies":"2 Thieves","floor":18,"turns":5},{"damage":82,"enemies":"Gremlin Leader","floor":23,"turns":9}],"seed_played":"1268175081171374738","potions_obtained":[{"floor":1,"key":"Weak Potion"},{"floor":5,"key":"EssenceOfSteel"},{"floor":10,"key":"GamblersBrew"}],"is_trial":false,"path_per_floor":["M","M","$","M","M","R","E","R","T","E","M","R","?","$","R","B",null,"M","?","?","?","?"],"character_chosen":"THE_SILENT","items_purchased":["Sucker Punch","Medical Kit","Strawberry","Deflect"],"campfire_rested":3,"item_purchase_floors":[3,3,14,14],"current_hp_per_floor":[31,20,20,18,17,38,20,20,20,5,5,26,26,33,56,23,64,41,41,35,63,63,0],"gold":126,"neow_bonus":"TWO_FIFTY_GOLD","is_prod":false,"is_daily":false,"chose_seed":false,"campfire_upgraded":1,"win_rate":0,"timestamp":1533352262,"path_taken":["M","?","$","M","M","R","E","R","T","E","?","R","?","?","R","BOSS","M","?","?","?","?","E"],"build_version":"2018-08-02","purchased_purges":1,"victory":false,"max_hp_per_floor":[70,70,70,70,70,70,70,70,70,70,70,70,70,77,77,77,77,77,53,53,63,63,63],"card_choices":[{"not_picked":["Concentrate","Bane"],"picked":"Noxious Fumes","floor":1},{"not_picked":["Acrobatics","Calculated Gamble","Endless Agony"],"picked":"SKIP","floor":2},{"not_picked":["Choke","Heel Hook"],"picked":"Caltrops","floor":4},{"not_picked":["Bane","Caltrops"],"picked":"Slice","floor":5},{"not_picked":["Footwork","Dagger Throw"],"picked":"Skewer","floor":7},{"not_picked":["Bane","Catalyst"],"picked":"Cloak And Dagger","floor":10},{"not_picked":["Underhanded Strike","Dodge and Roll"],"picked":"PiercingWail","floor":11},{"not_picked":["Burst","Envenom"],"picked":"A Thousand Cuts","floor":16},{"not_picked":["Bouncing Flask","Flechettes"],"picked":"Quick Slash","floor":18}],"player_experience":281739,"relics_obtained":[{"floor":7,"key":"Dodecahedron"},{"floor":9,"key":"Whetstone"},{"floor":10,"key":"Omamori"}],"event_choices":[{"event_name":"Accursed Blacksmith","player_choice":"Forge","floor":13,"damage_taken":0},{"event_name":"Vampires","player_choice":"Became a vampire","floor":19,"damage_taken":0},{"event_name":"Nest","player_choice":"Joined the Cult","floor":20,"damage_taken":0},{"event_name":"Bonfire Elementals","player_choice":"RARE","floor":21,"damage_taken":0},{"event_name":"The Mausoleum","player_choice":"Yes","floor":22,"damage_taken":0}],"is_beta":false,"boss_relics":[{"not_picked":["Tiny House","Astrolabe"],"picked":"Fusion Hammer"}],"items_purged_floors":[3],"is_endless":false,"potions_floor_spawned":[1,5,10],"killed_by":"Gremlin Leader","ascension_level":7}