{"gold_per_floor":[109,119,119,130,142,162,162,180,205,205,239,239,37,52,52,147,147,163,129,129,145,70,70,70],"floor_reached":24,"playtime":1232,"items_purged":[],"score":240,"play_id":"5aeb26d4-7151-4b71-98f4-0e30b5f33abd","local_time":"20180926211022","is_ascension_mode":true,"campfire_choices":[{"data":"After Image","floor":7,"key":"SMITH"},{"data":"Bouncing Flask","floor":10,"key":"SMITH"},{"floor":15,"key":"REST"},{"floor":23,"key":"REST"}],"neow_cost":"NONE","seed_source_timestamp":302003833504726,"circlet_count":0,"master_deck":["Defend_G","Defend_G","Defend_G","Defend_G","Defend_G","Strike_G","Strike_G","Strike_G","Survivor","Neutralize","Deadly Poison","Bouncing Flask+1","Dagger Spray","After Image+1","Backflip","Crippling Poison","Dagger Spray","Die Die Die","Caltrops","Footwork","Riddle With Holes","Corpse Explosion","Prepared","Dash","Dagger Spray"],"relics":["PreservedInsect","The Courier","Oddly Smooth Stone","Black Star","Nloth\u0027s Gift"],"potions_floor_usage":[18,21,24,24],"damage_taken":[{"damage":1,"enemies":"Cultist","floor":1,"turns":5},{"damage":2,"enemies":"Jaw Worm","floor":2,"turns":3},{"damage":0,"enemies":"2 Louse","floor":4,"turns":3},{"damage":7,"enemies":"Blue Slaver","floor":5,"turns":5},{"damage":7,"enemies":"Red Slaver","floor":6,"turns":5},{"damage":4,"enemies":"3 Louse","floor":8,"turns":4},{"damage":24,"enemies":"3 Sentries","floor":11,"turns":7},{"damage":19,"enemies":"Exordium Thugs","floor":14,"turns":4},{"damage":18,"enemies":"Hexaghost","floor":16,"turns":14},{"damage":18,"enemies":"Shell Parasite","floor":18,"turns":11},{"damage":27,"enemies":"2 Thieves","floor":19,"turns":5},{"damage":18,"enemies":"Snecko","floor":21,"turns":6},{"damage":41,"enemies":"Book of Stabbing","floor":24,"turns":5}],"seed_played":"6142579159351900029","potions_obtained":[{"floor":2,"key":"FearPotion"},{"floor":4,"key":"Regen Potion"},{"floor":5,"key":"SteroidPotion"},{"floor":14,"key":"Poison Potion"},{"floor":16,"key":"PowerPotion"},{"floor":19,"key":"Swift Potion"}],"is_trial":false,"path_per_floor":["M","M","?","M","M","M","R","M","T","R","E","?","$","M","R","B",null,"M","M","?","M","?","R"],"character_chosen":"THE_SILENT","items_purchased":["Oddly Smooth Stone","Caltrops","Footwork"],"campfire_rested":2,"item_purchase_floors":[13,13,13],"current_hp_per_floor":[69,67,67,67,60,53,53,49,49,49,25,25,25,6,27,9,70,52,25,25,7,7,28,0],"gold":70,"neow_bonus":"TRANSFORM_CARD","is_prod":false,"is_daily":false,"chose_seed":false,"campfire_upgraded":2,"win_rate":0,"timestamp":1538014222,"path_taken":["M","?","?","M","M","?","R","M","T","R","E","?","$","M","R","BOSS","M","M","?","M","?","R","E"],"build_version":"2018-09-20","purchased_purges":0,"victory":false,"max_hp_per_floor":[70,70,70,70,70,70,70,70,70,70,70,70,70,70,70,70,70,70,70,70,70,70,70,70],"card_choices":[{"not_picked":["Sucker Punch","Setup"],"picked":"Bouncing Flask","floor":1},{"not_picked":["Slice","Backflip"],"picked":"Dagger Spray","floor":2},{"not_picked":["Expertise","Outmaneuver"],"picked":"Backflip","floor":4},{"not_picked":["Outmaneuver","Acrobatics"],"picked":"Crippling Poison","floor":5},{"not_picked":["Dodge and Roll","Cloak And Dagger"],"picked":"Accuracy","floor":6},{"not_picked":["Glass Knife","Flying Knee"],"picked":"Dagger Spray","floor":8},{"not_picked":["Terror","Poisoned Stab"],"picked":"Die Die Die","floor":11},{"not_picked":["Bouncing Flask","PiercingWail"],"picked":"Riddle With Holes","floor":14},{"not_picked":["Glass Knife","Wraith Form v2"],"picked":"Corpse Explosion","floor":16},{"not_picked":["Slice+1","Quick Slash"],"picked":"Prepared","floor":18},{"not_picked":["Underhanded Strike","Prepared"],"picked":"Dash","floor":19},{"not_picked":["Slice","Doppelganger"],"picked":"Dagger Spray","floor":21}],"player_experience":392347,"relics_obtained":[{"floor":9,"key":"PreservedInsect"},{"floor":11,"key":"The Courier"}],"event_choices":[{"event_name":"Living Wall","player_choice":"Change","floor":3,"damage_taken":0},{"event_name":"Shining Light","player_choice":"Ignored","floor":12,"damage_taken":0},{"event_name":"N\u0027loth","player_choice":"Traded a Ring of the Snake","floor":20,"damage_taken":0},{"event_name":"Beggar","player_choice":"Gave Gold","floor":22,"damage_taken":0}],"is_beta":false,"boss_relics":[{"not_picked":["Philosopher\u0027s Stone","Ring of the Serpent"],"picked":"Black Star"}],"items_purged_floors":[],"is_endless":false,"potions_floor_spawned":[2,4,5,14,16,19],"killed_by":"Book of Stabbing","ascension_level":4}