{"gold_per_floor":[112,131,131,206,206,239,255,255,255,286,296,296,28,28,28,99,99,110,67,83,133,133,133,133,144,144,144,159,187,199,139,139,210,210,230,248,49,49,59,59,59,59,59,59,59,89,108,126,126,126],"floor_reached":51,"playtime":3721,"items_purged":["Strike_B","Strike_B+1","Strike_B+1"],"score":1375,"play_id":"dedbf790-99e7-4a31-9ed5-901eafdc8f38","local_time":"20190412161710","is_ascension_mode":true,"campfire_choices":[{"data":"Cold Snap","floor":8.0,"key":"SMITH"},{"data":"Defragment","floor":12.0,"key":"SMITH"},{"data":"Chaos","floor":15.0,"key":"SMITH"},{"floor":23,"key":"REST"},{"data":"Seek","floor":27,"key":"SMITH"},{"data":"Capacitor","floor":30,"key":"SMITH"},{"data":"White Noise","floor":32,"key":"SMITH"},{"data":"Hologram","floor":40,"key":"SMITH"},{"data":"Defragment","floor":42,"key":"SMITH"},{"data":"Coolheaded","floor":44,"key":"SMITH"},{"data":"Master of Strategy","floor":49,"key":"SMITH"}],"neow_cost":"NONE","seed_source_timestamp":241486266755600,"circlet_count":0,"master_deck":["AscendersBane","Strike_B+1","Defend_B+1","Defend_B+1","Defend_B+1","Defend_B+1","Zap+1","Dualcast+1","Leap","Cold Snap+1","Defragment+1","Chaos+1","Auto Shields+1","Seek+1","Capacitor+1","Compile Driver+1","Coolheaded+1","Doom and Gloom+1","White Noise+1","Auto Shields","Electrodynamics","Compile Driver","Defragment+1","Coolheaded+1","Master of Strategy+1","Hologram+1","Decay","Echo Form","Coolheaded+1","Redo"],"special_seed":0,"relics":["Cracked Core","NeowsBlessing","Happy Flower","Symbiotic Virus","Dodecahedron","Membership Card","Nuclear Battery","Torii","MawBank","Black Star","War Paint","Pantograph","Potion Belt","Bag of Marbles"],"potions_floor_usage":[20,29,48,50,50,50],"damage_taken":[{"damage":0.0,"enemies":"Jaw Worm","floor":1.0,"turns":1.0},{"damage":0.0,"enemies":"2 Louse","floor":2.0,"turns":1.0},{"damage":0.0,"enemies":"Lagavulin","floor":6.0,"turns":1.0},{"damage":5.0,"enemies":"Small Slimes","floor":7.0,"turns":4.0},{"damage":21.0,"enemies":"3 Sentries","floor":10.0,"turns":5.0},{"damage":17.0,"enemies":"Exordium Wildlife","floor":11.0,"turns":4.0},{"damage":0.0,"enemies":"Lots of Slimes","floor":14.0,"turns":1.0},{"damage":5.0,"enemies":"Hexaghost","floor":16.0,"turns":9.0},{"damage":9.0,"enemies":"Chosen","floor":18.0,"turns":7.0},{"damage":10.0,"enemies":"2 Thieves","floor":19.0,"turns":5.0},{"damage":20,"enemies":"Cultist and Chosen","floor":20,"turns":6},{"damage":8,"enemies":"Snecko","floor":25,"turns":6},{"damage":0,"enemies":"Centurion and Healer","floor":28,"turns":7},{"damage":2,"enemies":"Slavers","floor":29,"turns":5},{"damage":4,"enemies":"Champ","floor":33,"turns":22},{"damage":13,"enemies":"Orb Walker","floor":35,"turns":3},{"damage":8,"enemies":"3 Shapes","floor":36,"turns":3},{"damage":1,"enemies":"Sphere and 2 Shapes","floor":39,"turns":3},{"damage":30,"enemies":"Giant Head","floor":46,"turns":10},{"damage":1,"enemies":"4 Shapes","floor":47,"turns":4},{"damage":0,"enemies":"Maw","floor":48,"turns":8},{"damage":24,"enemies":"Donu and Deca","floor":50,"turns":15}],"seed_played":"-7001580500011085192","potions_obtained":[{"floor":6.0,"key":"Fruit Juice"},{"floor":7.0,"key":"SpeedPotion"},{"floor":11.0,"key":"SmokeBomb"},{"floor":19.0,"key":"EssenceOfSteel"},{"floor":20,"key":"SkillPotion"},{"floor":33,"key":"Ancient Potion"},{"floor":46,"key":"SkillPotion"},{"floor":47,"key":"Dexterity Potion"}],"is_trial":false,"path_per_floor":["M","M","?","?","?","E","M","R","T","E","M","R","$","M","R","B",null,"M","M","M","?","?","R","?","M","T","R","M","E","R","$","R","B",null,"M","M","$","?","M","R","?","R","T","R","$","E","M","M","R","B",null],"character_chosen":"DEFECT","items_purchased":["Membership Card","Auto Shields","Auto Shields","Defragment","War Paint","Coolheaded"],"campfire_rested":1,"item_purchase_floors":[13,13,31,37,37,37],"current_hp_per_floor":[64,64,64,53,58,63,58,58,58,37,20,20,20,20,20,15,65,56,46,26,26,26,50,50,42,42,42,42,40,40,40,40,36,70,57,49,49,49,48,48,48,48,48,48,48,18,17,17,17,18],"gold":126,"neow_bonus":"THREE_ENEMY_KILL","is_prod":false,"is_daily":false,"chose_seed":false,"campfire_upgraded":10,"win_rate":0,"timestamp":1555111030,"path_taken":["M","M","?","?","?","E","M","R","T","E","?","R","$","?","R","BOSS","M","M","M","?","?","R","?","?","T","R","?","E","R","$","R","BOSS","M","M","$","?","M","R","?","R","T","R","$","E","M","M","R","BOSS"],"build_version":"2019-01-23","purchased_purges":3,"victory":true,"max_hp_per_floor":[71,71,71,71,76,81,81,81,81,81,81,81,81,81,81,81,81,81,81,81,81,81,81,81,81,81,81,81,81,81,81,81,81,81,81,81,81,81,81,81,81,81,81,81,81,81,81,81,81,81],"card_choices":[{"not_picked":["Barrage","Lockon"],"picked":"Leap","floor":1.0},{"not_picked":["Darkness","Leap"],"picked":"Cold Snap","floor":2.0},{"not_picked":["Static Discharge","Beam Cell","Scrape"],"picked":"SKIP","floor":6.0},{"not_picked":["Reprogram","Cold Snap","Aggregate"],"picked":"SKIP","floor":7.0},{"not_picked":["Fusion","Go for the Eyes"],"picked":"Defragment","floor":10.0},{"not_picked":["Steam","Tempest"],"picked":"Chaos","floor":11.0},{"not_picked":["Hyperbeam","Amplify"],"picked":"Seek","floor":16.0},{"not_picked":["Gash","Chaos+1"],"picked":"Capacitor","floor":18.0},{"not_picked":["Coolheaded","Redo"],"picked":"Compile Driver+1","floor":19.0},{"not_picked":["Hologram","Lockon"],"picked":"Coolheaded+1","floor":20},{"not_picked":["Conserve Battery","Cold Snap+1","Compile Driver"],"picked":"SKIP","floor":25},{"not_picked":["Cold Snap","Hello World"],"picked":"Doom and Gloom+1","floor":28},{"not_picked":["Ball Lightning","Barrage"],"picked":"White Noise","floor":29},{"not_picked":["Biased Cognition","Fission"],"picked":"Electrodynamics","floor":33},{"not_picked":["Rip and Tear","Rebound"],"picked":"Compile Driver","floor":35},{"not_picked":["Barrage+1","Chaos","Sweeping Beam+1"],"picked":"SKIP","floor":36},{"not_picked":["Good Instincts","Dramatic Entrance"],"picked":"Master of Strategy","floor":38},{"not_picked":["Hello World","Darkness"],"picked":"Hologram","floor":39},{"not_picked":["Steam","Reinforced Body"],"picked":"Echo Form","floor":46},{"not_picked":["Sweeping Beam+1","Stack+1"],"picked":"Coolheaded+1","floor":47},{"not_picked":["Skim+1","Rebound"],"picked":"Redo","floor":48}],"player_experience":538199,"relics_obtained":[{"floor":6.0,"key":"Happy Flower"},{"floor":9.0,"key":"Symbiotic Virus"},{"floor":10.0,"key":"Dodecahedron"},{"floor":26,"key":"Torii"},{"floor":29,"key":"MawBank"},{"floor":43,"key":"Pantograph"},{"floor":46,"key":"Potion Belt"},{"floor":46,"key":"Bag of Marbles"}],"event_choices":[{"damage_healed":0.0,"max_hp_gain":0.0,"max_hp_loss":0.0,"gold_gain":0.0,"event_name":"Living Wall","player_choice":"Grow","floor":3.0,"gold_loss":0.0,"damage_taken":0.0,"cards_upgraded":["Zap"]},{"damage_healed":0.0,"max_hp_gain":0.0,"max_hp_loss":0.0,"gold_gain":75.0,"event_name":"World of Goop","player_choice":"Gather Gold","floor":4.0,"gold_loss":0.0,"damage_taken":11.0},{"damage_healed":0.0,"max_hp_gain":5.0,"max_hp_loss":0.0,"gold_gain":0.0,"event_name":"Big Fish","player_choice":"Donut","floor":5.0,"gold_loss":0.0,"damage_taken":0.0},{"damage_healed":0,"gold_gain":50,"player_choice":"Stole From Cult","damage_taken":0,"max_hp_gain":0,"max_hp_loss":0,"event_name":"Nest","floor":21,"gold_loss":0},{"damage_healed":0,"gold_gain":0,"player_choice":"Ignored","damage_taken":0,"max_hp_gain":0,"max_hp_loss":0,"event_name":"Cursed Tome","floor":22,"gold_loss":0},{"damage_healed":0,"gold_gain":0,"player_choice":"Simplicity","damage_taken":0,"max_hp_gain":0,"max_hp_loss":0,"event_name":"Back to Basics","floor":24,"gold_loss":0,"cards_upgraded":["Strike_B","Strike_B","Strike_B","Defend_B","Defend_B","Defend_B","Defend_B"]},{"damage_healed":0,"gold_gain":0,"player_choice":"Memory 1","damage_taken":0,"max_hp_gain":0,"max_hp_loss":0,"event_name":"SensoryStone","floor":38,"gold_loss":0},{"damage_healed":0,"gold_gain":0,"player_choice":"Cursed","damage_taken":0,"max_hp_gain":0,"max_hp_loss":0,"event_name":"Wheel of Change","floor":41,"gold_loss":0,"cards_obtained":["Decay"]}],"is_beta":false,"boss_relics":[{"not_picked":["Snecko Eye","Coffee Dripper"],"picked":"Nuclear Battery"},{"not_picked":["Busted Crown","Fusion Hammer"],"picked":"Black Star"}],"items_purged_floors":[13,31,37],"is_endless":false,"potions_floor_spawned":[6,7,11,19,20,25,28,33,39,46,47],"ascension_level":19}