{"gold_per_floor":[14,14,89,89,104,135,11,26,50,50,65,65,98,124,124,222,222,235,261,277,6,6,62,62,81,107,107,141,152,164,193,193,298,298,312,332,349,400,20,20,34,34,57,57],"floor_reached":44,"playtime":3528,"items_purged":["Regret"],"score":709,"play_id":"2d4c4c16-e84a-49bd-9e02-10bb23e38653","local_time":"20181229062131","is_ascension_mode":true,"campfire_choices":[{"data":"Deep Breath","floor":10.0,"key":"SMITH"},{"data":"Heavy Blade","floor":12.0,"key":"SMITH"},{"data":"Pommel Strike","floor":15.0,"key":"SMITH"},{"floor":24,"key":"REST"},{"floor":32,"key":"REST"},{"data":"Bash","floor":40,"key":"SMITH"},{"data":"Madness","floor":42,"key":"SMITH"}],"neow_cost":"NO_GOLD","seed_source_timestamp":580293784960310,"circlet_count":0,"master_deck":["Strike_R","Strike_R","Strike_R","Strike_R","Defend_R","Defend_R","Defend_R","Defend_R","Bash+1","Madness+1","Deep Breath+1","Inflame","True Grit+1","Power Through+1","Armaments+1","Pommel Strike+1","Heavy Blade+1","Burning Pact+1","True Grit+1","Immolate","Combust","Burning Pact+1","True Grit+1","Inflame","Reaper","Armaments+1","Exhume+1","Warcry+1","Seeing Red+1","Limit Break+1","Exhume+1","Thunderclap+1","Shrug It Off+1","Sever Soul","Flex+1","Fiend Fire","Double Tap+1","Madness+1","Flame Barrier+1"],"special_seed":0,"relics":["Burning Blood","Centennial Puzzle","Toxic Egg 2","Red Skull","PreservedInsect","Regal Pillow","Odd Mushroom","Mark of Pain","Red Mask","HandDrill","Nilry\u0027s Codex","Tiny Chest","Omamori","Pantograph","Paper Frog","Coffee Dripper","Ice Cream","Strawberry"],"potions_floor_usage":[23,28,31,33],"damage_taken":[{"damage":3.0,"enemies":"2 Louse","floor":1.0,"turns":4.0},{"damage":16.0,"enemies":"Jaw Worm","floor":5.0,"turns":4.0},{"damage":26.0,"enemies":"Lagavulin","floor":6.0,"turns":7.0},{"damage":1.0,"enemies":"Cultist","floor":8.0,"turns":4.0},{"damage":4.0,"enemies":"Blue Slaver","floor":11.0,"turns":3.0},{"damage":11.0,"enemies":"3 Sentries","floor":13.0,"turns":6.0},{"damage":1.0,"enemies":"The Mushroom Lair","floor":14.0,"turns":4.0},{"damage":27.0,"enemies":"The Guardian","floor":16.0,"turns":9.0},{"damage":18,"enemies":"3 Byrds","floor":18,"turns":5},{"damage":45,"enemies":"Masked Bandits","floor":19,"turns":4},{"damage":2,"enemies":"Chosen","floor":20,"turns":3},{"damage":2,"enemies":"Book of Stabbing","floor":23,"turns":3},{"damage":26,"enemies":"Sentry and Sphere","floor":25,"turns":4},{"damage":5,"enemies":"Slavers","floor":28,"turns":3},{"damage":8,"enemies":"Centurion and Healer","floor":29,"turns":6},{"damage":11,"enemies":"Snake Plant","floor":30,"turns":5},{"damage":59,"enemies":"Book of Stabbing","floor":31,"turns":7},{"damage":37,"enemies":"Collector","floor":33,"turns":7},{"damage":4,"enemies":"3 Shapes","floor":35,"turns":3},{"damage":2,"enemies":"3 Darklings","floor":36,"turns":2},{"damage":31,"enemies":"Maw","floor":37,"turns":8},{"damage":25,"enemies":"2 Orb Walkers","floor":38,"turns":4},{"damage":9,"enemies":"Sphere and 2 Shapes","floor":41,"turns":4},{"damage":68,"enemies":"Nemesis","floor":44,"turns":5}],"seed_played":"3134383242658191100","potions_obtained":[{"floor":6.0,"key":"PowerPotion"},{"floor":8.0,"key":"Fruit Juice"},{"floor":11.0,"key":"SteroidPotion"},{"floor":19,"key":"SpeedPotion"},{"floor":23,"key":"Weak Potion"},{"floor":30,"key":"Weak Potion"},{"floor":33,"key":"LiquidBronze"},{"floor":37,"key":"Fire Potion"},{"floor":38,"key":"BloodPotion"}],"is_trial":false,"path_per_floor":["M","?","?","T","M","E","$","M","T","R","M","R","E","?","R","B",null,"M","?","M","$","?","E","R","M","T","?","E","M","M","E","R","B",null,"M","M","M","?","$","R","M","R","T","E"],"character_chosen":"IRONCLAD","items_purchased":["Armaments+1","Inflame","HandDrill","Fiend Fire","Double Tap+1","Madness+1"],"campfire_rested":2,"item_purchase_floors":[7,21,21,39,39,39],"current_hp_per_floor":[75,75,64,64,54,34,34,44,44,44,46,46,41,46,46,25,70,58,19,23,23,7,11,51,31,31,31,39,66,61,20,60,80,84,85,85,60,41,41,41,55,55,62,0],"gold":57,"neow_bonus":"RANDOM_COLORLESS_2","is_prod":false,"is_daily":false,"chose_seed":false,"campfire_upgraded":5,"win_rate":0,"timestamp":1546032091,"path_taken":["M","?","?","?","M","E","$","?","T","R","M","R","E","?","R","BOSS","M","?","M","$","?","E","R","M","T","?","E","M","?","E","R","BOSS","M","?","M","?","?","R","M","R","T","E"],"build_version":"2018-12-20","purchased_purges":1,"victory":false,"max_hp_per_floor":[80,80,80,80,80,80,80,85,85,85,85,85,85,85,85,85,85,85,85,85,85,85,85,85,85,85,85,85,85,85,85,85,85,85,85,85,85,85,85,85,85,85,92,92],"card_choices":[{"not_picked":["Cleave","Power Through"],"picked":"Inflame","floor":1.0},{"not_picked":["Disarm+1","Sentinel+1"],"picked":"True Grit+1","floor":5.0},{"not_picked":["Perfected Strike","Body Slam"],"picked":"Power Through+1","floor":6.0},{"not_picked":["Cleave","Thunderclap"],"picked":"Pommel Strike","floor":8.0},{"not_picked":["Uppercut","Body Slam"],"picked":"Heavy Blade","floor":11.0},{"not_picked":["Searing Blow","Entrench+1"],"picked":"Burning Pact+1","floor":13.0},{"not_picked":["Carnage","Disarm+1"],"picked":"True Grit+1","floor":14.0},{"not_picked":["Brutality","Barricade"],"picked":"Immolate","floor":16.0},{"not_picked":["Corruption","Intimidate+1"],"picked":"Combust","floor":18},{"not_picked":["Bloodletting+1","Shrug It Off+1"],"picked":"Burning Pact+1","floor":19},{"not_picked":["Anger","Headbutt"],"picked":"True Grit+1","floor":20},{"not_picked":["Seeing Red+1","Power Through+1"],"picked":"Reaper","floor":23},{"not_picked":["Headbutt","Rupture"],"picked":"Armaments+1","floor":25},{"not_picked":["Pummel","Seeing Red+1"],"picked":"Exhume+1","floor":28},{"not_picked":["Havoc+1","Armaments+1"],"picked":"Warcry+1","floor":29},{"not_picked":["Clash+1","Anger"],"picked":"Seeing Red+1","floor":30},{"not_picked":["Combust","Body Slam"],"picked":"Limit Break+1","floor":31},{"not_picked":["Berserk","Offering+1"],"picked":"Exhume+1","floor":33},{"not_picked":["Havoc+1","Headbutt"],"picked":"Thunderclap+1","floor":35},{"not_picked":["Armaments+1","Rage+1"],"picked":"Shrug It Off+1","floor":36},{"not_picked":["Headbutt","Perfected Strike+1"],"picked":"Sever Soul","floor":37},{"not_picked":["Perfected Strike","Cleave"],"picked":"Flex+1","floor":38},{"not_picked":["Immolate","Corruption"],"picked":"Flame Barrier+1","floor":41}],"player_experience":86026,"relics_obtained":[{"floor":4.0,"key":"Toxic Egg 2"},{"floor":6.0,"key":"Red Skull"},{"floor":9.0,"key":"PreservedInsect"},{"floor":13.0,"key":"Regal Pillow"},{"floor":14.0,"key":"Odd Mushroom"},{"floor":19,"key":"Red Mask"},{"floor":22,"key":"Nilry\u0027s Codex"},{"floor":23,"key":"Tiny Chest"},{"floor":26,"key":"Omamori"},{"floor":28,"key":"Pantograph"},{"floor":31,"key":"Paper Frog"},{"floor":38,"key":"Ice Cream"},{"floor":43,"key":"Strawberry"}],"event_choices":[{"damage_healed":0.0,"max_hp_gain":0.0,"max_hp_loss":0.0,"gold_gain":0.0,"event_name":"Big Fish","player_choice":"Box","floor":2.0,"gold_loss":0.0,"damage_taken":0.0,"relics_obtained":["Centennial Puzzle"],"cards_obtained":["Regret"]},{"damage_healed":0.0,"max_hp_gain":0.0,"max_hp_loss":0.0,"gold_gain":75.0,"event_name":"World of Goop","player_choice":"Gather Gold","floor":3.0,"gold_loss":0.0,"damage_taken":11.0},{"damage_healed":0.0,"max_hp_gain":0.0,"max_hp_loss":0.0,"gold_gain":0.0,"event_name":"Mushrooms","player_choice":"Fought Mushrooms","floor":14.0,"gold_loss":0.0,"damage_taken":0.0},{"damage_healed":0,"gold_gain":0,"player_choice":"Fought Bandits","damage_taken":0,"max_hp_gain":0,"max_hp_loss":0,"event_name":"Masked Bandits","floor":19,"gold_loss":0},{"damage_healed":0,"gold_gain":0,"player_choice":"Obtained Book","damage_taken":16,"max_hp_gain":0,"max_hp_loss":0,"event_name":"Cursed Tome","floor":22,"gold_loss":0},{"cards_removed":["Strike_R"],"damage_healed":0,"gold_gain":0,"player_choice":"Card Removal","damage_taken":0,"max_hp_gain":0,"max_hp_loss":0,"event_name":"Wheel of Change","floor":27,"gold_loss":0},{"damage_healed":0,"gold_gain":0,"player_choice":"Fight","damage_taken":0,"max_hp_gain":0,"max_hp_loss":0,"event_name":"Mysterious Sphere","floor":38,"gold_loss":0}],"is_beta":false,"boss_relics":[{"not_picked":["Snecko Eye","Runic Pyramid"],"picked":"Mark of Pain"},{"not_picked":["Orrery","Calling Bell"],"picked":"Coffee Dripper"}],"items_purged_floors":[7],"is_endless":false,"potions_floor_spawned":[6,8,11,19,23,30,33,37,38],"killed_by":"Nemesis","ascension_level":6}