{"gold_per_floor":[118,138,238,238,255,289,289,317,340,340,44,60,85,105,105,207,207,222,222,241,258,258,258,292,3,3,13,13,28,38,48,48,153,153,173,46,46,46,0,0,14,30,30,30,42,59,78,95,95,95],"floor_reached":51,"playtime":3447,"items_purged":["Strike_R"],"score":1110,"play_id":"d92129fa-b0f0-4c0e-8eb6-05a38fd88900","local_time":"20180809012804","is_ascension_mode":true,"campfire_choices":[{"data":"Armaments","floor":7,"key":"SMITH"},{"data":"Bash","floor":10,"key":"SMITH"},{"data":"Clothesline","floor":15,"key":"SMITH"},{"floor":23,"key":"REST"},{"floor":28,"key":"REST"},{"floor":32,"key":"REST"},{"floor":40,"key":"REST"},{"floor":44,"key":"REST"},{"floor":49,"key":"REST"}],"neow_cost":"NONE","seed_source_timestamp":1428437125943853,"circlet_count":0,"master_deck":["Strike_R","Strike_R","Strike_R","Strike_R","Defend_R","Defend_R","Defend_R","Defend_R","Bash+1","AscendersBane","Immolate","Anger","Twin Strike","Armaments+1","Clothesline+1","Iron Wave","Inflame+1","Cleave","Offering","Shrug It Off","Shrug It Off","Evolve+1","Inflame+1","Battle Trance","Limit Break","Metallicize+1","Ghostly Armor","Feed","Body Slam+1","Metallicize","Shrug It Off","Blind","Blind","Shrug It Off","Shrug It Off","Metallicize+1","Warcry+1"],"special_seed":0,"relics":["Black Blood","Art of War","Potion Belt","Red Skull","Omamori","Thread and Needle","Fusion Hammer","Mercury Hourglass","DollysMirror","Paper Frog","Red Mask","Darkstone Periapt"],"potions_floor_usage":[8,16,16,16,16,21,24,33,33,33,50,50,50],"damage_taken":[{"damage":10.0,"enemies":"Small Slimes","floor":1.0,"turns":2.0},{"damage":0.0,"enemies":"Cultist","floor":2.0,"turns":2.0},{"damage":9,"enemies":"Jaw Worm","floor":5,"turns":3},{"damage":30,"enemies":"Lagavulin","floor":6,"turns":7},{"damage":2,"enemies":"Gremlin Nob","floor":8,"turns":3},{"damage":6,"enemies":"2 Fungi Beasts","floor":12,"turns":3},{"damage":4,"enemies":"3 Sentries","floor":13,"turns":4},{"damage":0,"enemies":"Red Slaver","floor":14,"turns":4},{"damage":8,"enemies":"Hexaghost","floor":16,"turns":10},{"damage":4,"enemies":"Shell Parasite","floor":18,"turns":5},{"damage":3,"enemies":"Chosen","floor":20,"turns":4},{"damage":5,"enemies":"Centurion and Healer","floor":21,"turns":5},{"damage":5,"enemies":"Book of Stabbing","floor":24,"turns":5},{"damage":5,"enemies":"Snecko","floor":27,"turns":3},{"damage":5,"enemies":"Chosen and Byrds","floor":29,"turns":3},{"damage":21,"enemies":"Slaver and Parasite","floor":30,"turns":4},{"damage":5,"enemies":"Snake Plant","floor":31,"turns":3},{"damage":40,"enemies":"Automaton","floor":33,"turns":7},{"damage":25,"enemies":"3 Shapes","floor":35,"turns":3},{"damage":11,"enemies":"Flame Bruiser 1 Orb","floor":41,"turns":4},{"damage":17,"enemies":"Transient","floor":42,"turns":5},{"damage":18,"enemies":"Flame Bruiser 2 Orb","floor":45,"turns":6},{"damage":5,"enemies":"3 Darklings","floor":46,"turns":5},{"damage":15,"enemies":"Spire Growth","floor":47,"turns":6},{"damage":5,"enemies":"Maw","floor":48,"turns":7},{"damage":79,"enemies":"Time Eater","floor":50,"turns":15}],"seed_played":"1504088208313755178","potions_obtained":[{"floor":5,"key":"SteroidPotion"},{"floor":6,"key":"EssenceOfSteel"},{"floor":13,"key":"FearPotion"},{"floor":14,"key":"Energy Potion"},{"floor":18,"key":"SpeedPotion"},{"floor":20,"key":"SpeedPotion"},{"floor":21,"key":"EssenceOfSteel"},{"floor":30,"key":"Strength Potion"},{"floor":41,"key":"Poison Potion"},{"floor":45,"key":"Poison Potion"},{"floor":48,"key":"LiquidBronze"}],"is_trial":false,"path_per_floor":["M","M","?","?","M","E","R","E","T","R","$","M","E","M","R","B",null,"M","?","M","M","?","R","E","$","T","M","R","M","M","M","R","B",null,"M","$","?","?","?","R","M","M","T","R","M","M","M","M","R","B"],"character_chosen":"IRONCLAD","items_purchased":["Omamori","EssenceOfSteel","DollysMirror","Battle Trance","SpeedPotion","Metallicize","Shrug It Off"],"campfire_rested":6,"item_purchase_floors":[11,11,25,25,25,36,36],"current_hp_per_floor":[68,74,74,79,76,52,52,56,56,56,56,56,58,64,64,62,79,81,81,84,85,77,85,85,85,85,85,85,85,70,71,85,51,77,65,65,55,47,47,73,72,65,65,88,80,85,80,85,88,19],"gold":95,"neow_bonus":"ONE_RANDOM_RARE_CARD","is_prod":false,"is_daily":false,"chose_seed":false,"campfire_upgraded":3,"win_rate":0,"timestamp":1533803284,"path_taken":["M","M","?","?","M","E","R","E","T","R","$","?","E","M","R","BOSS","M","?","M","M","?","R","E","$","T","M","R","M","M","M","R","BOSS","M","$","?","?","?","R","M","M","T","R","?","M","M","?","R","BOSS"],"build_version":"2018-08-02","purchased_purges":1,"victory":true,"max_hp_per_floor":[80,80,80,85,85,85,85,85,85,85,85,85,85,85,85,85,85,85,85,85,85,85,85,85,85,85,85,85,85,85,85,85,85,85,88,88,88,88,88,88,88,88,88,88,88,88,88,88,88,88],"card_choices":[{"not_picked":["Armaments","Feel No Pain"],"picked":"Anger","floor":1.0},{"not_picked":["Seeing Red","Battle Trance"],"picked":"Twin Strike","floor":2},{"not_picked":["Body Slam","Heavy Blade"],"picked":"Armaments","floor":5},{"not_picked":["Pommel Strike","Warcry"],"picked":"Clothesline","floor":6},{"not_picked":["Combust","Intimidate"],"picked":"Iron Wave","floor":8},{"not_picked":["Evolve","Sentinel"],"picked":"Inflame","floor":12},{"not_picked":["Brutality","Rage"],"picked":"Cleave","floor":13},{"not_picked":["Twin Strike","Heavy Blade","Warcry"],"picked":"SKIP","floor":14},{"not_picked":["Barricade","Bludgeon"],"picked":"Offering","floor":16},{"not_picked":["Flex+1","Headbutt"],"picked":"Shrug It Off","floor":18},{"not_picked":["Clash","Intimidate"],"picked":"Shrug It Off","floor":20},{"not_picked":["Clash+1","Sentinel+1","Twin Strike"],"picked":"SKIP","floor":21},{"not_picked":["Warcry","Carnage"],"picked":"Evolve+1","floor":24},{"not_picked":["Rupture+1","Clash"],"picked":"Limit Break","floor":27},{"not_picked":["Combust","Power Through"],"picked":"Metallicize+1","floor":29},{"not_picked":["Corruption+1","Clash","Twin Strike+1"],"picked":"SKIP","floor":30},{"not_picked":["Heavy Blade","Pommel Strike+1"],"picked":"Ghostly Armor","floor":31},{"not_picked":["Juggernaut","Exhume"],"picked":"Feed","floor":33},{"not_picked":["Wild Strike+1","Pommel Strike"],"picked":"Body Slam+1","floor":35},{"not_picked":["Swift Strike","Madness"],"picked":"Blind","floor":37},{"not_picked":["Good Instincts","Trip"],"picked":"Blind","floor":37},{"not_picked":["Twin Strike+1","Cleave+1","Flex"],"picked":"SKIP","floor":41},{"not_picked":["Havoc+1","Clash+1"],"picked":"Shrug It Off","floor":42},{"not_picked":["Cleave+1","Warcry+1"],"picked":"Shrug It Off","floor":45},{"not_picked":["Cleave","Carnage+1"],"picked":"Metallicize+1","floor":46},{"not_picked":["Perfected Strike","Sword Boomerang","Body Slam"],"picked":"SKIP","floor":47},{"not_picked":["Infernal Blade","Iron Wave"],"picked":"Warcry+1","floor":48}],"player_experience":391899,"relics_obtained":[{"floor":6,"key":"Art of War"},{"floor":8,"key":"Potion Belt"},{"floor":9,"key":"Red Skull"},{"floor":13,"key":"Thread and Needle"},{"floor":24,"key":"Mercury Hourglass"},{"floor":26,"key":"Paper Frog"},{"floor":43,"key":"Darkstone Periapt"}],"event_choices":[{"event_name":"Golden Shrine","player_choice":"Pray","floor":3,"damage_taken":0},{"event_name":"Big Fish","player_choice":"Donut","floor":4,"damage_taken":0},{"event_name":"Accursed Blacksmith","player_choice":"Forge","floor":19,"damage_taken":0},{"event_name":"Wheel of Change","player_choice":"Damage","floor":22,"damage_taken":0},{"event_name":"SensoryStone","player_choice":"Memory 3","floor":37,"damage_taken":0},{"event_name":"Wheel of Change","player_choice":"Damage","floor":38,"damage_taken":0},{"event_name":"Tomb of Lord Red Mask","player_choice":"Paid","floor":39,"damage_taken":0}],"is_beta":false,"boss_relics":[{"not_picked":["Astrolabe","Pandora\u0027s Box"],"picked":"Fusion Hammer"},{"not_picked":["Coffee Dripper","Cursed Key"],"picked":"Black Blood"}],"items_purged_floors":[11],"is_endless":false,"potions_floor_spawned":[5,6,13,14,18,20,21,30,41,45,48],"ascension_level":11}