{"gold_per_floor":[116,3,3,3,3,3,78,111,111,111,124,124,141,168,168,272,272,284,284,65,80,108,134,34,69,69,69,86,86,96,96,96,201,201,218,264,44,144,144,173,184,184,229,252,270,492,492,3,3,3],"floor_reached":51,"playtime":3516,"items_purged":["Defend_R","Defend_R","Strike_R+1","Strike_R+1"],"score":1043,"play_id":"d7422f7a-e939-4e46-8354-a37836566527","local_time":"20181229034220","is_ascension_mode":true,"campfire_choices":[{"data":"Rage","floor":6.0,"key":"SMITH"},{"data":"Clash","floor":10.0,"key":"SMITH"},{"data":"Sever Soul","floor":12.0,"key":"SMITH"},{"data":"Rage","floor":15.0,"key":"SMITH"},{"data":"Feed","floor":27,"key":"SMITH"},{"data":"1","floor":32,"key":"LIFT"},{"data":"Rage","floor":47,"key":"SMITH"},{"data":"Trip","floor":49,"key":"SMITH"}],"neow_cost":"NONE","seed_source_timestamp":570891389903166,"circlet_count":0,"master_deck":["Strike_R+1","Strike_R+1","Strike_R+1","Bash+1","Dropkick+1","Rage+1","Clash+1","Sever Soul+1","Rage+1","Double Tap+1","Fire Breathing","Rage+1","Rage+1","Battle Trance","Inflame","Clash","Feed","Inflame+1","Blood for Blood+1","Evolve+1","Double Tap+1","Trip+1"],"special_seed":0,"relics":["Burning Blood","NeowsBlessing","Happy Flower","Charon\u0027s Ashes","Anchor","Philosopher\u0027s Stone","Red Mask","Whetstone","Question Card","Strawberry","Girya","Empty Cage","Magic Flower","FossilizedHelix","Mercury Hourglass","Pen Nib","Omamori","DollysMirror"],"potions_floor_usage":[25,33,33,36,37,50,50,50],"damage_taken":[{"damage":0.0,"enemies":"Small Slimes","floor":1.0,"turns":1.0},{"damage":0.0,"enemies":"3 Sentries","floor":8.0,"turns":2.0},{"damage":0.0,"enemies":"Jaw Worm","floor":11.0,"turns":1.0},{"damage":2.0,"enemies":"2 Louse","floor":13.0,"turns":2.0},{"damage":3.0,"enemies":"Gremlin Nob","floor":14.0,"turns":3.0},{"damage":22.0,"enemies":"The Guardian","floor":16.0,"turns":8.0},{"damage":13.0,"enemies":"Chosen","floor":18.0,"turns":4.0},{"damage":7.0,"enemies":"Spheric Guardian","floor":21.0,"turns":3.0},{"damage":11.0,"enemies":"Masked Bandits","floor":22.0,"turns":3.0},{"damage":49.0,"enemies":"Gremlin Leader","floor":23.0,"turns":6.0},{"damage":0,"enemies":"Book of Stabbing","floor":25,"turns":2},{"damage":0,"enemies":"Shelled Parasite and Fungi","floor":28,"turns":3},{"damage":3,"enemies":"Sentry and Sphere","floor":30,"turns":4},{"damage":0,"enemies":"Collector","floor":33,"turns":5},{"damage":30,"enemies":"3 Darklings","floor":35,"turns":4},{"damage":43,"enemies":"2 Orb Walkers","floor":36,"turns":5},{"damage":23,"enemies":"Mind Bloom Boss Battle","floor":38,"turns":4},{"damage":20,"enemies":"Nemesis","floor":40,"turns":7},{"damage":0,"enemies":"Orb Walker","floor":41,"turns":2},{"damage":0,"enemies":"Transient","floor":45,"turns":5},{"damage":66,"enemies":"Donu and Deca","floor":50,"turns":6}],"seed_played":"-7354777047573956473","potions_obtained":[{"floor":1.0,"key":"Fire Potion"},{"floor":16.0,"key":"Dexterity Potion"},{"floor":21.0,"key":"FearPotion"},{"floor":22.0,"key":"EssenceOfSteel"},{"floor":30,"key":"SteroidPotion"},{"floor":40,"key":"SkillPotion"},{"floor":41,"key":"LiquidBronze"}],"is_trial":false,"path_per_floor":["M","$","?","$","?","R","?","E","T","R","M","R","M","E","R","B",null,"M","?","$","M","?","E","$","E","T","R","M","?","M","?","R","B",null,"M","?","$","?","?","E","M","?","T","T","M","?","R","$","R","B",null],"character_chosen":"IRONCLAD","items_purchased":["Rage","Rage","Feed","Fruit Juice","DollysMirror","Trip","Swift Potion"],"campfire_rested":0,"item_purchase_floors":[2,20,20,37,48,48,48],"current_hp_per_floor":[80,80,64,64,64,64,53,59,59,59,65,65,69,72,72,56,80,73,73,73,75,73,30,30,39,46,46,56,56,63,63,63,69,104,84,50,55,47,105,99,108,108,108,108,108,108,108,108,108,51],"gold":3,"neow_bonus":"THREE_ENEMY_KILL","is_prod":false,"is_daily":false,"chose_seed":false,"campfire_upgraded":7,"win_rate":0,"timestamp":1546022540,"path_taken":["M","$","?","?","?","R","?","E","T","R","?","R","?","E","R","BOSS","M","?","$","?","?","E","$","E","T","R","M","?","M","?","R","BOSS","M","?","$","?","?","E","M","?","T","?","M","?","R","$","R","BOSS"],"build_version":"2018-12-20","purchased_purges":4,"victory":true,"max_hp_per_floor":[80,80,80,80,80,80,80,80,80,80,80,80,80,80,80,80,80,80,80,80,83,86,86,86,89,96,96,100,100,104,104,104,104,104,108,111,116,120,105,108,108,108,108,108,108,108,108,108,108,108],"card_choices":[{"not_picked":["Bloodletting","Havoc"],"picked":"Dropkick","floor":1.0},{"not_picked":["Wild Strike","Evolve"],"picked":"Clash","floor":8.0},{"not_picked":["Power Through","Rampage"],"picked":"Sever Soul","floor":11.0},{"not_picked":["True Grit","Pommel Strike","Perfected Strike"],"picked":"SKIP","floor":13.0},{"not_picked":["Heavy Blade","Flex"],"picked":"Rage","floor":14.0},{"not_picked":["Berserk","Offering"],"picked":"Double Tap","floor":16.0},{"not_picked":["Armaments","Clothesline"],"picked":"Fire Breathing","floor":18.0},{"not_picked":["Shrug It Off","Cleave","Sword Boomerang"],"picked":"SKIP","floor":21.0},{"not_picked":["Headbutt","Sever Soul"],"picked":"Rage+1","floor":22.0},{"not_picked":["Blood for Blood+1","Sword Boomerang"],"picked":"Battle Trance","floor":23.0},{"not_picked":["Perfected Strike+1","Uppercut"],"picked":"Inflame","floor":25},{"not_picked":["Corruption","True Grit+1","Disarm","Headbutt+1"],"picked":"SKIP","floor":28},{"not_picked":["Corruption","True Grit+1","Disarm","Headbutt+1"],"picked":"SKIP","floor":28},{"not_picked":["Shrug It Off","Corruption+1","Rampage"],"picked":"Clash","floor":30},{"not_picked":["Bludgeon","Berserk","Brutality"],"picked":"Feed","floor":33},{"not_picked":["Clothesline","Flex","Combust","Warcry+1"],"picked":"SKIP","floor":35},{"not_picked":["Cleave","Twin Strike+1","Bloodletting"],"picked":"Inflame+1","floor":36},{"not_picked":["Perfected Strike+1","Flex","Thunderclap","Heavy Blade+1"],"picked":"SKIP","floor":40},{"not_picked":["Havoc+1","Clothesline+1","Twin Strike"],"picked":"Blood for Blood+1","floor":41},{"not_picked":["Brutality","Shrug It Off+1","Sword Boomerang"],"picked":"Evolve+1","floor":45}],"player_experience":77705,"relics_obtained":[{"floor":8.0,"key":"Happy Flower"},{"floor":9.0,"key":"Charon\u0027s Ashes"},{"floor":14.0,"key":"Anchor"},{"floor":22.0,"key":"Red Mask"},{"floor":23.0,"key":"Whetstone"},{"floor":25,"key":"Question Card"},{"floor":26,"key":"Strawberry"},{"floor":36,"key":"Magic Flower"},{"floor":38,"key":"FossilizedHelix"},{"floor":40,"key":"Mercury Hourglass"},{"floor":43,"key":"Pen Nib"},{"floor":44,"key":"Omamori"}],"event_choices":[{"damage_healed":0.0,"max_hp_gain":0.0,"max_hp_loss":0.0,"gold_gain":0.0,"event_name":"Shining Light","player_choice":"Entered Light","floor":3.0,"gold_loss":0.0,"damage_taken":16.0,"cards_upgraded":["Dropkick","Bash"]},{"damage_healed":0.0,"max_hp_gain":0.0,"max_hp_loss":0.0,"gold_gain":0.0,"event_name":"The Cleric","player_choice":"Leave","floor":5.0,"gold_loss":0.0,"damage_taken":0.0},{"damage_healed":0.0,"max_hp_gain":0.0,"max_hp_loss":0.0,"gold_gain":75.0,"event_name":"World of Goop","player_choice":"Gather Gold","floor":7.0,"gold_loss":0.0,"damage_taken":11.0},{"damage_healed":0.0,"max_hp_gain":0.0,"max_hp_loss":0.0,"gold_gain":0.0,"event_name":"Upgrade Shrine","player_choice":"Upgraded","floor":19.0,"gold_loss":0.0,"damage_taken":0.0,"cards_upgraded":["Double Tap"]},{"damage_healed":0.0,"max_hp_gain":0.0,"max_hp_loss":0.0,"gold_gain":0.0,"event_name":"Masked Bandits","player_choice":"Fought Bandits","floor":22.0,"gold_loss":0.0,"damage_taken":0.0},{"damage_healed":0,"gold_gain":0,"player_choice":"Simplicity","damage_taken":0,"max_hp_gain":0,"max_hp_loss":0,"event_name":"Back to Basics","floor":29,"gold_loss":0,"cards_upgraded":["Strike_R","Strike_R","Strike_R","Defend_R","Defend_R"]},{"damage_healed":0,"gold_gain":0,"player_choice":"Opened","damage_taken":0,"relics_obtained":["Girya"],"max_hp_gain":0,"max_hp_loss":0,"event_name":"The Mausoleum","floor":31,"gold_loss":0},{"damage_healed":0,"gold_gain":0,"player_choice":"Fight","damage_taken":0,"max_hp_gain":0,"max_hp_loss":0,"event_name":"Mysterious Sphere","floor":36,"gold_loss":0},{"damage_healed":0,"gold_gain":0,"player_choice":"Fight","damage_taken":0,"max_hp_gain":0,"max_hp_loss":0,"event_name":"MindBloom","floor":38,"gold_loss":0},{"damage_healed":105,"gold_gain":0,"player_choice":"Heal","damage_taken":0,"max_hp_gain":0,"max_hp_loss":15,"event_name":"The Moai Head","floor":39,"gold_loss":0},{"cards_removed":["Feed"],"damage_healed":0,"gold_gain":0,"player_choice":"Removed Attack","damage_taken":0,"max_hp_gain":0,"max_hp_loss":0,"event_name":"Falling","floor":42,"gold_loss":0},{"damage_healed":0,"gold_gain":222,"player_choice":"Wore Mask","damage_taken":0,"max_hp_gain":0,"max_hp_loss":0,"event_name":"Tomb of Lord Red Mask","floor":46,"gold_loss":0}],"is_beta":false,"boss_relics":[{"not_picked":["Runic Dome","Busted Crown"],"picked":"Philosopher\u0027s Stone"},{"not_picked":["Tiny House","Astrolabe"],"picked":"Empty Cage"}],"items_purged_floors":[2,24,37,48],"is_endless":false,"potions_floor_spawned":[1,16,21,22,30,40,41],"ascension_level":4}