{"gold_per_floor":[113,125,145,18,37,68,86,86,139,139],"floor_reached":10,"playtime":704,"items_purged":["Strike_R"],"score":70,"play_id":"e5f062f0-c512-4954-9a80-6267a5e6bb1a","local_time":"20180720005401","is_ascension_mode":false,"campfire_choices":[],"neow_cost":"NONE","seed_source_timestamp":347513752228737,"circlet_count":0,"master_deck":["Strike_R","Strike_R","Strike_R","Strike_R+1","Defend_R","Defend_R","Defend_R+1","Defend_R","Bash","Shrug It Off","Pommel Strike","Pommel Strike","Rampage","Fiend Fire"],"relics":["Runic Dome","Pen Nib","Boot","GremlinMask"],"potions_floor_usage":[],"damage_taken":[{"damage":0,"enemies":"Small Slimes","floor":1,"turns":3},{"damage":0,"enemies":"Cultist","floor":2,"turns":2},{"damage":0,"enemies":"2 Louse","floor":3,"turns":2},{"damage":0,"enemies":"Large Slime","floor":5,"turns":6},{"damage":14,"enemies":"3 Sentries","floor":6,"turns":8},{"damage":15,"enemies":"3 Louse","floor":7,"turns":3}],"seed_played":"1626058812945683425","potions_obtained":[{"floor":6,"key":"LiquidBronze"},{"floor":7,"key":"Explosive Potion"}],"is_trial":false,"path_per_floor":["M","M","M","$","M","E","M","?","T"],"character_chosen":"IRONCLAD","items_purchased":["Pommel Strike"],"campfire_rested":0,"item_purchase_floors":[4],"current_hp_per_floor":[80,80,80,80,80,66,51,35,35,35],"gold":139,"neow_bonus":"BOSS_RELIC","is_prod":false,"is_daily":false,"chose_seed":false,"campfire_upgraded":0,"win_rate":0,"timestamp":1532073241,"path_taken":["M","M","M","$","M","E","M","?","T","?"],"build_version":"2018-07-19v2","purchased_purges":1,"victory":false,"max_hp_per_floor":[80,80,80,80,80,80,80,80,80,80],"card_choices":[{"not_picked":["Perfected Strike","Iron Wave"],"picked":"Shrug It Off","floor":1},{"not_picked":["Entrench","Disarm","Headbutt"],"picked":"SKIP","floor":2},{"not_picked":["Dual Wield","Armaments","True Grit"],"picked":"SKIP","floor":3},{"not_picked":["True Grit","Warcry"],"picked":"Pommel Strike","floor":5},{"not_picked":["Headbutt","Carnage"],"picked":"Rampage","floor":6},{"not_picked":["Shrug It Off","Thunderclap"],"picked":"Fiend Fire","floor":7}],"player_experience":28643,"relics_obtained":[{"floor":6,"key":"Pen Nib"},{"floor":9,"key":"Boot"}],"event_choices":[{"event_name":"Shining Light","player_choice":"Entered Light","floor":8,"damage_taken":0},{"event_name":"FaceTrader","player_choice":"Trade","floor":10,"damage_taken":0}],"is_beta":false,"boss_relics":[],"items_purged_floors":[4],"is_endless":false,"potions_floor_spawned":[6,7],"ascension_level":0}