{"gold_per_floor":[118,128,3,15,34,66,66,36,84,84,95,95,121,141,141,141],"floor_reached":16,"playtime":1425,"items_purged":[],"score":190,"play_id":"140ce1b6-ada4-4907-ba4b-de3add1588a7","local_time":"20180816102549","is_ascension_mode":true,"campfire_choices":[{"data":"Armaments","floor":7.0,"key":"SMITH"},{"data":"Clothesline","floor":10.0,"key":"SMITH"},{"data":"Uppercut","floor":12.0,"key":"SMITH"},{"data":"True Grit","floor":15.0,"key":"SMITH"}],"neow_cost":"NONE","seed_source_timestamp":2067468409593374,"circlet_count":0,"master_deck":["Strike_R","Strike_R","Strike_R","Strike_R","Strike_R","Defend_R","Defend_R","Defend_R","Defend_R","Bash","AscendersBane","Clothesline+1","Pommel Strike","Feel No Pain","Armaments+1","True Grit+1","Whirlwind","Burning Pact","Uppercut+1","Sever Soul"],"special_seed":0,"relics":["Burning Blood","Anchor","Letter Opener","Lantern","Blood Vial"],"potions_floor_usage":[16,16],"damage_taken":[{"damage":1.0,"enemies":"Cultist","floor":1.0,"turns":3.0},{"damage":2.0,"enemies":"Jaw Worm","floor":2.0,"turns":3.0},{"damage":0.0,"enemies":"2 Louse","floor":4.0,"turns":3.0},{"damage":7.0,"enemies":"Large Slime","floor":5.0,"turns":5.0},{"damage":5.0,"enemies":"3 Sentries","floor":6.0,"turns":10.0},{"damage":1.0,"enemies":"Looter","floor":8.0,"turns":4.0},{"damage":4.0,"enemies":"Exordium Wildlife","floor":11.0,"turns":3.0},{"damage":28.0,"enemies":"Gremlin Nob","floor":13.0,"turns":4.0},{"damage":45.0,"enemies":"Large Slime","floor":14.0,"turns":9.0},{"damage":20,"enemies":"Hexaghost","floor":16,"turns":9}],"seed_played":"3603095964455480448","potions_obtained":[{"floor":4.0,"key":"PowerPotion"},{"floor":13.0,"key":"PowerPotion"},{"floor":14.0,"key":"SpeedPotion"}],"is_trial":false,"path_per_floor":["M","M","$","M","M","E","R","M","T","R","M","R","E","M","R"],"character_chosen":"IRONCLAD","items_purchased":["Feel No Pain","SkillPotion"],"campfire_rested":0,"item_purchase_floors":[3,3],"current_hp_per_floor":[73,75,75,75,74,75,75,75,75,75,75,75,53,16,16,0],"gold":141,"neow_bonus":"RANDOM_COMMON_RELIC","is_prod":false,"is_daily":false,"chose_seed":false,"campfire_upgraded":4,"win_rate":0,"timestamp":1534440349,"path_taken":["M","M","?","M","M","E","R","M","T","R","M","R","E","M","R","BOSS"],"build_version":"2018-08-09","purchased_purges":0,"victory":false,"max_hp_per_floor":[75,75,75,75,75,75,75,75,75,75,75,75,75,75,75,75],"card_choices":[{"not_picked":["Twin Strike","Body Slam"],"picked":"Clothesline","floor":1.0},{"not_picked":["Heavy Blade","Wild Strike"],"picked":"Pommel Strike","floor":2.0},{"not_picked":["Power Through","Headbutt"],"picked":"Armaments","floor":4.0},{"not_picked":["Iron Wave","Dropkick"],"picked":"True Grit","floor":5.0},{"not_picked":["Armaments","Havoc"],"picked":"Whirlwind","floor":6.0},{"not_picked":["Armaments","Bloodletting"],"picked":"Burning Pact","floor":8.0},{"not_picked":["Fiend Fire","Body Slam"],"picked":"Uppercut","floor":11.0},{"not_picked":["Cleave","Rupture","Intimidate"],"picked":"SKIP","floor":13.0},{"not_picked":["Heavy Blade","Perfected Strike"],"picked":"Sever Soul","floor":14.0}],"player_experience":474012,"relics_obtained":[{"floor":6.0,"key":"Letter Opener"},{"floor":9.0,"key":"Lantern"},{"floor":13.0,"key":"Blood Vial"}],"event_choices":[],"is_beta":false,"boss_relics":[],"items_purged_floors":[],"is_endless":false,"potions_floor_spawned":[4,5,13,14],"killed_by":"Hexaghost","ascension_level":14}