{"gold_per_floor":[119,119,119,139,149,149,176,176,176,206,222,32,32],"floor_reached":13,"playtime":545,"items_purged":["Strike_R"],"score":172,"play_id":"0e7fdbc3-b0e2-4a1b-beeb-eaaed8610559","local_time":"20180824025037","is_ascension_mode":true,"campfire_choices":[{"data":"Bash","floor":6,"key":"SMITH"},{"floor":8,"key":"REST"}],"neow_cost":"NONE","seed_source_timestamp":594143571971329,"circlet_count":0,"master_deck":["Strike_R","Strike_R+1","Defend_R","Defend_R","Defend_R","Defend_R","Bash+1","AscendersBane","Rampage+1","Pommel Strike","Pummel","Shockwave","Inflame","Headbutt","Shrug It Off","Disarm"],"relics":["Burning Blood","Bird Faced Urn","StoneCalendar","Shovel"],"potions_floor_usage":[7],"damage_taken":[{"damage":4,"enemies":"Jaw Worm","floor":1,"turns":5},{"damage":8,"enemies":"Small Slimes","floor":4,"turns":4},{"damage":1,"enemies":"Cultist","floor":5,"turns":3},{"damage":25,"enemies":"3 Sentries","floor":7,"turns":9},{"damage":23,"enemies":"Gremlin Nob","floor":10,"turns":4},{"damage":25,"enemies":"3 Louse","floor":11,"turns":5},{"damage":10,"enemies":"3 Sentries","floor":13,"turns":2}],"seed_played":"-3408493376175994529","potions_obtained":[{"floor":1,"key":"Block Potion"},{"floor":4,"key":"Swift Potion"},{"floor":11,"key":"Ancient Potion"}],"is_trial":false,"path_per_floor":["M","?","?","M","M","R","E","R","T","E","M","$"],"character_chosen":"IRONCLAD","items_purchased":["Shrug It Off","Disarm"],"campfire_rested":1,"item_purchase_floors":[12,12],"current_hp_per_floor":[70,47,40,38,43,43,24,46,46,29,12,12,2],"gold":32,"neow_bonus":"REMOVE_CARD","is_prod":false,"is_daily":false,"chose_seed":false,"campfire_upgraded":1,"win_rate":0,"timestamp":1535104237,"path_taken":["M","?","?","M","M","R","E","R","T","E","M","$","E"],"build_version":"2018-08-16","purchased_purges":1,"victory":false,"max_hp_per_floor":[75,75,75,75,75,75,75,75,75,75,75,75,75],"card_choices":[{"not_picked":["Seeing Red","Shrug It Off"],"picked":"Rampage","floor":1},{"not_picked":["Body Slam","Disarm"],"picked":"Pommel Strike","floor":4},{"not_picked":["Warcry","Thunderclap"],"picked":"Pummel","floor":5},{"not_picked":["Searing Blow","Dropkick"],"picked":"Shockwave","floor":7},{"not_picked":["Burning Pact","Flame Barrier"],"picked":"Inflame","floor":10},{"not_picked":["Flex","Warcry"],"picked":"Headbutt","floor":11}],"player_experience":603047,"relics_obtained":[{"floor":7,"key":"Bird Faced Urn"},{"floor":9,"key":"StoneCalendar"},{"floor":10,"key":"Shovel"}],"event_choices":[{"event_name":"Shining Light","player_choice":"Entered Light","floor":2,"damage_taken":0},{"event_name":"Golden Wing","player_choice":"Card Removal","floor":3,"damage_taken":0}],"is_beta":false,"boss_relics":[],"items_purged_floors":[12],"is_endless":false,"potions_floor_spawned":[1,4,11],"killed_by":"3 Sentries","ascension_level":17}