{"gold_per_floor":[115,127,127,147,162,197,207,207,207,240,240,240,240,253,253,253],"floor_reached":16,"playtime":2178,"items_purged":[],"score":123,"play_id":"d5336d70-a92e-4627-95b0-454c3e02f434","local_time":"20180801091820","is_ascension_mode":true,"campfire_choices":[{"data":"Venomology","floor":8,"key":"SMITH"},{"floor":12,"key":"REST"},{"floor":15,"key":"REST"}],"neow_cost":"NONE","seed_source_timestamp":0,"circlet_count":0,"master_deck":["Defend_G","Defend_G","Defend_G","Defend_G","Defend_G","Strike_G","Strike_G","Strike_G+1","Strike_G","Strike_G","Survivor","Neutralize","Cloak And Dagger","Acrobatics","Regret","Dagger Throw+1","Distraction","Venomology+1","Flechettes","Bouncing Flask","Crippling Poison","Burst","Poisoned Stab"],"special_seed":0,"relics":["Ring of the Snake","Centennial Puzzle","Nunchaku","Whetstone","Blood Vial","Meat on the Bone"],"potions_floor_usage":[10,10,16,16,16],"damage_taken":[{"damage":0.0,"enemies":"2 Louse","floor":1.0,"turns":3.0},{"damage":0.0,"enemies":"Small Slimes","floor":2.0,"turns":3.0},{"damage":6.0,"enemies":"Jaw Worm","floor":4.0,"turns":5.0},{"damage":13.0,"enemies":"Gremlin Gang","floor":5.0,"turns":7.0},{"damage":28.0,"enemies":"Gremlin Nob","floor":6.0,"turns":5.0},{"damage":2.0,"enemies":"Looter","floor":7.0,"turns":5.0},{"damage":16,"enemies":"Lagavulin","floor":10,"turns":9},{"damage":29,"enemies":"Lots of Slimes","floor":14,"turns":4},{"damage":36,"enemies":"The Guardian","floor":16,"turns":11}],"seed_played":"-1738118587399364573","potions_obtained":[{"floor":4.0,"key":"Ancient Potion"},{"floor":5.0,"key":"Block Potion"},{"floor":6.0,"key":"GhostInAJar"},{"floor":14,"key":"Block Potion"}],"is_trial":false,"path_per_floor":["M","M","?","M","M","E","M","R","T","E","?","R","?","M","R"],"character_chosen":"THE_SILENT","items_purchased":[],"campfire_rested":2,"item_purchase_floors":[],"current_hp_per_floor":[70,70,70,64,51,23,21,21,21,7,7,28,28,13,34,0],"gold":253,"neow_bonus":"RANDOM_COMMON_RELIC","is_prod":false,"is_daily":false,"chose_seed":false,"campfire_upgraded":1,"win_rate":0,"timestamp":1533133100,"path_taken":["M","M","?","M","?","E","M","R","T","E","?","R","?","?","R","BOSS"],"build_version":"2018-07-26","purchased_purges":0,"victory":false,"max_hp_per_floor":[70,70,70,70,70,70,70,70,70,70,70,70,70,70,70,70],"card_choices":[{"not_picked":["Underhanded Strike","Prepared"],"picked":"Cloak And Dagger","floor":1.0},{"not_picked":["Slice","Deflect"],"picked":"Acrobatics","floor":2.0},{"not_picked":["Slice","Underhanded Strike"],"picked":"Dagger Throw","floor":4.0},{"not_picked":["Deflect","Bane"],"picked":"Distraction","floor":5.0},{"not_picked":["Dash","Flying Knee"],"picked":"Venomology","floor":6.0},{"not_picked":["Dagger Spray","Flying Knee"],"picked":"Flechettes","floor":7.0},{"not_picked":["A Thousand Cuts","Dagger Throw"],"picked":"Bouncing Flask","floor":10},{"not_picked":["Acrobatics","Expertise"],"picked":"Poisoned Stab","floor":14}],"player_experience":183859,"relics_obtained":[{"floor":6.0,"key":"Whetstone"},{"floor":9,"key":"Blood Vial"},{"floor":10,"key":"Meat on the Bone"}],"event_choices":[{"event_name":"Big Fish","player_choice":"Box","floor":3.0,"damage_taken":0.0},{"event_name":"Match and Keep!","player_choice":"2 cards matched","floor":11,"damage_taken":0},{"event_name":"Liars Game","player_choice":"disagreed","floor":13,"damage_taken":0}],"is_beta":false,"boss_relics":[],"items_purged_floors":[],"is_endless":false,"potions_floor_spawned":[4,5,6,14],"killed_by":"The Guardian","ascension_level":2}