{"gold_per_floor":[111,128,140,159,159,159,188,205,205,205,220,220,238,256,256,356,356,374,390,402,138,156,156,170,170,170,186,32,32],"floor_reached":29,"playtime":1479,"items_purged":[],"score":280,"play_id":"8d014fc5-7555-46d6-94b0-efaec2fa1ed0","local_time":"20180930132526","is_ascension_mode":true,"campfire_choices":[{"data":"Footwork","floor":6,"key":"SMITH"},{"floor":12,"key":"REST"},{"data":"Noxious Fumes","floor":15,"key":"SMITH"},{"floor":23,"key":"REST"},{"floor":25,"key":"REST"}],"neow_cost":"","seed_source_timestamp":356035883641546,"circlet_count":0,"master_deck":["Defend_G","Defend_G","Defend_G","Defend_G","Defend_G","Strike_G","Strike_G","Strike_G","Strike_G","Strike_G","Survivor","Neutralize","Footwork+1","Deadly Poison","Distraction","Dagger Spray","Deflect","Catalyst","Noxious Fumes+1","Deflect","Crippling Poison","Envenom","Outmaneuver","Poisoned Stab+1","Blade Dance","Noxious Fumes","Slice+1","Flying Knee","Crippling Poison"],"relics":["Ring of the Snake","Boot","Mercury Hourglass","Oddly Smooth Stone","White Beast Statue","Strange Spoon","Matryoshka","Bronze Scales"],"potions_floor_usage":[7,22,24,27,27,27,27,27,29],"damage_taken":[{"damage":0,"enemies":"2 Louse","floor":1,"turns":3},{"damage":18,"enemies":"Small Slimes","floor":2,"turns":6},{"damage":3,"enemies":"Cultist","floor":3,"turns":4},{"damage":7,"enemies":"Looter","floor":4,"turns":4},{"damage":11,"enemies":"3 Sentries","floor":7,"turns":3},{"damage":15,"enemies":"Exordium Wildlife","floor":8,"turns":6},{"damage":0,"enemies":"2 Fungi Beasts","floor":11,"turns":3},{"damage":5,"enemies":"Looter","floor":13,"turns":3},{"damage":3,"enemies":"Exordium Thugs","floor":14,"turns":4},{"damage":6,"enemies":"Hexaghost","floor":16,"turns":8},{"damage":10,"enemies":"Spheric Guardian","floor":18,"turns":5},{"damage":0,"enemies":"Chosen","floor":19,"turns":5},{"damage":12,"enemies":"Snake Plant","floor":20,"turns":5},{"damage":26,"enemies":"Centurion and Healer","floor":22,"turns":6},{"damage":27,"enemies":"Sentry and Sphere","floor":24,"turns":5},{"damage":39,"enemies":"Shelled Parasite and Fungi","floor":27,"turns":5},{"damage":7,"enemies":"Book of Stabbing","floor":29,"turns":1}],"seed_played":"-3106338466726274608","potions_obtained":[{"floor":3,"key":"Explosive Potion"},{"floor":4,"key":"SteroidPotion"},{"floor":8,"key":"SteroidPotion"},{"floor":11,"key":"LiquidBronze"},{"floor":19,"key":"Explosive Potion"},{"floor":20,"key":"PowerPotion"},{"floor":22,"key":"LiquidBronze"},{"floor":24,"key":"EntropicBrew"},{"floor":27,"key":"PowerPotion"}],"is_trial":false,"path_per_floor":["M","M","M","M","?","R","E","M","T","?","M","R","M","M","R","B",null,"M","M","M","$","M","R","M","R","T","M","$"],"character_chosen":"THE_SILENT","items_purchased":["Noxious Fumes","Strange Spoon","Bronze Scales"],"campfire_rested":3,"item_purchase_floors":[21,21,28],"current_hp_per_floor":[70,52,49,42,47,47,36,21,21,21,21,43,38,35,35,29,75,65,65,53,53,27,49,22,44,44,5,5,0],"gold":32,"neow_bonus":"","is_prod":false,"is_daily":false,"chose_seed":false,"campfire_upgraded":2,"win_rate":0,"timestamp":1538331926,"path_taken":["M","M","M","M","?","R","E","M","T","?","?","R","M","M","R","BOSS","M","M","M","$","M","R","M","R","T","M","$","E"],"build_version":"2018-09-27","purchased_purges":0,"victory":false,"max_hp_per_floor":[70,70,70,70,75,75,75,75,75,75,75,75,75,75,75,75,75,75,75,75,75,75,75,75,75,75,75,75,75],"card_choices":[{"not_picked":["Underhanded Strike","Endless Agony"],"picked":"Footwork","floor":1},{"not_picked":["Distraction","Heel Hook"],"picked":"Deadly Poison","floor":2},{"not_picked":["Quick Slash","Bullet Time"],"picked":"Distraction","floor":3},{"not_picked":["Masterful Stab","PiercingWail"],"picked":"Dagger Spray","floor":4},{"not_picked":["Predator","Choke"],"picked":"Deflect","floor":7},{"not_picked":["Dagger Throw","Finisher"],"picked":"Catalyst","floor":8},{"not_picked":["Sucker Punch","Blade Dance"],"picked":"Noxious Fumes","floor":11},{"not_picked":["Leg Sweep","Slice"],"picked":"Deflect","floor":13},{"not_picked":["Skewer","Glass Knife"],"picked":"Crippling Poison","floor":14},{"not_picked":["Phantasmal Killer","A Thousand Cuts"],"picked":"Envenom","floor":16},{"not_picked":["Prepared","Dodge and Roll"],"picked":"Outmaneuver","floor":18},{"not_picked":["Predator+1","Acrobatics+1"],"picked":"Poisoned Stab+1","floor":19},{"not_picked":["Underhanded Strike","Sucker Punch+1"],"picked":"Blade Dance","floor":20},{"not_picked":["Sucker Punch","Heel Hook+1"],"picked":"Slice+1","floor":22},{"not_picked":["Expertise","Reflex"],"picked":"Flying Knee","floor":24},{"not_picked":["Underhanded Strike","Adrenaline"],"picked":"Crippling Poison","floor":27}],"player_experience":396888,"relics_obtained":[{"floor":7,"key":"Boot"},{"floor":9,"key":"Mercury Hourglass"},{"floor":26,"key":"Matryoshka"}],"event_choices":[{"event_name":"Big Fish","player_choice":"Donut","floor":5,"damage_taken":0},{"event_name":"Dead Adventurer","player_choice":"Searched \u00271\u0027 times","floor":10,"damage_taken":0}],"is_beta":false,"boss_relics":[{"not_picked":["Calling Bell","Fusion Hammer"],"picked":"White Beast Statue"}],"items_purged_floors":[],"is_endless":false,"potions_floor_spawned":[3,4,8,11,14,18,19,20,22,24,27],"killed_by":"Book of Stabbing","ascension_level":4}