{"gold_per_floor":[110,110,130,16,16,52,52,75,98,98,98,122,142,142],"floor_reached":14,"playtime":473,"items_purged":["Regret"],"score":99,"play_id":"62b96156-85b5-4e1b-aba4-bfd4adca6955","local_time":"20180805150101","is_ascension_mode":true,"campfire_choices":[{"floor":7,"key":"REST"},{"floor":10,"key":"REST"}],"neow_cost":"NONE","seed_source_timestamp":190855127489496,"circlet_count":0,"master_deck":["Defend_G","Defend_G","Defend_G","Defend_G","Defend_G","Strike_G","Strike_G","Strike_G","Strike_G","Strike_G","Survivor","Infinite Blades","PiercingWail","Caltrops","Finisher","Leg Sweep","Infinite Blades+1","Malaise"],"relics":["Ring of the Snake","Omamori","Golden Idol","Frozen Egg 2","Oddly Smooth Stone","Nunchaku"],"potions_floor_usage":[13],"damage_taken":[{"damage":0,"enemies":"2 Louse","floor":1,"turns":3},{"damage":8,"enemies":"Jaw Worm","floor":3,"turns":6},{"damage":49,"enemies":"Gremlin Nob","floor":6,"turns":6},{"damage":13,"enemies":"Small Slimes","floor":8,"turns":4},{"damage":33,"enemies":"Gremlin Gang","floor":12,"turns":5},{"damage":7,"enemies":"3 Louse","floor":13,"turns":3},{"damage":4,"enemies":"Exordium Wildlife","floor":14,"turns":2}],"seed_played":"5405330111930074004","potions_obtained":[{"floor":1,"key":"GamblersBrew"},{"floor":8,"key":"SkillPotion"},{"floor":13,"key":"Dexterity Potion"}],"is_trial":false,"path_per_floor":["M","?","M","$","?","E","R","M","T","R","T","M","M"],"character_chosen":"THE_SILENT","items_purchased":["Caltrops"],"campfire_rested":2,"item_purchase_floors":[4],"current_hp_per_floor":[70,70,62,62,62,13,34,21,21,42,42,9,2,0],"gold":142,"neow_bonus":"REMOVE_CARD","is_prod":false,"is_daily":false,"chose_seed":false,"campfire_upgraded":0,"win_rate":0,"timestamp":1533499261,"path_taken":["M","?","?","$","?","E","R","M","T","R","?","M","M","M"],"build_version":"2018-08-02","purchased_purges":1,"victory":false,"max_hp_per_floor":[70,70,70,70,70,70,70,70,70,70,70,70,70,70],"card_choices":[{"not_picked":["Eviscerate","Distraction"],"picked":"Infinite Blades","floor":1},{"not_picked":["Sucker Punch","Dodge and Roll"],"picked":"PiercingWail","floor":3},{"not_picked":["Setup","Dash"],"picked":"Finisher","floor":6},{"not_picked":["Deadly Poison","Crippling Poison"],"picked":"Leg Sweep","floor":8},{"not_picked":["Blade Dance","Outmaneuver"],"picked":"Infinite Blades+1","floor":12},{"not_picked":["Prepared","Quick Slash"],"picked":"Malaise","floor":13}],"player_experience":202185,"relics_obtained":[{"floor":6,"key":"Frozen Egg 2"},{"floor":9,"key":"Oddly Smooth Stone"},{"floor":11,"key":"Nunchaku"}],"event_choices":[{"event_name":"Big Fish","player_choice":"Box","floor":2,"damage_taken":0},{"event_name":"Golden Idol","player_choice":"Take Wound","floor":5,"damage_taken":0}],"is_beta":false,"boss_relics":[],"items_purged_floors":[4],"is_endless":false,"potions_floor_spawned":[1,8,13],"killed_by":"Exordium Wildlife","ascension_level":2}