{"gold_per_floor":[113,113,126,142,142,170,170,198,198,198,198,218,241,241],"floor_reached":14,"playtime":683,"items_purged":[],"score":186,"play_id":"f68deb9e-61e4-4fec-a646-894973348e53","local_time":"20181224021616","is_ascension_mode":true,"campfire_choices":[{"floor":7,"key":"REST"},{"floor":11,"key":"REST"}],"neow_cost":"NONE","seed_source_timestamp":230576748430719,"circlet_count":0,"master_deck":["AscendersBane","Defend_G","Defend_G","Defend_G","Defend_G","Defend_G","Strike_G","Strike_G","Strike_G","Strike_G","Survivor","Neutralize","Slice","Infinite Blades","Accuracy","A Thousand Cuts","Backflip","Leg Sweep"],"relics":["Runic Dome","Potion Belt","Question Card","Vajra","Bag of Marbles"],"potions_floor_usage":[12,14,14],"damage_taken":[{"damage":1,"enemies":"Small Slimes","floor":1,"turns":4},{"damage":0,"enemies":"2 Louse","floor":3,"turns":3},{"damage":0,"enemies":"Cultist","floor":4,"turns":4},{"damage":46,"enemies":"Gremlin Nob","floor":6,"turns":5},{"damage":22,"enemies":"3 Sentries","floor":8,"turns":9},{"damage":18,"enemies":"Exordium Thugs","floor":12,"turns":5},{"damage":5,"enemies":"Lagavulin","floor":14,"turns":4}],"seed_played":"4332054101412766306","potions_obtained":[{"floor":6,"key":"Energy Potion"},{"floor":8,"key":"SteroidPotion"},{"floor":12,"key":"Swift Potion"}],"is_trial":false,"path_per_floor":["M","?","M","M","?","E","R","E","T","?","R","M","T","E"],"character_chosen":"THE_SILENT","items_purchased":[],"campfire_rested":2,"item_purchase_floors":[],"current_hp_per_floor":[58,51,51,51,51,5,24,2,2,2,21,3,3,0],"gold":241,"neow_bonus":"BOSS_RELIC","is_prod":false,"is_daily":false,"chose_seed":false,"campfire_upgraded":0,"win_rate":0,"timestamp":1545646576,"path_taken":["M","?","M","M","?","E","R","E","T","?","R","M","?","E"],"build_version":"2018-12-20","purchased_purges":0,"victory":false,"max_hp_per_floor":[66,66,66,66,66,66,66,66,66,66,66,66,66,66],"card_choices":[{"not_picked":["PiercingWail","Outmaneuver"],"picked":"Slice","floor":1},{"not_picked":["Setup","Riddle With Holes"],"picked":"Infinite Blades","floor":3},{"not_picked":["Prepared","Flying Knee"],"picked":"Accuracy","floor":4},{"not_picked":["Quick Slash","Deflect"],"picked":"A Thousand Cuts","floor":6},{"not_picked":["Blur","Grand Finale"],"picked":"Backflip","floor":8},{"not_picked":["Bane","Infinite Blades","Deflect"],"picked":"Leg Sweep","floor":12}],"player_experience":680900,"relics_obtained":[{"floor":6,"key":"Potion Belt"},{"floor":8,"key":"Question Card"},{"floor":9,"key":"Vajra"},{"floor":13,"key":"Bag of Marbles"}],"event_choices":[{"cards_removed":["Strike_G"],"damage_healed":0,"gold_gain":0,"player_choice":"Card Removal","damage_taken":7,"max_hp_gain":0,"max_hp_loss":0,"event_name":"Golden Wing","floor":2,"gold_loss":0},{"damage_healed":0,"gold_gain":0,"player_choice":"Ignored","damage_taken":0,"max_hp_gain":0,"max_hp_loss":0,"event_name":"Shining Light","floor":5,"gold_loss":0},{"damage_healed":0,"gold_gain":0,"player_choice":"Ignored","damage_taken":0,"max_hp_gain":0,"max_hp_loss":0,"event_name":"Liars Game","floor":10,"gold_loss":0}],"is_beta":false,"boss_relics":[],"items_purged_floors":[],"is_endless":false,"potions_floor_spawned":[6,8,12],"killed_by":"Lagavulin","ascension_level":18}