{"gold_per_floor":[115,65,35,49,62,91,91,91,91,110,127,127,127,2,2,105,105,117,98,116,126,126],"floor_reached":22,"playtime":833,"items_purged":[],"score":235,"play_id":"2c498e43-ae5e-4590-982b-499beb3c05d5","local_time":"20190130195438","is_ascension_mode":true,"campfire_choices":[{"data":"Deadly Poison","floor":8,"key":"SMITH"},{"floor":12,"key":"REST"},{"data":"Accuracy","floor":15,"key":"SMITH"}],"neow_cost":"NONE","seed_source_timestamp":523262260999447,"circlet_count":0,"master_deck":["Defend_G","Defend_G","Defend_G","Defend_G","Defend_G","Strike_G","Strike_G","Strike_G","Strike_G","Survivor","Neutralize","Cloak And Dagger","Deadly Poison+1","Dodge and Roll","Blade Dance","Accuracy+1","Cloak And Dagger","A Thousand Cuts","Deadly Poison","Noxious Fumes"],"relics":["Ring of the Snake","NeowsBlessing","Singing Bowl","Vajra","Busted Crown"],"potions_floor_usage":[6,10,16,16,16,21],"damage_taken":[{"damage":0,"enemies":"2 Louse","floor":1,"turns":1},{"damage":0,"enemies":"Cultist","floor":4,"turns":1},{"damage":0,"enemies":"Jaw Worm","floor":5,"turns":1},{"damage":43,"enemies":"Lagavulin","floor":6,"turns":10},{"damage":3,"enemies":"Large Slime","floor":10,"turns":10},{"damage":2,"enemies":"Gremlin Gang","floor":11,"turns":6},{"damage":14,"enemies":"Hexaghost","floor":16,"turns":10},{"damage":12,"enemies":"Spheric Guardian","floor":18,"turns":4},{"damage":10,"enemies":"2 Thieves","floor":19,"turns":4},{"damage":28,"enemies":"Centurion and Healer","floor":20,"turns":7},{"damage":7,"enemies":"Snecko","floor":21,"turns":5},{"damage":19,"enemies":"Shelled Parasite and Fungi","floor":22,"turns":2}],"seed_played":"5935644216506268884","potions_obtained":[{"floor":3,"key":"EssenceOfSteel"},{"floor":3,"key":"SneckoOil"},{"floor":5,"key":"Swift Potion"},{"floor":10,"key":"FairyPotion"},{"floor":11,"key":"PowerPotion"},{"floor":13,"key":"Energy Potion"},{"floor":13,"key":"SmokeBomb"},{"floor":13,"key":"Block Potion"},{"floor":20,"key":"Fire Potion"},{"floor":21,"key":"SmokeBomb"}],"is_trial":false,"path_per_floor":["M","?","?","M","M","E","?","R","T","M","M","R","?","$","R","B",null,"M","M","M","M","M"],"character_chosen":"THE_SILENT","items_purchased":["Accuracy","Cloak And Dagger"],"campfire_rested":1,"item_purchase_floors":[14,14],"current_hp_per_floor":[70,70,70,70,70,29,29,29,29,28,26,48,48,48,48,34,64,54,44,18,11,0],"gold":126,"neow_bonus":"THREE_ENEMY_KILL","is_prod":false,"is_daily":false,"chose_seed":false,"campfire_upgraded":2,"win_rate":0,"timestamp":1548899678,"path_taken":["M","?","?","?","M","E","?","R","T","M","M","R","?","$","R","BOSS","M","?","M","M","M"],"build_version":"2019-01-23","purchased_purges":0,"victory":false,"max_hp_per_floor":[70,70,70,70,70,72,72,72,72,74,74,74,74,74,74,74,74,76,76,78,78,78],"card_choices":[{"not_picked":["Flechettes","Underhanded Strike"],"picked":"Cloak And Dagger","floor":1},{"not_picked":["Sucker Punch","Slice"],"picked":"Deadly Poison","floor":4},{"not_picked":["Endless Agony","Reflex"],"picked":"Dodge and Roll","floor":5},{"not_picked":["Deflect","Acrobatics","Terror"],"picked":"Singing Bowl","floor":6},{"not_picked":["Deflect","Underhanded Strike","Bullet Time"],"picked":"Singing Bowl","floor":10},{"not_picked":["PiercingWail","Prepared"],"picked":"Blade Dance","floor":11},{"not_picked":["Venomology","Envenom"],"picked":"A Thousand Cuts","floor":16},{"not_picked":["Dagger Spray"],"picked":"Singing Bowl","floor":18},{"not_picked":[],"picked":"Deadly Poison","floor":19},{"not_picked":["Dagger Spray"],"picked":"Singing Bowl","floor":20},{"not_picked":[],"picked":"Noxious Fumes","floor":21}],"player_experience":747321,"relics_obtained":[{"floor":6,"key":"Singing Bowl"},{"floor":9,"key":"Vajra"}],"event_choices":[{"cards_removed":["Strike_G"],"damage_healed":0,"gold_gain":0,"player_choice":"Card Removal","damage_taken":0,"max_hp_gain":0,"max_hp_loss":0,"event_name":"The Cleric","floor":2,"gold_loss":50},{"damage_healed":0,"gold_gain":0,"player_choice":"Bought 2 Potions","damage_taken":0,"max_hp_gain":0,"max_hp_loss":0,"event_name":"The Woman in Blue","floor":3,"gold_loss":0},{"damage_healed":0,"gold_gain":0,"player_choice":"Ignored","damage_taken":0,"max_hp_gain":0,"max_hp_loss":0,"event_name":"Golden Wing","floor":7,"gold_loss":0},{"damage_healed":0,"gold_gain":0,"player_choice":"Got Potions","damage_taken":0,"max_hp_gain":0,"max_hp_loss":0,"event_name":"Lab","floor":13,"gold_loss":0}],"is_beta":false,"boss_relics":[{"not_picked":["Philosopher\u0027s Stone","Fusion Hammer"],"picked":"Busted Crown"}],"items_purged_floors":[],"is_endless":false,"potions_floor_spawned":[5,10,11,20,21],"killed_by":"Shelled Parasite and Fungi","ascension_level":5}