{"gold_per_floor":[113,38,38,62,62,125,125,158,185,185,199,212,212,247,247,247],"floor_reached":16,"playtime":1043,"items_purged":[],"score":183,"play_id":"c9f76df1-f9b5-4a74-bcc2-33fe4a16c7b4","local_time":"20180809154624","is_ascension_mode":true,"campfire_choices":[{"data":"Dagger Spray","floor":7,"key":"SMITH"},{"floor":10,"key":"REST"},{"data":"Footwork","floor":15,"key":"SMITH"}],"neow_cost":"NONE","seed_source_timestamp":1482380364155295,"circlet_count":0,"master_deck":["Defend_G","Defend_G","Defend_G","Defend_G","Defend_G","Strike_G","Strike_G","Strike_G+1","Strike_G","Strike_G","Survivor","Neutralize+1","AscendersBane","Infinite Blades","Slice","Dagger Spray+1","Footwork+1","Dagger Throw+1","Cloak And Dagger","Cloak And Dagger","Backstab+1"],"relics":["Ring of the Snake","Anchor","Golden Idol","Tiny Chest","Whetstone","Blood Vial","Molten Egg 2","Unceasing Top"],"potions_floor_usage":[16],"damage_taken":[{"damage":1,"enemies":"Cultist","floor":1,"turns":5},{"damage":0,"enemies":"Small Slimes","floor":4,"turns":4},{"damage":24,"enemies":"3 Sentries","floor":6,"turns":8},{"damage":19,"enemies":"Gremlin Nob","floor":8,"turns":5},{"damage":0,"enemies":"2 Louse","floor":11,"turns":3},{"damage":0,"enemies":"Looter","floor":12,"turns":3},{"damage":2,"enemies":"3 Sentries","floor":14,"turns":6},{"damage":39,"enemies":"Hexaghost","floor":16,"turns":11}],"seed_played":"3469969098709259466","potions_obtained":[{"floor":4,"key":"SmokeBomb"},{"floor":11,"key":"Energy Potion"},{"floor":14,"key":"FearPotion"}],"is_trial":false,"path_per_floor":["M","$","?","M","?","E","R","E","T","R","M","M","?","E","R"],"character_chosen":"THE_SILENT","items_purchased":["Slice","Dagger Spray"],"campfire_rested":1,"item_purchase_floors":[2,2],"current_hp_per_floor":[62,62,62,62,62,38,38,19,19,38,40,42,35,35,35,0],"gold":247,"neow_bonus":"RANDOM_COMMON_RELIC","is_prod":false,"is_daily":false,"chose_seed":false,"campfire_upgraded":2,"win_rate":0,"timestamp":1533854784,"path_taken":["M","$","?","M","?","E","R","E","T","R","M","M","?","E","R","BOSS"],"build_version":"2018-08-02","purchased_purges":0,"victory":false,"max_hp_per_floor":[70,70,65,65,65,65,65,65,65,65,65,65,65,65,65,65],"card_choices":[{"not_picked":["Acrobatics","Prepared"],"picked":"Infinite Blades","floor":1},{"not_picked":["Reflex","Acrobatics"],"picked":"Footwork","floor":4},{"not_picked":["Deflect","Escape Plan","Prepared"],"picked":"SKIP","floor":6},{"not_picked":["Prepared","Blade Dance"],"picked":"Dagger Throw","floor":8},{"not_picked":["Escape Plan","Tools of the Trade"],"picked":"Cloak And Dagger","floor":11},{"not_picked":["Catalyst","Backflip"],"picked":"Cloak And Dagger","floor":12},{"not_picked":["Catalyst","Infinite Blades"],"picked":"Backstab+1","floor":14}],"player_experience":404097,"relics_obtained":[{"floor":6,"key":"Tiny Chest"},{"floor":8,"key":"Whetstone"},{"floor":9,"key":"Blood Vial"},{"floor":14,"key":"Unceasing Top"}],"event_choices":[{"event_name":"Golden Idol","player_choice":"Lose Max HP","floor":3,"damage_taken":0},{"event_name":"Upgrade Shrine","player_choice":"Upgraded","floor":5,"damage_taken":0},{"event_name":"Scrap Ooze","player_choice":"success","floor":13,"damage_taken":7}],"is_beta":false,"boss_relics":[],"items_purged_floors":[],"is_endless":false,"potions_floor_spawned":[4,11,14],"killed_by":"Hexaghost","ascension_level":11}