{"gold_per_floor":[114,414,425,425,68,94,94,128,155,170,170,2,2,37,37,115,115,128,128,128,178,188,188,214,214,214,214,225,240,260,276,276,276],"floor_reached":33,"playtime":1787,"items_purged":[],"score":570,"play_id":"024bea7c-ed95-49d7-8811-0d81323b85c7","local_time":"20180826013904","is_ascension_mode":true,"campfire_choices":[{"data":"Iron Wave","floor":7.0,"key":"SMITH"},{"data":"Pommel Strike","floor":11.0,"key":"SMITH"},{"data":"Iron Wave","floor":13.0,"key":"SMITH"},{"data":"Inflame","floor":15.0,"key":"SMITH"},{"data":"Barricade","floor":23,"key":"SMITH"},{"data":"Fiend Fire","floor":25,"key":"SMITH"},{"data":"Shockwave","floor":32,"key":"SMITH"}],"neow_cost":"NONE","seed_source_timestamp":761360211059274,"circlet_count":0,"master_deck":["Strike_R+1","Strike_R+1","Strike_R+1","Strike_R+1","Strike_R+1","Defend_R+1","Defend_R+1","Defend_R+1","Defend_R+1","Bash+1","AscendersBane","Anger","Iron Wave+1","Iron Wave+1","Sword Boomerang","Impervious","Pommel Strike+1","Inflame+1","Barricade+1","Cleave","RitualDagger","Disarm+1","Fiend Fire+1","Shockwave+1","True Grit","Havoc+1"],"special_seed":0,"relics":["Burning Blood","NeowsBlessing","Old Coin","Torii","Bronze Scales","Orichalcum","Blood Vial","Red Skull","Bag of Marbles","White Beast Statue","Ice Cream","Strawberry"],"potions_floor_usage":[18,30,33,33],"damage_taken":[{"damage":0.0,"enemies":"Cultist","floor":1.0,"turns":1.0},{"damage":0.0,"enemies":"Jaw Worm","floor":3.0,"turns":1.0},{"damage":0.0,"enemies":"Lagavulin","floor":6.0,"turns":1.0},{"damage":17.0,"enemies":"Gremlin Nob","floor":8.0,"turns":4.0},{"damage":0.0,"enemies":"2 Louse","floor":10.0,"turns":3.0},{"damage":3.0,"enemies":"3 Sentries","floor":14.0,"turns":7.0},{"damage":7.0,"enemies":"The Guardian","floor":16.0,"turns":8.0},{"damage":23,"enemies":"2 Thieves","floor":18,"turns":4},{"damage":10,"enemies":"Chosen","floor":22,"turns":4},{"damage":23,"enemies":"Gremlin Leader","floor":24,"turns":7},{"damage":8,"enemies":"Centurion and Healer","floor":28,"turns":3},{"damage":13,"enemies":"3 Cultists","floor":29,"turns":5},{"damage":11,"enemies":"Sentry and Sphere","floor":30,"turns":6},{"damage":2,"enemies":"Snake Plant","floor":31,"turns":3},{"damage":72,"enemies":"Collector","floor":33,"turns":17}],"seed_played":"731468598570852112","potions_obtained":[{"floor":6.0,"key":"Swift Potion"},{"floor":8.0,"key":"GamblersBrew"},{"floor":10.0,"key":"Poison Potion"},{"floor":18,"key":"Fruit Juice"},{"floor":22,"key":"GamblersBrew"},{"floor":24,"key":"Poison Potion"},{"floor":28,"key":"EssenceOfSteel"},{"floor":29,"key":"BloodPotion"},{"floor":30,"key":"AttackPotion"}],"is_trial":false,"path_per_floor":["M","T","M","?","$","E","R","E","T","M","R","$","R","E","R","B",null,"M","?","?","?","M","R","E","R","T","?","M","M","M","M","R"],"character_chosen":"IRONCLAD","items_purchased":["Torii","Iron Wave","Red Skull"],"campfire_rested":0,"item_purchase_floors":[5,5,12],"current_hp_per_floor":[74,74,75,75,75,75,75,64,64,72,72,72,72,75,75,74,75,63,63,57,57,55,55,40,40,47,47,47,42,47,53,53,0],"gold":276,"neow_bonus":"THREE_ENEMY_KILL","is_prod":false,"is_daily":false,"chose_seed":false,"campfire_upgraded":7,"win_rate":0,"timestamp":1535272744,"path_taken":["M","?","M","?","$","E","R","E","T","M","R","$","R","E","R","BOSS","M","?","?","?","M","R","E","R","T","?","M","M","M","?","R","BOSS"],"build_version":"2018-08-16","purchased_purges":0,"victory":false,"max_hp_per_floor":[75,75,75,75,75,75,75,75,75,75,75,75,75,75,75,75,75,80,80,80,80,80,80,80,80,87,87,87,87,87,87,87,87],"card_choices":[{"not_picked":["Clash","Shrug It Off"],"picked":"Anger","floor":1.0},{"not_picked":["Shrug It Off","Clash"],"picked":"Iron Wave","floor":3.0},{"not_picked":["Bloodletting","Body Slam"],"picked":"Sword Boomerang","floor":6.0},{"not_picked":["Flex","Iron Wave"],"picked":"Impervious","floor":8.0},{"not_picked":["Perfected Strike","Searing Blow"],"picked":"Pommel Strike","floor":10.0},{"not_picked":["Bludgeon","Shockwave"],"picked":"Inflame","floor":14.0},{"not_picked":["Brutality","Dark Embrace"],"picked":"Barricade","floor":16.0},{"not_picked":["Clash","Twin Strike"],"picked":"Cleave","floor":18},{"not_picked":["Shockwave","Clothesline"],"picked":"Disarm+1","floor":22},{"not_picked":["Second Wind","Armaments"],"picked":"Fiend Fire","floor":24},{"not_picked":["Thunderclap+1","Perfected Strike+1"],"picked":"Shockwave","floor":28},{"not_picked":["Reckless Charge","Rage"],"picked":"True Grit","floor":29},{"not_picked":["Clash","Searing Blow"],"picked":"Havoc+1","floor":30},{"not_picked":["Dual Wield","Sword Boomerang","Heavy Blade"],"picked":"SKIP","floor":31}],"player_experience":623996,"relics_obtained":[{"floor":2.0,"key":"Old Coin"},{"floor":6.0,"key":"Bronze Scales"},{"floor":8.0,"key":"Orichalcum"},{"floor":9.0,"key":"Blood Vial"},{"floor":14.0,"key":"Bag of Marbles"},{"floor":24,"key":"Ice Cream"},{"floor":26,"key":"Strawberry"}],"event_choices":[{"event_name":"Living Wall","player_choice":"Grow","floor":4.0,"damage_taken":0.0},{"event_name":"Match and Keep!","player_choice":"0 cards matched","floor":19,"damage_taken":0},{"event_name":"Nest","player_choice":"Joined the Cult","floor":20,"damage_taken":0},{"event_name":"The Joust","player_choice":"Bet on Murderer","floor":21,"damage_taken":0},{"event_name":"Back to Basics","player_choice":"Simplicity","floor":27,"damage_taken":0}],"is_beta":false,"boss_relics":[{"not_picked":["Orrery","Calling Bell"],"picked":"White Beast Statue"}],"items_purged_floors":[],"is_endless":false,"potions_floor_spawned":[6,8,10,18,22,24,28,29,30,31],"killed_by":"Collector","ascension_level":17}