{"gold_per_floor":[115,115,128,4,16,42,42,73,96,96,96,107,136,146,146,242,242,257,271,271,285,9,44,44,44],"floor_reached":25,"playtime":1447,"items_purged":["Regret"],"score":349,"play_id":"1d287023-6973-4f78-abfa-4b5e21b172bb","local_time":"20180930135321","is_ascension_mode":true,"campfire_choices":[{"data":"Tools of the Trade","floor":7.0,"key":"SMITH"},{"data":"Calculated Gamble","floor":11.0,"key":"SMITH"},{"data":"Backstab","floor":15.0,"key":"SMITH"},{"floor":24,"key":"REST"}],"neow_cost":"TEN_PERCENT_HP_LOSS","seed_source_timestamp":0,"circlet_count":0,"master_deck":["Defend_G","Defend_G","Defend_G","Defend_G","Defend_G","Strike_G","Strike_G","Strike_G","Strike_G","Strike_G","Survivor","Neutralize","Tools of the Trade+1","Calculated Gamble+1","Well Laid Plans+1","Flying Knee","Cloak And Dagger","Flying Knee","Backstab+1","Flying Knee","Blur","Well Laid Plans","Glass Knife","Dash","Outmaneuver","Deflect","Blur","Secret Weapon","Footwork"],"special_seed":0,"relics":["Ring of the Serpent","PreservedInsect","Vajra","Bird Faced Urn","Bag of Marbles","WingedGreaves","SsserpentHead","Lantern"],"potions_floor_usage":[],"damage_taken":[{"damage":5.0,"enemies":"Small Slimes","floor":1.0,"turns":5.0},{"damage":1.0,"enemies":"Jaw Worm","floor":3.0,"turns":5.0},{"damage":2.0,"enemies":"Cultist","floor":5.0,"turns":5.0},{"damage":0.0,"enemies":"Gremlin Nob","floor":6.0,"turns":3.0},{"damage":11.0,"enemies":"Lagavulin","floor":8.0,"turns":6.0},{"damage":0.0,"enemies":"3 Louse","floor":12.0,"turns":2.0},{"damage":0.0,"enemies":"Gremlin Nob","floor":13.0,"turns":3.0},{"damage":0.0,"enemies":"Exordium Thugs","floor":14.0,"turns":4.0},{"damage":29.0,"enemies":"Hexaghost","floor":16.0,"turns":10.0},{"damage":6.0,"enemies":"Spheric Guardian","floor":18.0,"turns":3.0},{"damage":2.0,"enemies":"Chosen","floor":19.0,"turns":3.0},{"damage":13.0,"enemies":"3 Cultists","floor":21.0,"turns":6.0},{"damage":47,"enemies":"Book of Stabbing","floor":23,"turns":6},{"damage":48,"enemies":"Gremlin Leader","floor":25,"turns":7}],"seed_played":"-192249620640743201","potions_obtained":[{"floor":3.0,"key":"Fire Potion"},{"floor":5.0,"key":"PowerPotion"},{"floor":6.0,"key":"PowerPotion"},{"floor":13.0,"key":"SteroidPotion"},{"floor":23,"key":"FearPotion"}],"is_trial":false,"path_per_floor":["M","?","M","$","M","E","R","E","T","?","R","M","E","M","R","B",null,"M","M","?","M","$","E","R"],"character_chosen":"THE_SILENT","items_purchased":["Flying Knee","Blur","Secret Weapon"],"campfire_rested":1,"item_purchase_floors":[4,22,22],"current_hp_per_floor":[58,58,57,57,55,55,55,44,44,44,44,48,50,54,54,33,63,57,61,61,54,54,13,31,0],"gold":44,"neow_bonus":"THREE_RARE_CARDS","is_prod":false,"is_daily":false,"chose_seed":false,"campfire_upgraded":3,"win_rate":0,"timestamp":1538333601,"path_taken":["M","?","M","$","M","E","R","E","T","?","R","M","E","M","R","BOSS","M","M","?","M","$","E","R","E"],"build_version":"2018-09-27","purchased_purges":1,"victory":false,"max_hp_per_floor":[63,63,63,63,63,63,63,63,63,63,63,63,63,63,63,63,63,63,63,63,63,63,63,63,63],"card_choices":[{"not_picked":["Adrenaline","Grand Finale"],"picked":"Tools of the Trade","floor":0.0},{"not_picked":["Bane","Skewer"],"picked":"Calculated Gamble","floor":1.0},{"not_picked":["Skewer","Dodge and Roll"],"picked":"Well Laid Plans","floor":3.0},{"not_picked":["Blade Dance","Prepared"],"picked":"Cloak And Dagger","floor":5.0},{"not_picked":["Heel Hook","Deadly Poison"],"picked":"Flying Knee","floor":6.0},{"not_picked":["Slice","Acrobatics"],"picked":"Backstab","floor":8.0},{"not_picked":["Deflect","Acrobatics"],"picked":"Flying Knee","floor":12.0},{"not_picked":["Endless Agony","Flying Knee"],"picked":"Blur","floor":13.0},{"not_picked":["Bouncing Flask","Expertise"],"picked":"Well Laid Plans","floor":14.0},{"not_picked":["A Thousand Cuts","Wraith Form v2"],"picked":"Glass Knife","floor":16.0},{"not_picked":["Dagger Throw","Dodge and Roll"],"picked":"Dash","floor":18.0},{"not_picked":["All Out Attack","Crippling Poison+1"],"picked":"Outmaneuver","floor":19.0},{"not_picked":["Acrobatics","Masterful Stab"],"picked":"Deflect","floor":21.0},{"not_picked":["Outmaneuver","Prepared"],"picked":"Footwork","floor":23}],"player_experience":398367,"relics_obtained":[{"floor":6.0,"key":"Vajra"},{"floor":8.0,"key":"Bird Faced Urn"},{"floor":9.0,"key":"Bag of Marbles"},{"floor":13.0,"key":"WingedGreaves"},{"floor":23,"key":"Lantern"}],"event_choices":[{"event_name":"Big Fish","player_choice":"Box","floor":2.0,"damage_taken":0.0},{"event_name":"Living Wall","player_choice":"Grow","floor":10.0,"damage_taken":0.0},{"event_name":"FaceTrader","player_choice":"Trade","floor":20.0,"damage_taken":0.0}],"is_beta":false,"boss_relics":[{"not_picked":["WristBlade","Runic Dome"],"picked":"Ring of the Serpent"}],"items_purged_floors":[4],"is_endless":false,"potions_floor_spawned":[3,5,6,13,23],"killed_by":"Gremlin Leader","ascension_level":4}