{"gold_per_floor":[112,126,139,154,18,18,18,46,46,59,59,59,85,101,101,178,178,196,196,206,131,151,151,177,200,200,219,219,54,65,65],"floor_reached":31,"playtime":1900,"items_purged":["Strike_R"],"score":521,"play_id":"461182a8-a8c9-4648-bc79-24b7fbaf5c0b","local_time":"20190322002148","is_ascension_mode":true,"campfire_choices":[{"data":"Bash","floor":6,"key":"SMITH"},{"floor":12,"key":"REST"},{"data":"Whirlwind","floor":15,"key":"SMITH"},{"data":"Uppercut","floor":23,"key":"SMITH"},{"floor":28,"key":"REST"}],"neow_cost":"NONE","seed_source_timestamp":670108129551500,"circlet_count":0,"master_deck":["AscendersBane","Strike_R","Strike_R","Strike_R","Defend_R","Defend_R","Defend_R","Defend_R","Bash+1","Shrug It Off","Pommel Strike","Clothesline","Inflame","True Grit","Pummel","Whirlwind+1","True Grit","Ghostly Armor","Iron Wave","Reaper","True Grit+1","Uppercut+1","Disarm","Reaper","Disarm","Inflame","Rampage+1"],"relics":["Burning Blood","Bronze Scales","PreservedInsect","Happy Flower","Question Card","Velvet Choker","Red Skull","Regal Pillow","Ornamental Fan"],"potions_floor_usage":[8,16,16,24,31],"damage_taken":[{"damage":3,"enemies":"2 Louse","floor":1,"turns":3},{"damage":0,"enemies":"Cultist","floor":2,"turns":3},{"damage":2,"enemies":"Jaw Worm","floor":3,"turns":4},{"damage":29,"enemies":"Exordium Wildlife","floor":4,"turns":5},{"damage":37,"enemies":"3 Sentries","floor":8,"turns":9},{"damage":6,"enemies":"Red Slaver","floor":10,"turns":3},{"damage":8,"enemies":"Gremlin Nob","floor":13,"turns":3},{"damage":7,"enemies":"3 Louse","floor":14,"turns":2},{"damage":33,"enemies":"Slime Boss","floor":16,"turns":9},{"damage":20,"enemies":"Shell Parasite","floor":18,"turns":4},{"damage":0,"enemies":"3 Byrds","floor":20,"turns":4},{"damage":17,"enemies":"Snecko","floor":22,"turns":6},{"damage":18,"enemies":"Book of Stabbing","floor":24,"turns":5},{"damage":44,"enemies":"Cultist and Chosen","floor":27,"turns":7},{"damage":37,"enemies":"Chosen and Byrds","floor":30,"turns":6},{"damage":49,"enemies":"Slavers","floor":31,"turns":4}],"seed_played":"-1921433143148809012","potions_obtained":[{"floor":1,"key":"Strength Potion"},{"floor":2,"key":"FearPotion"},{"floor":13,"key":"Dexterity Potion"},{"floor":16,"key":"FearPotion"},{"floor":22,"key":"Explosive Potion"},{"floor":27,"key":"Weak Potion"}],"is_trial":false,"path_per_floor":["M","M","M","M","$","R","?","E","T","M","$","R","E","M","R","B",null,"M","?","M","$","M","R","E","T","T","M","R","$","M","E"],"character_chosen":"IRONCLAD","items_purchased":["True Grit","Pummel","Disarm","Inflame"],"campfire_rested":2,"item_purchase_floors":[5,5,29,29],"current_hp_per_floor":[71,75,75,52,52,52,52,21,21,21,21,43,41,40,40,13,60,46,46,52,52,47,47,41,41,41,19,56,56,45,0],"gold":65,"neow_bonus":"RANDOM_COMMON_RELIC","is_prod":false,"is_daily":false,"chose_seed":false,"campfire_upgraded":3,"win_rate":0,"timestamp":1553228508,"path_taken":["M","M","M","M","$","R","?","E","T","M","?","R","E","M","R","BOSS","M","?","M","?","M","R","E","?","T","?","R","$","M","E"],"build_version":"2019-01-23","purchased_purges":1,"victory":false,"max_hp_per_floor":[75,75,75,75,75,75,75,75,75,75,75,75,75,75,75,75,75,75,75,75,75,75,75,75,75,75,75,75,75,75,75],"card_choices":[{"not_picked":["Intimidate","Wild Strike"],"picked":"Shrug It Off","floor":1},{"not_picked":["Thunderclap","Sentinel"],"picked":"Pommel Strike","floor":2},{"not_picked":["Cleave","Twin Strike"],"picked":"Clothesline","floor":3},{"not_picked":["Bloodletting","Twin Strike"],"picked":"Inflame","floor":4},{"not_picked":["Clothesline","Juggernaut"],"picked":"Whirlwind","floor":8},{"not_picked":["Body Slam","Second Wind"],"picked":"True Grit","floor":10},{"not_picked":["Power Through","Pommel Strike"],"picked":"Ghostly Armor","floor":13},{"not_picked":["Wild Strike","Clash","Heavy Blade"],"picked":"Iron Wave","floor":14},{"not_picked":["Exhume","Fiend Fire","Immolate"],"picked":"Reaper","floor":16},{"not_picked":["Shrug It Off","Armaments","Twin Strike+1"],"picked":"True Grit+1","floor":18},{"not_picked":["Sword Boomerang","Clash","Flex","Wild Strike"],"picked":"SKIP","floor":20},{"not_picked":["Spot Weakness","Clash","Burning Pact"],"picked":"Disarm","floor":22},{"not_picked":["Flex","Iron Wave","Heavy Blade"],"picked":"Reaper","floor":24},{"not_picked":["Pommel Strike","Warcry","Thunderclap","Evolve"],"picked":"SKIP","floor":27},{"not_picked":["Pommel Strike","Body Slam","Twin Strike"],"picked":"Rampage+1","floor":30}],"player_experience":748182,"relics_obtained":[{"floor":8,"key":"PreservedInsect"},{"floor":9,"key":"Happy Flower"},{"floor":13,"key":"Question Card"},{"floor":24,"key":"Red Skull"},{"floor":25,"key":"Regal Pillow"},{"floor":26,"key":"Ornamental Fan"}],"event_choices":[{"cards_removed":["Strike_R"],"damage_healed":0,"gold_gain":0,"player_choice":"Purged","damage_taken":0,"max_hp_gain":0,"max_hp_loss":0,"event_name":"Purifier","floor":7,"gold_loss":0},{"damage_healed":0,"gold_gain":0,"player_choice":"Read","damage_taken":0,"max_hp_gain":0,"max_hp_loss":0,"event_name":"The Library","floor":19,"gold_loss":0,"cards_obtained":["Uppercut"]}],"is_beta":false,"boss_relics":[{"not_picked":["Cursed Key","Runic Dome"],"picked":"Velvet Choker"}],"items_purged_floors":[21],"is_endless":false,"potions_floor_spawned":[1,2,13,14,16,22,27],"killed_by":"Slavers","ascension_level":19}