{"gold_per_floor":[114,133,133,144,157,189,207,238,238,218,235,235,253,264,264,362,362,372,372,372,196,259,309,309,322,322,340,350,350,400,414,414,519,519,537,587,637,21,33,33,47,47,47,64,76,126,2,0,0,0],"floor_reached":50,"playtime":3669,"items_purged":["Strike_B","Writhe","Strike_B"],"score":558,"play_id":"20a2e4c1-772c-498d-8b2d-bb47ec1fada4","local_time":"20180803233527","is_ascension_mode":false,"campfire_choices":[{"floor":12,"key":"REST"},{"floor":15,"key":"REST"},{"data":"Coolheaded","floor":24,"key":"SMITH"},{"floor":29,"key":"REST"},{"floor":32,"key":"REST"},{"data":"Coolheaded","floor":40,"key":"SMITH"},{"data":"Go for the Eyes","floor":42,"key":"SMITH"},{"floor":49,"key":"REST"}],"neow_cost":"NONE","seed_source_timestamp":989417569292921,"circlet_count":0,"master_deck":["Defend_B","Defend_B+1","Defend_B","Zap+1","Dualcast","Streamline","Leap","Gash","Leap","Sweeping Beam","Compile Driver","Sweeping Beam","Gash","Steam","Coolheaded+1","Compile Driver","Go for the Eyes","Coolheaded+1","Go for the Eyes+1","Gash","Leap+1","Steam+1","Coolheaded+1","Go for the Eyes+1","Ball Lightning","Compile Driver","Coolheaded+1","Coolheaded+1","Go for the Eyes"],"special_seed":0,"relics":["Cracked Core","Ancient Tea Set","Smiling Mask","Bottled Lightning","Empty Cage","SsserpentHead","Toxic Egg 2","Nloth\u0027s Gift","Runic Dome","Pear","Happy Flower","Shuriken","Red Mask"],"potions_floor_usage":[8,16,16,16,33,44,50],"damage_taken":[{"damage":6.0,"enemies":"Jaw Worm","floor":1.0,"turns":3.0},{"damage":0,"enemies":"Small Slimes","floor":2,"turns":3},{"damage":3,"enemies":"2 Louse","floor":4,"turns":3},{"damage":5,"enemies":"Looter","floor":5,"turns":3},{"damage":23,"enemies":"Lagavulin","floor":6,"turns":7},{"damage":3,"enemies":"Red Slaver","floor":7,"turns":3},{"damage":17,"enemies":"Gremlin Nob","floor":8,"turns":3},{"damage":8,"enemies":"Lots of Slimes","floor":11,"turns":2},{"damage":1,"enemies":"2 Fungi Beasts","floor":13,"turns":3},{"damage":13,"enemies":"Large Slime","floor":14,"turns":3},{"damage":21,"enemies":"Hexaghost","floor":16,"turns":9},{"damage":31,"enemies":"2 Thieves","floor":18,"turns":4},{"damage":0,"enemies":"Shell Parasite","floor":22,"turns":9},{"damage":2,"enemies":"Centurion and Healer","floor":25,"turns":9},{"damage":9,"enemies":"Snecko","floor":27,"turns":6},{"damage":15,"enemies":"Snake Plant","floor":28,"turns":6},{"damage":18,"enemies":"Slaver and Parasite","floor":31,"turns":7},{"damage":23,"enemies":"Champ","floor":33,"turns":15},{"damage":31,"enemies":"3 Darklings","floor":35,"turns":5},{"damage":0,"enemies":"Flame Bruiser 1 Orb","floor":39,"turns":8},{"damage":31,"enemies":"Sphere and 2 Shapes","floor":41,"turns":5},{"damage":17,"enemies":"Transient","floor":44,"turns":5},{"damage":7,"enemies":"Spire Growth","floor":45,"turns":5},{"damage":63,"enemies":"Time Eater","floor":50,"turns":9}],"seed_played":"2084555336734722435","potions_obtained":[{"floor":2,"key":"LiquidBronze"},{"floor":4,"key":"Dexterity Potion"},{"floor":5,"key":"Explosive Potion"},{"floor":10,"key":"Dexterity Potion"},{"floor":13,"key":"LiquidBronze"},{"floor":16,"key":"GamblersBrew"},{"floor":28,"key":"SkillPotion"},{"floor":33,"key":"Fire Potion"},{"floor":41,"key":"Weak Potion"},{"floor":44,"key":"Energy Potion"}],"is_trial":false,"path_per_floor":["M","M","?","M","M","E","M","E","T","?","M","R","M","M","R","B",null,"M","?","?","$","M","?","R","M","T","M","M","R","?","M","R","B",null,"M","?","?","$","M","R","M","R","T","M","M","?","$","?","R"],"character_chosen":"DEFECT","items_purchased":["Compile Driver","Go for the Eyes","Coolheaded","Steam+1","Coolheaded+1","Go for the Eyes","Ball Lightning","Pear","Happy Flower","Coolheaded+1","Go for the Eyes"],"campfire_rested":5,"item_purchase_floors":[21,21,21,38,38,38,38,38,38,47,47],"current_hp_per_floor":[69,69,69,66,61,38,35,18,18,18,10,32,31,18,40,19,75,44,44,44,44,44,30,30,28,28,19,4,28,28,10,34,11,80,49,69,69,79,79,79,48,48,48,31,24,24,24,24,51,0],"gold":0,"neow_bonus":"REMOVE_CARD","is_prod":false,"is_daily":false,"chose_seed":false,"campfire_upgraded":3,"win_rate":0,"timestamp":1533364527,"path_taken":["M","M","?","M","M","E","M","E","T","?","M","R","?","M","R","BOSS","M","?","?","$","?","?","R","M","T","M","M","R","?","M","R","BOSS","M","?","?","$","M","R","M","R","T","M","M","?","$","?","R","BOSS"],"build_version":"2018-08-02","purchased_purges":3,"victory":false,"max_hp_per_floor":[75,75,75,75,75,75,75,75,75,75,75,75,75,75,75,75,75,75,75,75,75,75,80,80,80,80,80,80,80,80,80,80,80,80,80,80,80,90,90,90,90,90,90,90,90,90,90,90,90,90],"card_choices":[{"not_picked":["Turbo","Blizzard"],"picked":"Streamline","floor":1},{"not_picked":["Double Energy","Chill","Rip and Tear"],"picked":"SKIP","floor":2},{"not_picked":["Reboot","Rip and Tear"],"picked":"Leap","floor":4},{"not_picked":["Doom and Gloom","Turbo"],"picked":"Gash","floor":5},{"not_picked":["Tempest","Fusion"],"picked":"Leap","floor":6},{"not_picked":["Barrage","Consume"],"picked":"Sweeping Beam","floor":7},{"not_picked":["Static Discharge","Redo"],"picked":"Compile Driver","floor":8},{"not_picked":["Streamline","Leap"],"picked":"Sweeping Beam","floor":11},{"not_picked":["Barrage","Core Surge"],"picked":"Gash","floor":13},{"not_picked":["Blizzard","Heatsinks"],"picked":"Steam","floor":14},{"not_picked":["Sweeping Beam","Scrape"],"picked":"Coolheaded","floor":18},{"not_picked":["Reprogram","Streamline"],"picked":"Go for the Eyes+1","floor":22},{"not_picked":["Redo+1","Leap","Beam Cell"],"picked":"SKIP","floor":25},{"not_picked":["Blizzard+1","Genetic Algorithm+1","Turbo+1"],"picked":"SKIP","floor":27},{"not_picked":["Sweeping Beam","Steam Power+1"],"picked":"Gash","floor":28},{"not_picked":["Reboot+1","Turbo+1"],"picked":"Leap+1","floor":31},{"not_picked":["Barrage","Hologram+1"],"picked":"Cold Snap+1","floor":35},{"not_picked":["Turbo+1","Stack+1"],"picked":"Compile Driver","floor":39},{"not_picked":["Redo+1","Auto Shields+1","Multi-Cast+1"],"picked":"SKIP","floor":41},{"not_picked":["Stack+1","Rebound"],"picked":"Coolheaded+1","floor":44},{"not_picked":["Glacier+1","Barrage+1","Rebound"],"picked":"SKIP","floor":45}],"player_experience":283195,"relics_obtained":[{"floor":6,"key":"Ancient Tea Set"},{"floor":8,"key":"Smiling Mask"},{"floor":9,"key":"Bottled Lightning"},{"floor":26,"key":"Toxic Egg 2"},{"floor":43,"key":"Shuriken"}],"event_choices":[{"event_name":"Big Fish","player_choice":"Box","floor":3,"damage_taken":0},{"event_name":"The Woman in Blue","player_choice":"Bought 1 Potion","floor":10,"damage_taken":0},{"event_name":"Match and Keep!","player_choice":"0 cards matched","floor":19,"damage_taken":0},{"event_name":"FaceTrader","player_choice":"Trade","floor":20,"damage_taken":0},{"event_name":"Forgotten Altar","player_choice":"Shed Blood","floor":23,"damage_taken":0},{"event_name":"N\u0027loth","player_choice":"Traded a War Paint","floor":30,"damage_taken":0},{"event_name":"Winding Halls","player_choice":"Writhe","floor":36,"damage_taken":0},{"event_name":"Falling","player_choice":"Removed Attack","floor":37,"damage_taken":0},{"event_name":"Bonfire Elementals","player_choice":"BASIC","floor":46,"damage_taken":0},{"event_name":"Tomb of Lord Red Mask","player_choice":"Paid","floor":48,"damage_taken":0}],"is_beta":false,"boss_relics":[{"not_picked":["Velvet Choker","Fusion Hammer"],"picked":"Empty Cage"},{"not_picked":["Lizard Tail","Black Star"],"picked":"Runic Dome"}],"items_purged_floors":[21,38,47],"is_endless":false,"potions_floor_spawned":[2,4,5,11,13,16,28,33,41,44],"killed_by":"Time Eater","ascension_level":0}