{"gold_per_floor":[117,42,42,59,184,184,217,217,243,268,268,280,295,330,330,430,430,446,496,577,590,640,640,650,650],"floor_reached":25,"playtime":1263,"items_purged":["Defend_R"],"score":274,"play_id":"43293507-170d-414e-b83d-d781d6a7e7fc","local_time":"20180727010607","is_ascension_mode":true,"campfire_choices":[{"data":"Blood for Blood","floor":6,"key":"SMITH"},{"data":"Disarm","floor":8,"key":"SMITH"},{"floor":11,"key":"REST"},{"floor":15,"key":"REST"},{"data":"Demon Form","floor":23,"key":"SMITH"}],"neow_cost":"","seed_source_timestamp":306128818946550,"circlet_count":0,"master_deck":["Strike_R","Strike_R","Strike_R","Strike_R","Strike_R","Defend_R","Defend_R","Defend_R","Bash","Shrug It Off","Blood for Blood+1","Disarm+1","Brutality","Ghostly Armor","Disarm","Clothesline","Demon Form+1","Twin Strike+1","Writhe","Pommel Strike"],"relics":["Burning Blood","SsserpentHead","Ice Cream","Strawberry","Letter Opener","Nunchaku","Mark of Pain","Gremlin Horn","Red Mask","Red Skull"],"potions_floor_usage":[10,18,18,20,25,25],"damage_taken":[{"damage":7,"enemies":"Small Slimes","floor":1,"turns":3},{"damage":1,"enemies":"Cultist","floor":4,"turns":3},{"damage":32,"enemies":"3 Sentries","floor":7,"turns":7},{"damage":27,"enemies":"Lagavulin","floor":10,"turns":8},{"damage":7,"enemies":"Jaw Worm","floor":12,"turns":4},{"damage":9,"enemies":"Blue Slaver","floor":13,"turns":3},{"damage":45,"enemies":"Gremlin Nob","floor":14,"turns":5},{"damage":18,"enemies":"The Guardian","floor":16,"turns":10},{"damage":13,"enemies":"2 Thieves","floor":18,"turns":2},{"damage":28,"floor":20,"turns":4},{"damage":13,"enemies":"3 Byrds","floor":21,"turns":5},{"damage":14,"enemies":"3 Cultists","floor":24,"turns":5},{"damage":28,"enemies":"Slavers","floor":25,"turns":4}],"seed_played":"873641928926794791","potions_obtained":[{"floor":4,"key":"PowerPotion"},{"floor":10,"key":"Fire Potion"},{"floor":14,"key":"Swift Potion"},{"floor":16,"key":"AttackPotion"},{"floor":20,"key":"Ancient Potion"},{"floor":21,"key":"Strength Potion"},{"floor":24,"key":"Ancient Potion"}],"is_trial":false,"path_per_floor":["M","$","?","M","?","R","E","R","T","E","R","M","M","E","R","B",null,"M","?","?","M","T","R","M"],"character_chosen":"IRONCLAD","items_purchased":[],"campfire_rested":2,"item_purchase_floors":[],"current_hp_per_floor":[79,79,79,80,69,69,43,43,50,29,55,54,51,12,38,26,72,65,65,43,36,36,36,28,0],"gold":650,"neow_bonus":"","is_prod":false,"is_daily":false,"chose_seed":false,"campfire_upgraded":3,"win_rate":0,"timestamp":1532678767,"path_taken":["M","$","?","M","?","R","E","R","T","E","R","M","M","E","R","BOSS","M","?","?","M","?","R","M","E"],"build_version":"2018-07-26","purchased_purges":1,"victory":false,"max_hp_per_floor":[80,80,80,80,80,80,80,80,87,87,87,87,87,87,87,87,87,87,87,87,87,87,87,87,87],"card_choices":[{"not_picked":["Sword Boomerang","Searing Blow"],"picked":"Shrug It Off","floor":1},{"not_picked":["Bloodletting","Fire Breathing"],"picked":"Blood for Blood","floor":4},{"not_picked":["Twin Strike","Spot Weakness"],"picked":"Disarm","floor":7},{"not_picked":["Sword Boomerang","Thunderclap"],"picked":"Brutality","floor":10},{"not_picked":["Power Through","Seeing Red"],"picked":"Ghostly Armor","floor":12},{"not_picked":["Blood for Blood","Wild Strike"],"picked":"Disarm","floor":13},{"not_picked":["Sword Boomerang","Spot Weakness"],"picked":"Clothesline","floor":14},{"not_picked":["Fiend Fire","Immolate"],"picked":"Demon Form","floor":16},{"not_picked":["Carnage+1","Thunderclap"],"picked":"Twin Strike+1","floor":18},{"not_picked":["Iron Wave","Headbutt"],"picked":"Pommel Strike","floor":20},{"not_picked":["Perfected Strike+1","Combust+1","Sever Soul"],"picked":"SKIP","floor":21},{"not_picked":["Sever Soul","Thunderclap+1","Perfected Strike+1"],"picked":"SKIP","floor":24}],"player_experience":209700,"relics_obtained":[{"floor":7,"key":"Ice Cream"},{"floor":9,"key":"Strawberry"},{"floor":10,"key":"Letter Opener"},{"floor":14,"key":"Nunchaku"},{"floor":20,"key":"Red Mask"},{"floor":22,"key":"Red Skull"}],"event_choices":[{"event_name":"FaceTrader","player_choice":"Trade","floor":3,"damage_taken":0},{"event_name":"World of Goop","player_choice":"Gather Gold","floor":5,"damage_taken":0},{"event_name":"The Mausoleum","player_choice":"Yes","floor":19,"damage_taken":0}],"is_beta":false,"boss_relics":[{"not_picked":["Pandora\u0027s Box","Eternal Feather"],"picked":"Mark of Pain"}],"items_purged_floors":[2],"is_endless":false,"potions_floor_spawned":[4,10,14,16,20,21,24],"killed_by":"Slavers","ascension_level":5}