{"gold_per_floor":[118,132,132,46,46,46,76,76,122,151,169,187,36,68,68,68],"floor_reached":16,"playtime":712,"items_purged":["Decay"],"score":236,"play_id":"9f2432f5-ce9a-42fd-8db9-2277c10cebfe","local_time":"20190413233501","is_ascension_mode":true,"campfire_choices":[{"data":"Carnage","floor":6,"key":"SMITH"},{"floor":8,"key":"REST"},{"data":"Shockwave","floor":15,"key":"SMITH"}],"neow_cost":"NONE","seed_source_timestamp":323235694783900,"circlet_count":0,"master_deck":["AscendersBane","Strike_R","Strike_R","Strike_R","Strike_R","Strike_R","Defend_R","Defend_R","Defend_R","Defend_R","Bash","Spot Weakness","Metallicize","Carnage+1","Pummel","Sever Soul","Clothesline","Iron Wave","Feel No Pain","Shockwave+1"],"relics":["Burning Blood","CultistMask","Happy Flower","Anchor","Orichalcum","Lantern"],"potions_floor_usage":[7,7],"damage_taken":[{"damage":10,"enemies":"2 Louse","floor":1,"turns":3},{"damage":23,"enemies":"Cultist","floor":2,"turns":5},{"damage":28,"enemies":"Gremlin Nob","floor":7,"turns":4},{"damage":42,"enemies":"Lagavulin","floor":10,"turns":7},{"damage":2,"enemies":"Jaw Worm","floor":11,"turns":3},{"damage":0,"enemies":"Red Slaver","floor":12,"turns":2},{"damage":9,"enemies":"3 Sentries","floor":14,"turns":6},{"damage":27,"enemies":"Hexaghost","floor":16,"turns":9}],"seed_played":"-444843659739580762","potions_obtained":[{"floor":0,"key":"EssenceOfSteel"},{"floor":0,"key":"Poison Potion"},{"floor":0,"key":"Regen Potion"},{"floor":10,"key":"FearPotion"}],"is_trial":false,"path_per_floor":["M","M","?","$","?","R","E","R","T","E","M","M","$","E","R","B"],"character_chosen":"IRONCLAD","items_purchased":["Carnage","Feel No Pain"],"campfire_rested":1,"item_purchase_floors":[4,13],"current_hp_per_floor":[64,47,47,47,47,47,34,56,56,20,24,30,30,27,27,0],"gold":68,"neow_bonus":"THREE_SMALL_POTIONS","is_prod":false,"is_daily":false,"chose_seed":false,"campfire_upgraded":2,"win_rate":0,"timestamp":1555212901,"path_taken":["M","M","?","?","?","R","E","R","T","E","?","M","?","E","R","BOSS"],"build_version":"2019-01-23","purchased_purges":1,"victory":false,"max_hp_per_floor":[75,75,75,75,75,75,75,75,75,75,75,75,75,75,75,75],"card_choices":[{"not_picked":["Searing Blow","Thunderclap"],"picked":"Spot Weakness","floor":1},{"not_picked":["Body Slam","Feel No Pain"],"picked":"Metallicize","floor":2},{"not_picked":["Body Slam","Rupture"],"picked":"Pummel","floor":7},{"not_picked":["True Grit","Flex"],"picked":"Sever Soul","floor":10},{"not_picked":["Havoc","Armaments"],"picked":"Clothesline","floor":11},{"not_picked":["Clash","Clothesline"],"picked":"Iron Wave","floor":12},{"not_picked":["Sever Soul","Perfected Strike"],"picked":"Shockwave","floor":14}],"player_experience":862447,"relics_obtained":[{"floor":7,"key":"Happy Flower"},{"floor":9,"key":"Anchor"},{"floor":10,"key":"Orichalcum"},{"floor":14,"key":"Lantern"}],"event_choices":[{"damage_healed":0,"gold_gain":0,"player_choice":"Trade","damage_taken":0,"relics_obtained":["CultistMask"],"max_hp_gain":0,"max_hp_loss":0,"event_name":"FaceTrader","floor":3,"gold_loss":0},{"damage_healed":0,"gold_gain":0,"player_choice":"Cursed","damage_taken":0,"max_hp_gain":0,"max_hp_loss":0,"event_name":"Wheel of Change","floor":5,"gold_loss":0,"cards_obtained":["Decay"]}],"is_beta":false,"boss_relics":[],"items_purged_floors":[13],"is_endless":false,"potions_floor_spawned":[2,10],"killed_by":"Hexaghost","ascension_level":20}