{"gold_per_floor":[115,65,65,83,258,258,8,42,42,75,93,93,124,140,140,211,211,229,229,242,167,179,211,211,211],"floor_reached":25,"playtime":1649,"items_purged":["Strike_R"],"score":394,"play_id":"18024c81-c887-4b0c-bb42-107975376d0f","local_time":"20190331172147","is_ascension_mode":true,"campfire_choices":[{"data":"Anger","floor":6,"key":"SMITH"},{"data":"Battle Trance","floor":12,"key":"SMITH"},{"data":"Sword Boomerang","floor":15,"key":"SMITH"},{"data":"Disarm","floor":24,"key":"SMITH"}],"neow_cost":"NONE","seed_source_timestamp":172294123469700,"circlet_count":0,"master_deck":["AscendersBane","Strike_R","Strike_R","Strike_R","Defend_R","Defend_R","Defend_R+1","Defend_R","Bash+1","Anger+1","Iron Wave","Battle Trance+1","Rage","Spot Weakness","Heavy Blade","Sword Boomerang+1","Limit Break","Disarm+1","Reaper"],"relics":["Burning Blood","Shuriken","Blood Vial","Pear","Meat on the Bone","Bronze Scales","Coffee Dripper","Nloth\u0027s Gift","Bottled Lightning"],"potions_floor_usage":[10,14,16,16],"damage_taken":[{"damage":4,"enemies":"Jaw Worm","floor":1,"turns":5},{"damage":0,"enemies":"Small Slimes","floor":4,"turns":4},{"damage":27,"enemies":"Gremlin Nob","floor":8,"turns":4},{"damage":20,"enemies":"Lagavulin","floor":10,"turns":5},{"damage":1,"enemies":"2 Louse","floor":11,"turns":2},{"damage":14,"enemies":"3 Sentries","floor":13,"turns":7},{"damage":6,"enemies":"Blue Slaver","floor":14,"turns":3},{"damage":18,"enemies":"Hexaghost","floor":16,"turns":7},{"damage":10,"enemies":"Shell Parasite","floor":18,"turns":4},{"damage":0,"enemies":"Spheric Guardian","floor":20,"turns":3},{"damage":38,"enemies":"Snecko","floor":22,"turns":6},{"damage":49,"enemies":"Gremlin Leader","floor":23,"turns":7},{"damage":34,"enemies":"Slavers","floor":25,"turns":2}],"seed_played":"-4055731801678651412","potions_obtained":[{"floor":1,"key":"Dexterity Potion"},{"floor":8,"key":"BloodPotion"},{"floor":10,"key":"SkillPotion"},{"floor":13,"key":"FearPotion"},{"floor":14,"key":"SpeedPotion"},{"floor":20,"key":"Poison Potion"}],"is_trial":false,"path_per_floor":["M","?","?","M","?","R","$","E","T","E","M","R","E","M","R","B",null,"M","?","M","$","M","E","R","E"],"character_chosen":"IRONCLAD","items_purchased":["Shuriken"],"campfire_rested":0,"item_purchase_floors":[7],"current_hp_per_floor":[74,74,58,64,64,64,64,43,53,41,60,60,54,56,56,58,82,80,80,88,88,58,29,29,0],"gold":211,"neow_bonus":"RANDOM_COMMON_RELIC","is_prod":false,"is_daily":false,"chose_seed":false,"campfire_upgraded":4,"win_rate":0,"timestamp":1554067307,"path_taken":["M","?","?","M","?","R","?","E","T","E","M","R","E","M","R","BOSS","M","?","?","$","M","E","R","E"],"build_version":"2019-01-23","purchased_purges":1,"victory":false,"max_hp_per_floor":[80,80,80,80,80,80,80,80,90,90,90,90,90,90,90,90,90,90,90,90,90,90,90,90,90],"card_choices":[{"not_picked":["Blood for Blood","Sword Boomerang"],"picked":"Anger","floor":1},{"not_picked":["Sever Soul","Burning Pact"],"picked":"Iron Wave","floor":4},{"not_picked":["Seeing Red","Spot Weakness"],"picked":"Battle Trance","floor":8},{"not_picked":["Thunderclap","Bloodletting"],"picked":"Rage","floor":10},{"not_picked":["Dual Wield","Havoc"],"picked":"Spot Weakness","floor":11},{"not_picked":["Demon Form","Shrug It Off"],"picked":"Heavy Blade","floor":13},{"not_picked":["Armaments","Shockwave"],"picked":"Sword Boomerang","floor":14},{"not_picked":["Bludgeon","Exhume"],"picked":"Limit Break","floor":16},{"not_picked":["Pommel Strike+1","Sword Boomerang"],"picked":"Disarm","floor":18},{"not_picked":["Clash","Perfected Strike","Pommel Strike"],"picked":"SKIP","floor":20},{"not_picked":["Reckless Charge","Uppercut","Twin Strike"],"picked":"SKIP","floor":22},{"not_picked":["Impervious","Feed"],"picked":"Reaper","floor":23}],"player_experience":2053911,"relics_obtained":[{"floor":8,"key":"Blood Vial"},{"floor":9,"key":"Pear"},{"floor":10,"key":"Meat on the Bone"},{"floor":13,"key":"Bronze Scales"},{"floor":23,"key":"Bottled Lightning"}],"event_choices":[{"cards_removed":["Strike_R"],"damage_healed":0,"gold_gain":0,"player_choice":"Card Removal","damage_taken":0,"max_hp_gain":0,"max_hp_loss":0,"event_name":"The Cleric","floor":2,"gold_loss":50},{"damage_healed":0,"gold_gain":0,"player_choice":"Entered Light","damage_taken":16,"max_hp_gain":0,"max_hp_loss":0,"event_name":"Shining Light","floor":3,"gold_loss":0,"cards_upgraded":["Bash","Defend_R"]},{"damage_healed":0,"gold_gain":175,"player_choice":"AGREE","damage_taken":0,"max_hp_gain":0,"max_hp_loss":0,"event_name":"Liars Game","floor":5,"gold_loss":0,"cards_obtained":["Doubt"]},{"damage_healed":0,"gold_gain":0,"player_choice":"Traded Relic","damage_taken":0,"relics_obtained":["Nloth\u0027s Gift"],"max_hp_gain":0,"max_hp_loss":0,"event_name":"N\u0027loth","floor":19,"relics_lost":["Omamori"],"gold_loss":0}],"is_beta":false,"boss_relics":[{"not_picked":["Runic Pyramid","Sozu"],"picked":"Coffee Dripper"}],"items_purged_floors":[21],"is_endless":false,"potions_floor_spawned":[1,8,10,13,14,20],"killed_by":"Slavers","ascension_level":13}