{"gold_per_floor":[19,19,169,185,212,212,240,150,150,178,178,126,126,143,143,220,220,239,239,239,256,266,266,266,266,290,307,336,336,367,367,367,367],"floor_reached":33,"playtime":1849,"items_purged":[],"score":606,"play_id":"ce4fbf17-2775-4c0e-bf83-9c213f9bf654","local_time":"20181224020439","is_ascension_mode":true,"campfire_choices":[{"data":"Neutralize","floor":6.0,"key":"SMITH"},{"floor":11.0,"key":"REST"},{"floor":13.0,"key":"REST"},{"data":"Dash","floor":15.0,"key":"SMITH"},{"floor":23.0,"key":"REST"},{"data":"Dash","floor":25.0,"key":"SMITH"},{"data":"Caltrops","floor":29,"key":"SMITH"},{"floor":32,"key":"REST"}],"neow_cost":"NO_GOLD","seed_source_timestamp":228604322270573,"circlet_count":0,"master_deck":["AscendersBane","Defend_G+1","Defend_G+1","Defend_G+1","Defend_G+1","Defend_G+1","Strike_G+1","Strike_G+1","Strike_G+1","Strike_G+1","Strike_G+1","Survivor","Neutralize+1","Deflect","Doubt","Dash+1","Crippling Poison","Caltrops+1","Dash+1","Corpse Explosion","Dagger Spray","Sucker Punch+1","Dagger Throw+1"],"special_seed":0,"relics":["Ring of the Snake","Du-Vu Doll","Bag of Marbles","Oddly Smooth Stone","Singing Bowl","Kunai","Black Star","Bronze Scales","Red Mask","Anchor","Bottled Lightning","Blood Vial"],"potions_floor_usage":[],"damage_taken":[{"damage":0.0,"enemies":"Jaw Worm","floor":1.0,"turns":4.0},{"damage":0.0,"enemies":"2 Louse","floor":4.0,"turns":3.0},{"damage":18.0,"enemies":"Gremlin Nob","floor":7.0,"turns":4.0},{"damage":34.0,"enemies":"Lagavulin","floor":10.0,"turns":11.0},{"damage":0.0,"enemies":"Small Slimes","floor":14.0,"turns":2.0},{"damage":0.0,"enemies":"The Guardian","floor":16.0,"turns":14.0},{"damage":18.0,"enemies":"Shell Parasite","floor":18.0,"turns":9.0},{"damage":0.0,"enemies":"Spheric Guardian","floor":21.0,"turns":3.0},{"damage":13.0,"enemies":"Chosen and Byrds","floor":22.0,"turns":6.0},{"damage":15.0,"enemies":"Shelled Parasite and Fungi","floor":27.0,"turns":5.0},{"damage":0,"enemies":"Masked Bandits","floor":28,"turns":2},{"damage":23,"enemies":"Book of Stabbing","floor":30,"turns":6},{"damage":59,"enemies":"Collector","floor":33,"turns":7}],"seed_played":"8848584497475081087","potions_obtained":[{"floor":4.0,"key":"Energy Potion"},{"floor":10.0,"key":"FearPotion"},{"floor":18.0,"key":"Strength Potion"},{"floor":20.0,"key":"Explosive Potion"},{"floor":21.0,"key":"FearPotion"}],"is_trial":false,"path_per_floor":["M","?","?","M","T","R","E","$","T","E","R","?","R","M","R","B",null,"M","?","?","M","M","R","?","R","T","M","?","R","E","?","R","B"],"character_chosen":"THE_SILENT","items_purchased":["Caltrops"],"campfire_rested":4,"item_purchase_floors":[8],"current_hp_per_floor":[59,59,59,59,59,59,41,41,41,9,29,29,49,49,49,49,63,45,45,45,45,34,55,69,69,69,56,56,56,35,35,57,0],"gold":367,"neow_bonus":"ONE_RARE_RELIC","is_prod":false,"is_daily":false,"chose_seed":false,"campfire_upgraded":4,"win_rate":0,"timestamp":1545645879,"path_taken":["M","?","?","M","?","R","E","?","T","E","R","?","R","M","R","BOSS","M","?","?","?","M","R","?","R","T","M","?","R","E","?","R","BOSS"],"build_version":"2018-12-20","purchased_purges":0,"victory":false,"max_hp_per_floor":[66,66,66,66,66,66,66,66,66,68,68,68,68,68,68,68,68,68,68,68,68,70,70,70,70,70,72,72,72,74,74,74,74],"card_choices":[{"not_picked":["Underhanded Strike","Concentrate"],"picked":"Deflect","floor":1.0},{"not_picked":["Slice","Distraction"],"picked":"Dash","floor":4.0},{"not_picked":["Poisoned Stab","Flying Knee"],"picked":"Crippling Poison","floor":7.0},{"not_picked":["PiercingWail","Noxious Fumes","Concentrate"],"picked":"Singing Bowl","floor":10.0},{"not_picked":["Eviscerate","Poisoned Stab"],"picked":"Dash","floor":14.0},{"not_picked":["Phantasmal Killer","Wraith Form v2"],"picked":"Corpse Explosion","floor":16.0},{"not_picked":["Terror","Dagger Throw"],"picked":"Dagger Spray","floor":18.0},{"not_picked":["Deflect","Predator"],"picked":"Sucker Punch+1","floor":21.0},{"not_picked":["Dagger Spray","Escape Plan","Outmaneuver"],"picked":"Singing Bowl","floor":22.0},{"not_picked":["Predator","Dash","Dagger Spray"],"picked":"Singing Bowl","floor":27.0},{"not_picked":["PiercingWail","Bouncing Flask"],"picked":"Dagger Throw+1","floor":28},{"not_picked":["Corpse Explosion","Tactician+1","PiercingWail"],"picked":"Singing Bowl","floor":30}],"player_experience":679051,"relics_obtained":[{"floor":5.0,"key":"Bag of Marbles"},{"floor":7.0,"key":"Oddly Smooth Stone"},{"floor":9.0,"key":"Singing Bowl"},{"floor":10.0,"key":"Kunai"},{"floor":26.0,"key":"Bronze Scales"},{"floor":28,"key":"Red Mask"},{"floor":30,"key":"Anchor"},{"floor":30,"key":"Bottled Lightning"}],"event_choices":[{"damage_healed":0.0,"max_hp_gain":0.0,"max_hp_loss":0.0,"gold_gain":0.0,"event_name":"Shining Light","player_choice":"Ignored","floor":2.0,"gold_loss":0.0,"damage_taken":0.0},{"damage_healed":0.0,"max_hp_gain":0.0,"max_hp_loss":0.0,"gold_gain":150.0,"event_name":"Liars Game","player_choice":"AGREE","floor":3.0,"gold_loss":0.0,"damage_taken":0.0,"cards_obtained":["Doubt"]},{"damage_healed":0.0,"max_hp_gain":0.0,"max_hp_loss":0.0,"gold_gain":0.0,"event_name":"World of Goop","player_choice":"Left Gold","floor":12.0,"gold_loss":52.0,"damage_taken":0.0},{"damage_healed":0.0,"max_hp_gain":0.0,"max_hp_loss":0.0,"gold_gain":0.0,"event_name":"Back to Basics","player_choice":"Simplicity","floor":19.0,"gold_loss":0.0,"damage_taken":0.0,"cards_upgraded":["Defend_G","Defend_G","Defend_G","Defend_G","Defend_G","Strike_G","Strike_G","Strike_G","Strike_G","Strike_G"]},{"damage_healed":0.0,"max_hp_gain":0.0,"max_hp_loss":0.0,"gold_gain":0.0,"event_name":"Lab","player_choice":"Got Potions","floor":20.0,"gold_loss":0.0,"damage_taken":0.0},{"damage_healed":14.0,"max_hp_gain":0.0,"max_hp_loss":0.0,"gold_gain":0.0,"event_name":"The Library","player_choice":"Heal","floor":24.0,"gold_loss":0.0,"damage_taken":0.0},{"damage_healed":0,"gold_gain":0,"player_choice":"Fought Bandits","damage_taken":0,"max_hp_gain":0,"max_hp_loss":0,"event_name":"Masked Bandits","floor":28,"gold_loss":0},{"damage_healed":0,"gold_gain":0,"player_choice":"Gave Potion","damage_taken":0,"relics_obtained":["Blood Vial"],"max_hp_gain":0,"max_hp_loss":0,"event_name":"WeMeetAgain","floor":31,"gold_loss":0}],"is_beta":false,"boss_relics":[{"not_picked":["Ectoplasm","Coffee Dripper"],"picked":"Black Star"}],"items_purged_floors":[],"is_endless":false,"potions_floor_spawned":[4,10,18,21],"killed_by":"Collector","ascension_level":18}