{"gold_per_floor":[360,360,378,398,1,34,34,60,110,60,60,10,10,10,10,81,81,92,53,53,71,122,122,151,169,193,193,118,128,128,161,161,236,236,254,254,269,132,151,151,151,170,170,189,224,224],"floor_reached":46,"playtime":2114,"items_purged":["Regret","Writhe"],"score":965,"play_id":"97a5bcaa-1c9b-4b9d-9e97-7d22fb0d7640","local_time":"20190302144438","is_ascension_mode":true,"campfire_choices":[{"data":"Uppercut","floor":7.0,"key":"SMITH"},{"data":"Feel No Pain","floor":11.0,"key":"SMITH"},{"data":"Bash","floor":15.0,"key":"SMITH"},{"data":"True Grit","floor":23.0,"key":"SMITH"},{"data":"Fiend Fire","floor":27.0,"key":"SMITH"},{"data":"Feed","floor":30.0,"key":"SMITH"},{"data":"Shockwave","floor":32.0,"key":"SMITH"},{"data":"Battle Trance","floor":40.0,"key":"SMITH"}],"neow_cost":"CURSE","seed_source_timestamp":10969709147500,"circlet_count":0,"master_deck":["AscendersBane","Strike_R","Strike_R","Strike_R","Strike_R","Defend_R","Defend_R","Defend_R","Defend_R","Bash+1","Uppercut+1","Fiend Fire+1","Feel No Pain+1","Shrug It Off","Feed+1","Shockwave+1","Corruption+1","Parasite","True Grit+1","Immolate+1","Shrug It Off","Shame","Battle Trance+1","Evolve+1","Dark Embrace+1","Regret","Normality","Burning Pact+1","Feel No Pain+1","Flame Barrier+1","Clumsy"],"special_seed":0,"relics":["Burning Blood","Pantograph","Mercury Hourglass","Happy Flower","Darkstone Periapt","Bronze Scales","Frozen Egg 2","Cursed Key","Blood Vial","Art of War","Strawberry","Molten Egg 2","Calling Bell","Potion Belt","Shuriken","Nunchaku","Dream Catcher","Bag of Marbles"],"potions_floor_usage":[],"damage_taken":[{"damage":11.0,"enemies":"2 Louse","floor":1.0,"turns":4.0},{"damage":6.0,"enemies":"Jaw Worm","floor":3.0,"turns":3.0},{"damage":6.0,"enemies":"Small Slimes","floor":4.0,"turns":4.0},{"damage":8.0,"enemies":"Gremlin Nob","floor":6.0,"turns":3.0},{"damage":16.0,"enemies":"3 Sentries","floor":8.0,"turns":6.0},{"damage":40.0,"enemies":"Slime Boss","floor":16.0,"turns":15.0},{"damage":6.0,"enemies":"2 Thieves","floor":18.0,"turns":3.0},{"damage":11.0,"enemies":"Shell Parasite","floor":21.0,"turns":5.0},{"damage":26.0,"enemies":"Gremlin Leader","floor":24.0,"turns":7.0},{"damage":0.0,"enemies":"Centurion and Healer","floor":25.0,"turns":5.0},{"damage":19.0,"enemies":"Snake Plant","floor":29.0,"turns":3.0},{"damage":22.0,"enemies":"Slavers","floor":31.0,"turns":3.0},{"damage":61.0,"enemies":"Automaton","floor":33.0,"turns":10.0},{"damage":21.0,"enemies":"3 Shapes","floor":35.0,"turns":4.0},{"damage":21.0,"enemies":"Orb Walker","floor":37.0,"turns":4.0},{"damage":16.0,"enemies":"Maw","floor":39.0,"turns":8.0},{"damage":36.0,"enemies":"Sphere and 2 Shapes","floor":42.0,"turns":5.0},{"damage":45.0,"enemies":"Transient","floor":44.0,"turns":5.0},{"damage":37.0,"enemies":"Nemesis","floor":45.0,"turns":7.0},{"damage":14,"enemies":"3 Darklings","floor":46,"turns":2}],"seed_played":"-5226302758994807947","potions_obtained":[{"floor":3.0,"key":"SkillPotion"},{"floor":6.0,"key":"SteroidPotion"},{"floor":8.0,"key":"EntropicBrew"},{"floor":29.0,"key":"Fire Potion"},{"floor":35.0,"key":"Swift Potion"},{"floor":37.0,"key":"Poison Potion"},{"floor":39.0,"key":"Dexterity Potion"}],"is_trial":false,"path_per_floor":["M","?","M","M","$","E","R","E","T","$","R","?","?","?","R","B",null,"M","$","?","M","T","R","E","M","T","R","?","M","R","E","R","B",null,"M","?","M","$","M","R","?","M","T","M","E","M"],"character_chosen":"IRONCLAD","items_purchased":["Mercury Hourglass","Fiend Fire","Shrug It Off","Corruption+1","Feel No Pain+1"],"campfire_rested":0,"item_purchase_floors":[5,5,10,19,38],"current_hp_per_floor":[67,49,49,49,49,47,47,37,37,37,37,37,37,37,37,28,67,70,70,76,74,80,80,65,76,89,89,89,81,81,71,71,43,122,113,113,104,104,100,100,100,72,78,41,12,0],"gold":224,"neow_bonus":"TWO_FIFTY_GOLD","is_prod":false,"is_daily":false,"chose_seed":false,"campfire_upgraded":8,"win_rate":0,"timestamp":1551566678,"path_taken":["M","?","M","M","$","E","R","E","T","$","R","?","?","?","R","BOSS","M","$","?","?","?","R","E","M","T","R","?","M","R","E","R","BOSS","M","?","?","$","M","R","?","M","T","M","E","M"],"build_version":"2019-01-23","purchased_purges":2,"victory":false,"max_hp_per_floor":[80,80,80,80,80,80,80,80,80,80,80,80,80,80,80,80,80,83,83,89,92,98,98,101,104,117,117,117,120,120,124,124,124,142,146,146,150,150,154,154,154,154,160,160,160,160],"card_choices":[{"not_picked":["Ghostly Armor","Anger"],"picked":"Uppercut","floor":1.0},{"not_picked":["Iron Wave","Sword Boomerang"],"picked":"Anger","floor":3.0},{"not_picked":["Havoc","Flex","Sever Soul"],"picked":"SKIP","floor":4.0},{"not_picked":["Cleave","Flame Barrier"],"picked":"Feel No Pain","floor":6.0},{"not_picked":["Fiend Fire","Reckless Charge","Headbutt"],"picked":"SKIP","floor":8.0},{"not_picked":["Juggernaut+1","Offering"],"picked":"Feed","floor":16.0},{"not_picked":["Flex","Sever Soul"],"picked":"Shockwave","floor":18.0},{"not_picked":["Wild Strike+1","Flex"],"picked":"True Grit","floor":21.0},{"not_picked":["Twin Strike","Dual Wield"],"picked":"Immolate","floor":24.0},{"not_picked":["Pummel","Armaments"],"picked":"Shrug It Off","floor":25.0},{"not_picked":["Iron Wave","Sentinel"],"picked":"Battle Trance","floor":29.0},{"not_picked":["Corruption+1","Burning Pact"],"picked":"Evolve+1","floor":31.0},{"not_picked":["Double Tap","Barricade+1"],"picked":"Dark Embrace+1","floor":33.0},{"not_picked":["Seeing Red","Carnage+1"],"picked":"Burning Pact+1","floor":35.0},{"not_picked":["Anger+1","Blood for Blood+1","Flex"],"picked":"SKIP","floor":37.0},{"not_picked":["Heavy Blade+1","Hemokinesis+1"],"picked":"Flame Barrier+1","floor":39.0},{"not_picked":["Shrug It Off","Thunderclap+1","True Grit"],"picked":"SKIP","floor":42.0},{"not_picked":["Sword Boomerang+1","Uppercut+1","Burning Pact"],"picked":"SKIP","floor":44.0},{"not_picked":["Infernal Blade","Perfected Strike+1","Limit Break"],"picked":"SKIP","floor":45.0}],"player_experience":414325,"relics_obtained":[{"floor":6.0,"key":"Happy Flower"},{"floor":8.0,"key":"Darkstone Periapt"},{"floor":9.0,"key":"Bronze Scales"},{"floor":22.0,"key":"Blood Vial"},{"floor":24.0,"key":"Art of War"},{"floor":26.0,"key":"Strawberry"},{"floor":31.0,"key":"Molten Egg 2"},{"floor":34.0,"key":"Potion Belt"},{"floor":34.0,"key":"Shuriken"},{"floor":34.0,"key":"Nunchaku"},{"floor":45.0,"key":"Bag of Marbles"}],"event_choices":[{"damage_healed":0.0,"max_hp_gain":0.0,"max_hp_loss":0.0,"gold_gain":0.0,"event_name":"Scrap Ooze","player_choice":"Success","floor":2.0,"gold_loss":0.0,"damage_taken":18.0,"relics_obtained":["Pantograph"]},{"cards_removed":["Strike_R"],"damage_healed":0.0,"max_hp_gain":0.0,"max_hp_loss":0.0,"gold_gain":0.0,"event_name":"The Cleric","player_choice":"Card Removal","floor":12.0,"gold_loss":50.0,"damage_taken":0.0},{"cards_removed":["Anger"],"damage_healed":0.0,"max_hp_gain":0.0,"max_hp_loss":0.0,"gold_gain":0.0,"event_name":"Living Wall","player_choice":"Forget","floor":13.0,"gold_loss":0.0,"damage_taken":0.0},{"damage_healed":0.0,"max_hp_gain":0.0,"max_hp_loss":0.0,"gold_gain":0.0,"event_name":"Dead Adventurer","player_choice":"Searched \u00271\u0027 times","floor":14.0,"gold_loss":0.0,"damage_taken":0.0,"relics_obtained":["Frozen Egg 2"]},{"damage_healed":0.0,"max_hp_gain":0.0,"max_hp_loss":0.0,"gold_gain":0.0,"event_name":"Match and Keep!","player_choice":"1 cards matched","floor":20.0,"gold_loss":0.0,"damage_taken":0.0,"cards_obtained":["Parasite"]},{"cards_removed":["Normality"],"damage_healed":0.0,"max_hp_gain":0.0,"max_hp_loss":0.0,"gold_gain":0.0,"event_name":"Beggar","player_choice":"Gave Gold","floor":28.0,"gold_loss":75.0,"damage_taken":0.0},{"damage_healed":0.0,"max_hp_gain":0.0,"max_hp_loss":0.0,"gold_gain":0.0,"event_name":"Accursed Blacksmith","player_choice":"Forge","floor":36.0,"gold_loss":0.0,"damage_taken":0.0,"cards_upgraded":["Immolate"]},{"damage_healed":0.0,"max_hp_gain":0.0,"max_hp_loss":0.0,"gold_gain":0.0,"event_name":"WeMeetAgain","player_choice":"Gave Potion","floor":41.0,"gold_loss":0.0,"damage_taken":0.0,"relics_obtained":["Dream Catcher"]}],"is_beta":false,"boss_relics":[{"not_picked":["Pandora\u0027s Box","Runic Dome"],"picked":"Cursed Key"},{"not_picked":["Runic Cube","Velvet Choker"],"picked":"Calling Bell"}],"items_purged_floors":[5,38],"is_endless":false,"potions_floor_spawned":[3,6,8,18,21,29,35,37,39],"killed_by":"3 Darklings","ascension_level":13}