{"gold_per_floor":[111,123,123,223,223,255,255,282,282,27,37,56,56,73,73,168,168,93,106,106,135,60,90,100,111,111,137,137,154,54,68,68,165,165,177,177,188,42,61,91,14,14,14,41,58,74,84,118,118,118],"floor_reached":51,"playtime":7176,"items_purged":["Defend_R","Strike_R"],"score":987,"play_id":"c0d32453-5955-4f0a-9f7c-d48973335e33","local_time":"20180719145134","is_ascension_mode":false,"campfire_choices":[{"data":"Battle Trance","floor":7.0,"key":"SMITH"},{"floor":13.0,"key":"REST"},{"data":"Barricade","floor":15.0,"key":"SMITH"},{"data":"Feed","floor":32.0,"key":"SMITH"},{"data":"1","floor":42.0,"key":"LIFT"},{"data":"2","floor":49,"key":"LIFT"}],"neow_cost":"TEN_PERCENT_HP_LOSS","seed_source_timestamp":0,"circlet_count":0,"master_deck":["Strike_R","Strike_R+1","Strike_R+1","Defend_R","Defend_R","Defend_R","Bash+1","Shrug It Off","Battle Trance+1","Shrug It Off","Metallicize","Body Slam+1","Barricade+1","Feed+1","Body Slam+1","Flame Barrier","RitualDagger","Metallicize","Impervious","Juggernaut","True Grit+1","Madness","Madness","Second Wind+1","Feel No Pain","True Grit+1","Body Slam+1","Shrug It Off+1","Burning Pact"],"special_seed":0,"relics":["Burning Blood","Thread and Needle","Lantern","Ancient Tea Set","Orichalcum","Self Forming Clay","Anchor","Black Star","Red Mask","Potion Belt","Red Skull","Calipers","Centennial Puzzle","Regal Pillow","Fusion Hammer","Oddly Smooth Stone","Mango","Girya","Whetstone","Juzu Bracelet","Strawberry","Boot","Bag of Marbles"],"potions_floor_usage":[50,50,50,50,50],"damage_taken":[{"damage":0.0,"enemies":"Cultist","floor":1.0,"turns":4.0},{"damage":0.0,"enemies":"Small Slimes","floor":2.0,"turns":4.0},{"damage":6.0,"enemies":"3 Sentries","floor":6.0,"turns":12.0},{"damage":29.0,"enemies":"Lagavulin","floor":8.0,"turns":6.0},{"damage":0.0,"enemies":"2 Louse","floor":11.0,"turns":2.0},{"damage":0.0,"enemies":"Large Slime","floor":12.0,"turns":7.0},{"damage":0.0,"enemies":"Red Slaver","floor":14.0,"turns":4.0},{"damage":20.0,"enemies":"Hexaghost","floor":16.0,"turns":9.0},{"damage":0.0,"enemies":"2 Thieves","floor":18.0,"turns":5.0},{"damage":7.0,"enemies":"3 Byrds","floor":19.0,"turns":7.0},{"damage":26.0,"floor":21.0,"turns":7.0},{"damage":43.0,"enemies":"Slavers","floor":23.0,"turns":9.0},{"damage":0.0,"enemies":"Cultist and Chosen","floor":24.0,"turns":7.0},{"damage":8.0,"enemies":"Snecko","floor":25.0,"turns":9.0},{"damage":0.0,"enemies":"Gremlin Leader","floor":27.0,"turns":7.0},{"damage":0.0,"enemies":"Snake Plant","floor":29.0,"turns":6.0},{"damage":2.0,"enemies":"Sentry and Sphere","floor":31.0,"turns":6.0},{"damage":0.0,"enemies":"Champ","floor":33.0,"turns":10.0},{"damage":0.0,"enemies":"3 Shapes","floor":35.0,"turns":6.0},{"damage":4.0,"enemies":"Orb Walker","floor":37.0,"turns":7.0},{"damage":0.0,"enemies":"4 Shapes","floor":39.0,"turns":11.0},{"damage":0.0,"enemies":"Nemesis","floor":40.0,"turns":9.0},{"damage":0,"enemies":"Giant Head","floor":44,"turns":6},{"damage":0,"enemies":"Spire Growth","floor":45,"turns":5},{"damage":0,"enemies":"Transient","floor":46,"turns":5},{"damage":0,"enemies":"Sphere and 2 Shapes","floor":47,"turns":6},{"damage":2,"enemies":"2 Orb Walkers","floor":48,"turns":4},{"damage":0,"enemies":"Awakened One","floor":50,"turns":9}],"seed_played":"-2837464504432480980","potions_obtained":[{"floor":6.0,"key":"Dexterity Potion"},{"floor":8.0,"key":"Fire Potion"},{"floor":11.0,"key":"EssenceOfSteel"},{"floor":21.0,"key":"Ancient Potion"},{"floor":24.0,"key":"SpeedPotion"},{"floor":25.0,"key":"Ancient Potion"},{"floor":35.0,"key":"Weak Potion"},{"floor":40.0,"key":"SpeedPotion"},{"floor":47,"key":"SkillPotion"}],"is_trial":false,"path_per_floor":["M","M","?","?","?","E","R","E","T","$","M","M","R","M","R","B",null,"M","M","?","?","?","E","M","M","T","E","?","M","$","M","R","B",null,"M","?","M","$","M","E","$","R","T","E","M","M","M","E","R","B"],"character_chosen":"IRONCLAD","items_purchased":["Anchor","Metallicize","Oddly Smooth Stone","Feel No Pain"],"campfire_rested":1,"item_purchase_floors":[10,10,38,41],"current_hp_per_floor":[72,72,60,60,46,46,46,23,23,23,29,35,56,62,62,48,72,72,74,68,51,51,17,26,27,27,36,36,45,45,52,52,62,100,104,91,97,97,107,126,126,126,126,137,137,137,141,145,145,145],"gold":118,"neow_bonus":"ONE_RARE_RELIC","is_prod":false,"is_daily":false,"chose_seed":false,"campfire_upgraded":3,"win_rate":0.0,"timestamp":1532037094,"path_taken":["M","M","?","?","?","E","R","E","T","$","M","?","R","?","R","BOSS","M","M","?","?","?","E","M","M","T","E","?","?","$","M","R","BOSS","M","?","?","$","M","E","?","R","T","E","M","M","M","E","R","BOSS"],"build_version":"2018-07-12","purchased_purges":2,"victory":true,"max_hp_per_floor":[72,72,72,72,72,72,72,72,72,72,72,72,72,72,72,72,72,72,75,75,78,78,81,84,87,87,90,90,93,93,96,96,100,100,104,104,108,108,112,126,126,126,126,137,137,137,141,145,145,145],"card_choices":[{"not_picked":["Flex","Cleave","Anger"],"picked":"SKIP","floor":1.0},{"not_picked":["Shockwave","Iron Wave"],"picked":"Shrug It Off","floor":2.0},{"not_picked":["Combust","Flame Barrier"],"picked":"Battle Trance","floor":6.0},{"not_picked":["Warcry","Uppercut"],"picked":"Shrug It Off","floor":8.0},{"not_picked":["Hemokinesis","Anger"],"picked":"Body Slam","floor":11.0},{"not_picked":["Shrug It Off","Clash","Warcry"],"picked":"SKIP","floor":12.0},{"not_picked":["Shrug It Off","Anger"],"picked":"Barricade","floor":14.0},{"not_picked":["Dark Embrace","Demon Form"],"picked":"Feed","floor":16.0},{"not_picked":["Rampage","Blood for Blood"],"picked":"Body Slam+1","floor":18.0},{"not_picked":["Shrug It Off","Body Slam"],"picked":"Flame Barrier","floor":19.0},{"not_picked":["Bloodletting","Warcry"],"picked":"Metallicize","floor":23.0},{"not_picked":["Cleave","Warcry","Perfected Strike+1"],"picked":"SKIP","floor":24.0},{"not_picked":["True Grit","Armaments"],"picked":"Impervious","floor":25.0},{"not_picked":["Armaments","Bloodletting","Clash+1"],"picked":"SKIP","floor":27.0},{"not_picked":["Searing Blow","Clash","Warcry"],"picked":"SKIP","floor":29.0},{"not_picked":["Twin Strike","Dropkick","Uppercut"],"picked":"SKIP","floor":31.0},{"not_picked":["Reaper","Dark Embrace"],"picked":"Juggernaut","floor":33.0},{"not_picked":["Clothesline+1","Pommel Strike"],"picked":"True Grit+1","floor":35.0},{"not_picked":["Disarm+1","Warcry","Fire Breathing"],"picked":"SKIP","floor":37.0},{"not_picked":["True Grit","Combust+1"],"picked":"Second Wind+1","floor":39.0},{"not_picked":["Searing Blow","Anger+1","Demon Form"],"picked":"SKIP","floor":40.0},{"not_picked":["Armaments+1","Anger+1"],"picked":"True Grit+1","floor":44},{"not_picked":["Thunderclap","Armaments"],"picked":"Body Slam+1","floor":45},{"not_picked":["Headbutt+1","Rage+1","Body Slam"],"picked":"SKIP","floor":46},{"not_picked":["True Grit","Iron Wave+1"],"picked":"Shrug It Off+1","floor":47},{"not_picked":["Reckless Charge+1","Perfected Strike"],"picked":"Burning Pact","floor":48}],"player_experience":3364,"relics_obtained":[{"floor":6.0,"key":"Ancient Tea Set"},{"floor":8.0,"key":"Orichalcum"},{"floor":9.0,"key":"Self Forming Clay"},{"floor":21.0,"key":"Red Mask"},{"floor":23.0,"key":"Potion Belt"},{"floor":23.0,"key":"Red Skull"},{"floor":26.0,"key":"Calipers"},{"floor":27.0,"key":"Centennial Puzzle"},{"floor":27.0,"key":"Regal Pillow"},{"floor":40.0,"key":"Mango"},{"floor":40.0,"key":"Girya"},{"floor":43.0,"key":"Whetstone"},{"floor":44,"key":"Juzu Bracelet"},{"floor":44,"key":"Strawberry"},{"floor":48,"key":"Boot"},{"floor":48,"key":"Bag of Marbles"}],"event_choices":[{"event_name":"Scrap Ooze","player_choice":"success","floor":3.0,"damage_taken":12.0},{"event_name":"Golden Shrine","player_choice":"Pray","floor":4.0,"damage_taken":0.0},{"event_name":"Shining Light","player_choice":"Entered Light","floor":5.0,"damage_taken":0.0},{"event_name":"Nest","player_choice":"Joined the Cult","floor":20.0,"damage_taken":0.0},{"event_name":"Beggar","player_choice":"Gave Gold","floor":22.0,"damage_taken":0.0},{"event_name":"Ghosts","player_choice":"Ignored","floor":28.0,"damage_taken":0.0},{"event_name":"Winding Halls","player_choice":"Embrace Madness","floor":36.0,"damage_taken":0.0}],"boss_relics":[{"not_picked":["Tiny House","Cursed Key"],"picked":"Black Star"},{"not_picked":["Eternal Feather","Runic Cube"],"picked":"Fusion Hammer"}],"items_purged_floors":[10,30],"is_endless":false,"potions_floor_spawned":[6,8,11,19,21,24,25,35,40,47,48],"ascension_level":0}