{"gold_per_floor":[110,73,73,73,73,108,123,135,209,209,220,254,264,280,280,280],"floor_reached":16,"playtime":444,"items_purged":[],"score":260,"play_id":"5c28420a-d359-4328-b36b-053b0471f8d6","local_time":"20190412202402","is_ascension_mode":true,"campfire_choices":[{"data":"Sword Boomerang","floor":10.0,"key":"SMITH"},{"data":"Inflame","floor":15.0,"key":"SMITH"}],"neow_cost":"NONE","seed_source_timestamp":259812207698300,"circlet_count":0,"master_deck":["AscendersBane","Strike_R","Strike_R","Strike_R","Strike_R","Defend_R","Defend_R","Defend_R","Defend_R","Bash","Sword Boomerang+1","Inflame+1","Cleave","Battle Trance"],"special_seed":0,"relics":["Burning Blood","NeowsBlessing","Smiling Mask","Ancient Tea Set","Blood Vial"],"potions_floor_usage":[16],"damage_taken":[{"damage":0.0,"enemies":"2 Louse","floor":1.0,"turns":1.0},{"damage":0.0,"enemies":"Gremlin Nob","floor":6.0,"turns":1.0},{"damage":0.0,"enemies":"Cultist","floor":7.0,"turns":1.0},{"damage":14.0,"enemies":"Jaw Worm","floor":8.0,"turns":4.0},{"damage":0.0,"enemies":"Large Slime","floor":11.0,"turns":3.0},{"damage":35.0,"enemies":"3 Sentries","floor":12.0,"turns":7.0},{"damage":9.0,"enemies":"Exordium Wildlife","floor":13.0,"turns":3.0},{"damage":14.0,"enemies":"Gremlin Gang","floor":14.0,"turns":3.0},{"damage":15,"enemies":"Hexaghost","floor":16,"turns":5}],"seed_played":"-1260384510410273659","potions_obtained":[{"floor":1.0,"key":"Energy Potion"},{"floor":11.0,"key":"SneckoOil"},{"floor":13.0,"key":"Ancient Potion"},{"floor":14.0,"key":"Swift Potion"}],"is_trial":false,"path_per_floor":["M","$","?","?","?","E","M","M","T","R","M","E","M","M","R","B"],"character_chosen":"IRONCLAD","items_purchased":["Inflame"],"campfire_rested":0,"item_purchase_floors":[2],"current_hp_per_floor":[74,74,39,39,39,45,51,43,43,43,49,20,19,13,13,0],"gold":280,"neow_bonus":"THREE_ENEMY_KILL","is_prod":false,"is_daily":false,"chose_seed":false,"campfire_upgraded":2,"win_rate":0,"timestamp":1555125842,"path_taken":["M","$","?","?","?","E","M","M","T","R","M","E","?","?","R","BOSS"],"build_version":"2019-01-23","purchased_purges":0,"victory":false,"max_hp_per_floor":[75,75,75,75,75,75,75,75,75,75,75,75,75,75,75,75],"card_choices":[{"not_picked":["Second Wind","Body Slam"],"picked":"Sword Boomerang","floor":1.0},{"not_picked":["Body Slam","Entrench","Sever Soul"],"picked":"SKIP","floor":6.0},{"not_picked":["Entrench","Iron Wave","Headbutt"],"picked":"SKIP","floor":7.0},{"not_picked":["Wild Strike","Rupture"],"picked":"Cleave","floor":8.0},{"not_picked":["Anger","Thunderclap","Clash"],"picked":"SKIP","floor":11.0},{"not_picked":["Anger","Thunderclap","Clash"],"picked":"SKIP","floor":11.0},{"not_picked":["Corruption","Clothesline"],"picked":"Battle Trance","floor":12.0},{"not_picked":["Headbutt","Perfected Strike","Warcry"],"picked":"SKIP","floor":13.0},{"not_picked":["Anger","Double Tap","Twin Strike"],"picked":"SKIP","floor":14.0}],"player_experience":543273,"relics_obtained":[{"floor":6.0,"key":"Ancient Tea Set"},{"floor":12.0,"key":"Blood Vial"}],"event_choices":[{"damage_healed":0.0,"max_hp_gain":0.0,"max_hp_loss":0.0,"gold_gain":0.0,"event_name":"Scrap Ooze","player_choice":"Success","floor":3.0,"gold_loss":0.0,"damage_taken":35.0,"relics_obtained":["Smiling Mask"]},{"damage_healed":0.0,"max_hp_gain":0.0,"max_hp_loss":0.0,"gold_gain":0.0,"event_name":"Shining Light","player_choice":"Ignored","floor":4.0,"gold_loss":0.0,"damage_taken":0.0},{"cards_removed":["Strike_R"],"damage_healed":0.0,"max_hp_gain":0.0,"max_hp_loss":0.0,"gold_gain":0.0,"event_name":"Bonfire Elementals","player_choice":"Offered Basic","floor":5.0,"gold_loss":0.0,"damage_taken":0.0}],"is_beta":false,"boss_relics":[],"items_purged_floors":[],"is_endless":false,"potions_floor_spawned":[1,11,13,14],"killed_by":"Hexaghost","ascension_level":18}