{"gold_per_floor":[113,123,134,148,148,179,179,144,170,181,213,18,52,68,68,163,163,178,178,538,558,98,173,207,45,45,60,60,94,112,122,122,221,221,234,245,107,107,118,183,183,213,213,230,262,40,40,53,53,53],"floor_reached":51,"playtime":5072,"items_purged":["Rebound","Doubt"],"score":1144,"play_id":"8486de58-eda9-44db-b10d-6d4006a2c007","local_time":"20180804115454","is_ascension_mode":true,"campfire_choices":[{"floor":7.0,"key":"REST"},{"data":"Go for the Eyes","floor":15.0,"key":"SMITH"},{"data":"Defragment","floor":28.0,"key":"SMITH"},{"data":"Hologram","floor":32.0,"key":"SMITH"},{"data":"Loop","floor":41.0,"key":"SMITH"},{"data":"Rainbow","floor":47.0,"key":"SMITH"},{"data":"Defragment","floor":49,"key":"SMITH"}],"neow_cost":"NONE","seed_source_timestamp":1031912538723798,"circlet_count":0,"master_deck":["Defend_B","Defend_B","Defend_B","Defend_B","Zap","Dualcast","Auto Shields","Ball Lightning","Hologram+1","Sunder","Go for the Eyes+1","Conserve Battery","Compile Driver","Glacier","Rainbow+1","Ball Lightning","Bite","Bite","Bite","Bite","Bite","Undo","Genetic Algorithm","Loop+1","Defragment+1","Glacier","All For One","Fission","Cold Snap","Coolheaded+1","FTL","Static Discharge+1","Blizzard+1","Steam+1","Consume+1","FTL","Defragment+1"],"special_seed":0,"relics":["Cracked Core","Anchor","Lantern","Vajra","Boot","Happy Flower","Oddly Smooth Stone","Cursed Key","Membership Card","Pear","Cables","Pen Nib","Nunchaku","Nuclear Battery","Turnip","Tiny Chest","Omamori","Meat on the Bone","DataDisk","Runic Capacitor"],"potions_floor_usage":[50],"damage_taken":[{"damage":1.0,"enemies":"Cultist","floor":1.0,"turns":3.0},{"damage":1.0,"enemies":"2 Louse","floor":2.0,"turns":3.0},{"damage":0.0,"enemies":"Jaw Worm","floor":3.0,"turns":3.0},{"damage":23.0,"enemies":"Lots of Slimes","floor":4.0,"turns":5.0},{"damage":16.0,"enemies":"Lagavulin","floor":6.0,"turns":7.0},{"damage":0.0,"enemies":"Looter","floor":10.0,"turns":2.0},{"damage":6.0,"enemies":"3 Sentries","floor":11.0,"turns":6.0},{"damage":0.0,"enemies":"Gremlin Nob","floor":13.0,"turns":3.0},{"damage":0.0,"enemies":"Blue Slaver","floor":14.0,"turns":2.0},{"damage":0.0,"enemies":"The Guardian","floor":16.0,"turns":12.0},{"damage":0.0,"enemies":"Chosen","floor":18.0,"turns":3.0},{"damage":0.0,"enemies":"Spheric Guardian","floor":21.0,"turns":4.0},{"damage":10.0,"enemies":"Slavers","floor":24.0,"turns":6.0},{"damage":0.0,"enemies":"Centurion and Healer","floor":27.0,"turns":9.0},{"damage":2.0,"enemies":"Book of Stabbing","floor":29.0,"turns":6.0},{"damage":7.0,"enemies":"Snake Plant","floor":30.0,"turns":4.0},{"damage":9.0,"enemies":"3 Cultists","floor":31.0,"turns":5.0},{"damage":45.0,"enemies":"Champ","floor":33.0,"turns":12.0},{"damage":0.0,"enemies":"Flame Bruiser 1 Orb","floor":35.0,"turns":4.0},{"damage":0.0,"enemies":"3 Shapes","floor":36.0,"turns":3.0},{"damage":0.0,"floor":38.0,"turns":8.0},{"damage":4.0,"enemies":"Sphere and 2 Shapes","floor":39.0,"turns":6.0},{"damage":13.0,"enemies":"Giant Head","floor":40.0,"turns":10.0},{"damage":43.0,"enemies":"2 Orb Walkers","floor":42.0,"turns":7.0},{"damage":0.0,"enemies":"4 Shapes","floor":44.0,"turns":6.0},{"damage":14.0,"enemies":"Giant Head","floor":45.0,"turns":9.0},{"damage":0.0,"enemies":"Spire Growth","floor":48.0,"turns":4.0},{"damage":5,"enemies":"Time Eater","floor":50,"turns":11}],"seed_played":"-3543435122786307408","potions_obtained":[{"floor":1.0,"key":"GamblersBrew"},{"floor":4.0,"key":"AttackPotion"},{"floor":11.0,"key":"SpeedPotion"},{"floor":13.0,"key":"GamblersBrew"},{"floor":16.0,"key":"Ancient Potion"},{"floor":24.0,"key":"LiquidBronze"},{"floor":27.0,"key":"SpeedPotion"},{"floor":29.0,"key":"Dexterity Potion"},{"floor":31.0,"key":"LiquidBronze"},{"floor":35.0,"key":"Block Potion"},{"floor":39.0,"key":"Strength Potion"},{"floor":40.0,"key":"Fire Potion"},{"floor":45.0,"key":"SteroidPotion"}],"is_trial":false,"path_per_floor":["M","M","M","M","?","E","R","?","T","M","E","$","E","M","R","B",null,"M","?","?","M","$","?","E","$","T","M","R","E","M","M","R","B",null,"M","M","$","?","M","E","R","E","T","M","E","$","R","M","R","B"],"character_chosen":"DEFECT","items_purchased":["Happy Flower","Conserve Battery","Membership Card","Pear","Fruit Juice","Genetic Algorithm","Loop","FTL","Runic Capacitor","FTL"],"campfire_rested":1,"item_purchase_floors":[12,12,22,22,25,25,25,37,46,46],"current_hp_per_floor":[74,73,73,50,32,16,40,60,60,60,54,54,54,54,54,54,75,75,57,21,31,41,35,37,37,37,56,56,68,65,60,60,31,62,66,70,70,72,72,69,69,36,36,42,42,42,42,50,50,61],"gold":53,"neow_bonus":"TEN_PERCENT_HP_BONUS","is_prod":false,"is_daily":false,"chose_seed":false,"campfire_upgraded":6,"win_rate":0,"timestamp":1533408894,"path_taken":["M","?","M","M","?","E","R","?","T","M","E","$","E","M","R","BOSS","M","?","?","M","$","?","E","$","T","M","R","E","?","M","R","BOSS","M","M","$","?","M","E","R","E","T","M","E","$","R","M","R","BOSS"],"build_version":"2018-08-02","purchased_purges":2,"victory":true,"max_hp_per_floor":[82,82,82,82,82,82,82,82,82,82,82,82,82,82,82,82,82,82,57,57,57,67,67,67,67,67,72,72,72,72,72,72,72,72,72,72,72,72,72,72,72,72,72,72,72,72,72,72,72,72],"card_choices":[{"not_picked":["White Noise","Hologram"],"picked":"Rebound","floor":1.0},{"not_picked":["Stack","White Noise"],"picked":"Auto Shields","floor":2.0},{"not_picked":["Turbo","Capacitor"],"picked":"Ball Lightning","floor":3.0},{"not_picked":["Rebound","Storm"],"picked":"Hologram","floor":4.0},{"not_picked":["Lockon","Darkness"],"picked":"Sunder","floor":6.0},{"not_picked":["Rebound","Meteor Strike","Recycle"],"picked":"SKIP","floor":10.0},{"not_picked":["Gash","Turbo"],"picked":"Go for the Eyes","floor":11.0},{"not_picked":["Coolheaded","Turbo"],"picked":"Compile Driver","floor":13.0},{"not_picked":["Consume","Steam"],"picked":"Glacier","floor":14.0},{"not_picked":["Reboot","Meteor Strike"],"picked":"Rainbow","floor":16.0},{"not_picked":["Storm","Redo"],"picked":"Ball Lightning","floor":18.0},{"not_picked":["Force Field+1","Beam Cell","Redo"],"picked":"SKIP","floor":21.0},{"not_picked":["Tempest","Static Discharge"],"picked":"Undo","floor":24.0},{"not_picked":["Leap","Melter+1"],"picked":"Defragment","floor":27.0},{"not_picked":["Darkness+1","Go for the Eyes"],"picked":"Glacier","floor":29.0},{"not_picked":["Beam Cell","Self Repair+1"],"picked":"All For One","floor":30.0},{"not_picked":["Sunder","Gash","Beam Cell"],"picked":"SKIP","floor":31.0},{"not_picked":["Seek","Reboot"],"picked":"Fission","floor":33.0},{"not_picked":["Beam Cell+1","Barrage+1"],"picked":"Cold Snap","floor":35.0},{"not_picked":["Genetic Algorithm","Streamline"],"picked":"Coolheaded+1","floor":36.0},{"not_picked":["Ball Lightning","Reprogram+1"],"picked":"Static Discharge+1","floor":38.0},{"not_picked":["Barrage+1","Hologram"],"picked":"Blizzard+1","floor":39.0},{"not_picked":["White Noise+1","Redo"],"picked":"Steam+1","floor":40.0},{"not_picked":["FTL+1","Ball Lightning+1"],"picked":"Consume+1","floor":42.0},{"not_picked":["Chill+1","Aggregate+1","Steam"],"picked":"SKIP","floor":44.0},{"not_picked":["Hello World+1","White Noise","Beam Cell+1"],"picked":"SKIP","floor":45.0},{"not_picked":["Hyperbeam","Leap"],"picked":"Defragment","floor":48.0}],"player_experience":292592,"relics_obtained":[{"floor":6.0,"key":"Lantern"},{"floor":9.0,"key":"Vajra"},{"floor":11.0,"key":"Boot"},{"floor":13.0,"key":"Oddly Smooth Stone"},{"floor":24.0,"key":"Cables"},{"floor":26.0,"key":"Pen Nib"},{"floor":29.0,"key":"Nunchaku"},{"floor":38.0,"key":"Turnip"},{"floor":40.0,"key":"Tiny Chest"},{"floor":42.0,"key":"Omamori"},{"floor":43.0,"key":"Meat on the Bone"},{"floor":45.0,"key":"DataDisk"}],"event_choices":[{"event_name":"Scrap Ooze","player_choice":"success","floor":5.0,"damage_taken":18.0},{"event_name":"The Cleric","player_choice":"Healed","floor":8.0,"damage_taken":0.0},{"event_name":"Vampires","player_choice":"Became a vampire","floor":19.0,"damage_taken":0.0},{"event_name":"Knowing Skull","player_choice":"GOLD POTION GOLD GOLD GOLD ","floor":20.0,"damage_taken":0.0},{"event_name":"FaceTrader","player_choice":"Touch","floor":23.0,"damage_taken":0.0},{"event_name":"MindBloom","player_choice":"Fight","floor":38.0,"damage_taken":0.0}],"is_beta":false,"boss_relics":[{"not_picked":["Tiny House","Fusion Hammer"],"picked":"Cursed Key"},{"not_picked":["FrozenCore","White Beast Statue"],"picked":"Nuclear Battery"}],"items_purged_floors":[22,37],"is_endless":false,"potions_floor_spawned":[1,4,11,13,14,16,24,27,29,31,35,39,40,45],"ascension_level":6}