{"gold_per_floor":[118,141,141,111,124,454,454,482,482,500,517,530,530,142,142,215,215,232,251,24,24,42,73,73,84,84,119,44,44,5,35,35,35],"floor_reached":33,"playtime":1598,"items_purged":["Strike_B"],"score":676,"play_id":"5519ac13-5124-4a49-b091-846bf261fba1","local_time":"20190413144823","is_ascension_mode":true,"campfire_choices":[{"data":"Go for the Eyes","floor":7,"key":"SMITH"},{"data":"Sunder","floor":13,"key":"SMITH"},{"data":"Static Discharge","floor":15,"key":"SMITH"},{"data":"Seek","floor":24,"key":"SMITH"},{"floor":29,"key":"REST"},{"floor":32,"key":"REST"}],"neow_cost":"NONE","seed_source_timestamp":290756251548300,"circlet_count":0,"master_deck":["AscendersBane","Strike_B","Strike_B","Defend_B","Defend_B","Defend_B+1","Defend_B+1","Zap","Dualcast","Go for the Eyes+1","BootSequence","Ball Lightning","Conserve Battery","Sunder+1","Compile Driver","Static Discharge+1","Seek+1","Ball Lightning+1","Gash","Gash","Defragment","Consume+1","Steam+1"],"relics":["Cracked Core","NeowsBlessing","War Paint","Old Coin","Orichalcum","Shuriken","Runic Capacitor","Cursed Key","Lee\u0027s Waffle","MutagenicStrength","Nunchaku","Toxic Egg 2","Ice Cream"],"potions_floor_usage":[8,8,8,23,23,27,33],"damage_taken":[{"damage":0,"enemies":"Cultist","floor":1,"turns":1},{"damage":0,"enemies":"Small Slimes","floor":5,"turns":1},{"damage":0,"enemies":"Gremlin Nob","floor":6,"turns":1},{"damage":8,"enemies":"3 Sentries","floor":8,"turns":7},{"damage":0,"enemies":"Jaw Worm","floor":10,"turns":3},{"damage":1,"enemies":"Exordium Wildlife","floor":11,"turns":3},{"damage":5,"enemies":"Looter","floor":12,"turns":3},{"damage":11,"enemies":"The Guardian","floor":16,"turns":9},{"damage":3,"enemies":"Spheric Guardian","floor":18,"turns":3},{"damage":4,"enemies":"Chosen","floor":19,"turns":3},{"damage":14,"enemies":"Snake Plant","floor":22,"turns":3},{"damage":18,"enemies":"Gremlin Leader","floor":23,"turns":7},{"damage":11,"enemies":"Cultist and Chosen","floor":25,"turns":5},{"damage":42,"enemies":"Slavers","floor":27,"turns":5},{"damage":28,"enemies":"Gremlin Leader","floor":31,"turns":4},{"damage":53,"enemies":"Collector","floor":33,"turns":5}],"seed_played":"4450693532682985635","potions_obtained":[{"floor":4,"key":"Swift Potion"},{"floor":4,"key":"SneckoOil"},{"floor":5,"key":"EntropicBrew"},{"floor":8,"key":"Regen Potion"},{"floor":19,"key":"FearPotion"},{"floor":23,"key":"Poison Potion"},{"floor":27,"key":"Ancient Potion"},{"floor":31,"key":"FearPotion"}],"is_trial":false,"path_per_floor":["M","T","?","?","M","E","R","E","T","M","M","M","R","$","R","B",null,"M","M","$","?","M","E","R","M","T","E","?","R","$","E","R","B"],"character_chosen":"DEFECT","items_purchased":["Runic Capacitor","Static Discharge","Lee\u0027s Waffle","Consume+1"],"campfire_rested":2,"item_purchase_floors":[14,14,20,30],"current_hp_per_floor":[64,64,69,69,69,69,69,61,61,61,60,55,55,55,55,44,68,65,61,83,83,69,65,65,54,54,12,12,36,36,8,32,0],"gold":35,"neow_bonus":"THREE_ENEMY_KILL","is_prod":false,"is_daily":false,"chose_seed":false,"campfire_upgraded":4,"win_rate":0,"timestamp":1555181303,"path_taken":["M","?","?","?","?","E","R","E","T","M","M","M","R","$","R","BOSS","M","M","$","?","M","E","R","M","T","E","?","R","$","E","R","BOSS"],"build_version":"2019-01-23","purchased_purges":1,"victory":false,"max_hp_per_floor":[71,71,76,76,76,76,76,76,76,76,76,76,76,76,76,76,76,76,76,83,83,83,83,83,83,83,83,83,83,83,83,83,83],"card_choices":[{"not_picked":["Redo","Conserve Battery"],"picked":"Go for the Eyes","floor":1},{"not_picked":["Compile Driver","BootSequence","Leap"],"picked":"SKIP","floor":5},{"not_picked":["Compile Driver","Leap"],"picked":"BootSequence","floor":5},{"not_picked":["Self Repair","Fusion"],"picked":"Ball Lightning","floor":6},{"not_picked":["Redo","Turbo"],"picked":"Conserve Battery","floor":8},{"not_picked":["Self Repair","Storm"],"picked":"Sunder","floor":10},{"not_picked":["Auto Shields","Sweeping Beam"],"picked":"Compile Driver","floor":11},{"not_picked":["Sunder","Aggregate","Force Field"],"picked":"SKIP","floor":12},{"not_picked":["Rainbow","Biased Cognition"],"picked":"Seek","floor":16},{"not_picked":["Reinforced Body","Glacier"],"picked":"Ball Lightning+1","floor":18},{"not_picked":["Rebound","Darkness"],"picked":"Gash","floor":19},{"not_picked":["Rebound","Rainbow"],"picked":"Gash","floor":22},{"not_picked":["Lockon","Meteor Strike","Amplify"],"picked":"SKIP","floor":23},{"not_picked":["Go for the Eyes","Compile Driver+1"],"picked":"Defragment","floor":25},{"not_picked":["Beam Cell","Blizzard","Hyperbeam"],"picked":"SKIP","floor":27},{"not_picked":["Scrape","Static Discharge+1"],"picked":"Steam+1","floor":31}],"player_experience":850046,"relics_obtained":[{"floor":2,"key":"War Paint"},{"floor":6,"key":"Old Coin"},{"floor":8,"key":"Orichalcum"},{"floor":9,"key":"Shuriken"},{"floor":23,"key":"Nunchaku"},{"floor":27,"key":"Toxic Egg 2"},{"floor":31,"key":"Ice Cream"}],"event_choices":[{"damage_healed":0,"gold_gain":0,"player_choice":"Donut","damage_taken":0,"max_hp_gain":5,"max_hp_loss":0,"event_name":"Big Fish","floor":3,"gold_loss":0},{"damage_healed":0,"gold_gain":0,"player_choice":"Bought 2 Potions","damage_taken":0,"max_hp_gain":0,"max_hp_loss":0,"event_name":"The Woman in Blue","floor":4,"gold_loss":0},{"damage_healed":0,"gold_gain":0,"player_choice":"Inject Mutagens","damage_taken":0,"relics_obtained":["MutagenicStrength"],"max_hp_gain":0,"max_hp_loss":0,"event_name":"Drug Dealer","floor":21,"gold_loss":0},{"cards_removed":["Strike_B"],"damage_healed":0,"gold_gain":0,"player_choice":"Gave Gold","damage_taken":0,"max_hp_gain":0,"max_hp_loss":0,"event_name":"Beggar","floor":28,"gold_loss":75}],"is_beta":false,"boss_relics":[{"not_picked":["Eternal Feather","Pandora\u0027s Box"],"picked":"Cursed Key"}],"items_purged_floors":[14],"is_endless":false,"potions_floor_spawned":[5,6,8,19,23,27,31],"killed_by":"Collector","ascension_level":20}