{"gold_per_floor":[112,71,91,10,30,30,57,57,57,57,76,351,382,392,392,468,468,479,42,42,56,75,75,75,75,75,75,90,152,152,181,181,257,257,274,9,9,21,39,39,64,64,132,161,161,177,177,188,188,188],"floor_reached":50,"playtime":3455,"items_purged":["Regret"],"score":984,"play_id":"e21299bf-0205-4f00-93d8-c6abf48622c1","local_time":"20180822235301","is_ascension_mode":true,"campfire_choices":[{"data":"Neutralize","floor":6.0,"key":"SMITH"},{"data":"Skewer","floor":8.0,"key":"SMITH"},{"data":"Predator","floor":10.0,"key":"SMITH"},{"data":"Dodge and Roll","floor":15.0,"key":"SMITH"},{"data":"Infinite Blades","floor":23.0,"key":"SMITH"},{"data":"Footwork","floor":25.0,"key":"SMITH"},{"floor":30.0,"key":"REST"},{"data":"Skewer","floor":32.0,"key":"SMITH"},{"floor":40,"key":"REST"},{"floor":42,"key":"REST"},{"data":"Cloak And Dagger","floor":45,"key":"SMITH"},{"data":"Infinite Blades","floor":47,"key":"SMITH"},{"data":"Cloak And Dagger","floor":49,"key":"SMITH"}],"neow_cost":"NONE","seed_source_timestamp":493996085948410,"circlet_count":0,"master_deck":["Defend_G","Defend_G","Defend_G","Defend_G","Defend_G","Strike_G","Strike_G","Strike_G","Strike_G","Strike_G","Survivor","Neutralize+1","AscendersBane","Flying Knee","Skewer+1","PiercingWail","Predator+1","Quick Slash","Predator","Well Laid Plans","Dodge and Roll+1","Caltrops","Doppelganger","Infinite Blades+1","Skewer+1","Blade Dance+1","Footwork+1","Dodge and Roll+1","Backflip","Corpse Explosion","Backflip","Deflect","Cloak And Dagger+1","Infinite Blades+1","Terror","Blade Dance+1","Infinite Blades+1","Cloak And Dagger+1"],"special_seed":0,"relics":["Sozu","Ginger","Singing Bowl","Blood Vial","Eternal Feather","Kunai","Art of War","Tiny Chest","Ice Cream","Philosopher\u0027s Stone","Happy Flower","The Specimen","Pen Nib","Paper Crane","Gremlin Horn"],"potions_floor_usage":[],"damage_taken":[{"damage":0.0,"enemies":"Cultist","floor":1.0,"turns":4.0},{"damage":0.0,"enemies":"Small Slimes","floor":3.0,"turns":3.0},{"damage":1.0,"enemies":"Jaw Worm","floor":5.0,"turns":4.0},{"damage":18.0,"enemies":"Gremlin Nob","floor":7.0,"turns":4.0},{"damage":6.0,"enemies":"Lots of Slimes","floor":11.0,"turns":3.0},{"damage":10.0,"enemies":"3 Sentries","floor":13.0,"turns":6.0},{"damage":4.0,"enemies":"Exordium Thugs","floor":14.0,"turns":5.0},{"damage":20.0,"enemies":"The Guardian","floor":16.0,"turns":9.0},{"damage":12.0,"enemies":"Shell Parasite","floor":18.0,"turns":4.0},{"damage":10.0,"enemies":"3 Byrds","floor":21.0,"turns":5.0},{"damage":6.0,"enemies":"Centurion and Healer","floor":22.0,"turns":6.0},{"damage":20.0,"enemies":"Snake Plant","floor":28.0,"turns":4.0},{"damage":45.0,"enemies":"Slavers","floor":29.0,"turns":6.0},{"damage":2.0,"enemies":"Gremlin Leader","floor":31.0,"turns":10.0},{"damage":13.0,"enemies":"Automaton","floor":33.0,"turns":16.0},{"damage":1.0,"enemies":"3 Shapes","floor":35.0,"turns":4.0},{"damage":13.0,"enemies":"Flame Bruiser 1 Orb","floor":38.0,"turns":6.0},{"damage":43,"enemies":"Transient","floor":39,"turns":5},{"damage":29,"enemies":"Nemesis","floor":41,"turns":7},{"damage":32,"enemies":"2 Orb Walkers","floor":44,"turns":3},{"damage":25,"enemies":"4 Shapes","floor":46,"turns":2},{"damage":20,"enemies":"3 Darklings","floor":48,"turns":5},{"damage":62,"enemies":"Time Eater","floor":50,"turns":4}],"seed_played":"-6010623537508255045","potions_obtained":[],"is_trial":false,"path_per_floor":["M","$","M","$","M","R","E","R","T","R","M","?","E","M","R","B",null,"M","$","?","M","M","R","$","R","T","?","M","E","R","E","R","B",null,"M","$","T","M","M","R","E","R","T","E","R","M","R","M","R"],"character_chosen":"THE_SILENT","items_purchased":["Skewer","Predator","Kunai","Infinite Blades","Skewer","Deflect","Happy Flower","Cloak And Dagger"],"campfire_rested":3,"item_purchase_floors":[2,4,19,19,19,36,36,36],"current_hp_per_floor":[59,59,59,59,58,58,40,40,40,40,34,34,24,22,22,4,51,43,43,43,35,31,46,46,61,61,61,45,2,38,38,53,42,63,64,64,64,53,14,53,26,68,68,38,59,36,57,39,60,0],"gold":188,"neow_bonus":"BOSS_RELIC","is_prod":false,"is_daily":false,"chose_seed":false,"campfire_upgraded":10,"win_rate":0,"timestamp":1535007181,"path_taken":["M","$","?","$","M","R","E","R","T","R","M","?","E","M","R","BOSS","M","$","?","M","M","R","?","R","T","?","M","E","R","E","R","BOSS","M","$","?","M","M","R","E","R","T","E","R","M","R","M","R","BOSS"],"build_version":"2018-08-16","purchased_purges":1,"victory":false,"max_hp_per_floor":[66,66,66,66,66,66,66,66,66,66,66,66,66,66,66,66,66,68,68,68,68,68,68,68,68,68,68,70,70,70,70,70,70,70,70,70,70,70,72,72,72,72,72,72,72,72,72,72,72,72],"card_choices":[{"not_picked":["Blade Dance","Concentrate"],"picked":"Flying Knee","floor":1.0},{"not_picked":["Crippling Poison","Bane"],"picked":"PiercingWail","floor":3.0},{"not_picked":["Deadly Poison","Calculated Gamble"],"picked":"Quick Slash","floor":5.0},{"not_picked":["Masterful Stab","Tactician"],"picked":"Predator","floor":7.0},{"not_picked":["Distraction","Backflip"],"picked":"Well Laid Plans","floor":11.0},{"not_picked":["Backflip","Prepared"],"picked":"Dodge and Roll","floor":13.0},{"not_picked":["Reflex","Blur"],"picked":"Caltrops","floor":14.0},{"not_picked":["Night Terror","Venomology"],"picked":"Doppelganger","floor":16.0},{"not_picked":["Terror","Flying Knee","Prepared"],"picked":"Singing Bowl","floor":18.0},{"not_picked":["Expertise","Outmaneuver"],"picked":"Blade Dance+1","floor":21.0},{"not_picked":["Backflip","Flying Knee"],"picked":"Footwork","floor":22.0},{"not_picked":["Predator","Dagger Throw","Bane"],"picked":"Singing Bowl","floor":28.0},{"not_picked":["Blade Dance","Deadly Poison"],"picked":"Dodge and Roll+1","floor":29.0},{"not_picked":["Predator","Acrobatics+1"],"picked":"Backflip","floor":31.0},{"not_picked":["Storm of Steel","Wraith Form v2"],"picked":"Corpse Explosion","floor":33.0},{"not_picked":["Caltrops+1","Underhanded Strike+1"],"picked":"Backflip","floor":35.0},{"not_picked":["Bane","Riddle With Holes+1"],"picked":"Infinite Blades","floor":38.0},{"not_picked":["Bane","Deadly Poison","Slice"],"picked":"Singing Bowl","floor":39},{"not_picked":["Caltrops","Poisoned Stab+1"],"picked":"Terror","floor":41},{"not_picked":["Bane+1","Underhanded Strike"],"picked":"Blade Dance+1","floor":44},{"not_picked":["Backflip+1","Bane"],"picked":"Infinite Blades+1","floor":46},{"not_picked":["Terror","Skewer+1"],"picked":"Cloak And Dagger","floor":48}],"player_experience":575382,"relics_obtained":[{"floor":7.0,"key":"Ginger"},{"floor":9.0,"key":"Singing Bowl"},{"floor":13.0,"key":"Blood Vial"},{"floor":26.0,"key":"Art of War"},{"floor":29.0,"key":"Tiny Chest"},{"floor":31.0,"key":"Ice Cream"},{"floor":37.0,"key":"The Specimen"},{"floor":41,"key":"Pen Nib"},{"floor":43,"key":"Paper Crane"},{"floor":44,"key":"Gremlin Horn"}],"event_choices":[{"event_name":"Golden Shrine","player_choice":"Desecrate","floor":12.0,"damage_taken":0.0},{"event_name":"Ghosts","player_choice":"Ignored","floor":20.0,"damage_taken":0.0},{"event_name":"Drug Dealer","player_choice":"Ignored","floor":27.0,"damage_taken":0.0}],"is_beta":false,"boss_relics":[{"not_picked":["Snecko Eye","Fusion Hammer"],"picked":"Eternal Feather"},{"not_picked":["Runic Pyramid","WristBlade"],"picked":"Philosopher\u0027s Stone"}],"items_purged_floors":[19],"is_endless":false,"potions_floor_spawned":[7,14,16,29,31,35,44],"killed_by":"Time Eater","ascension_level":15}