{"gold_per_floor":[118,136,86,86,12,46,64,91,139,155,155,169,169,179,179,277,277,292,310,310],"floor_reached":20,"playtime":973,"items_purged":[],"score":214,"play_id":"48741caf-fa0b-486e-aaed-0b77d6b46ff6","local_time":"20180818154408","is_ascension_mode":true,"campfire_choices":[{"floor":11,"key":"REST"},{"floor":13,"key":"REST"},{"data":"Noxious Fumes","floor":15,"key":"SMITH"}],"neow_cost":"","seed_source_timestamp":638387401706059,"circlet_count":0,"master_deck":["Defend_G","Defend_G","Defend_G","Defend_G","Strike_G","Strike_G","Strike_G","Strike_G","Survivor","Neutralize","Noxious Fumes+1","Poisoned Stab","Caltrops","A Thousand Cuts","Crippling Poison","Infinite Blades","Sucker Punch","Catalyst","Accuracy","Corpse Explosion","Crippling Poison"],"relics":["Ring of the Snake","Letter Opener","Blood Vial","Potion Belt","WristBlade"],"potions_floor_usage":[8,8,10,20],"damage_taken":[{"damage":0,"enemies":"Jaw Worm","floor":1,"turns":6},{"damage":10,"enemies":"Small Slimes","floor":2,"turns":4},{"damage":30,"enemies":"3 Sentries","floor":6,"turns":8},{"damage":1,"enemies":"2 Louse","floor":7,"turns":3},{"damage":17,"enemies":"Gremlin Nob","floor":8,"turns":4},{"damage":1,"enemies":"Exordium Wildlife","floor":10,"turns":4},{"damage":7,"enemies":"Large Slime","floor":12,"turns":4},{"damage":0,"enemies":"Blue Slaver","floor":14,"turns":5},{"damage":21,"enemies":"Hexaghost","floor":16,"turns":7},{"damage":32,"enemies":"Spheric Guardian","floor":18,"turns":5},{"damage":30,"enemies":"2 Thieves","floor":19,"turns":3},{"damage":12,"enemies":"Snake Plant","floor":20,"turns":4}],"seed_played":"8551798303487552653","potions_obtained":[{"floor":6,"key":"Fire Potion"},{"floor":7,"key":"Weak Potion"},{"floor":8,"key":"Weak Potion"},{"floor":18,"key":"EssenceOfSteel"}],"is_trial":false,"path_per_floor":["M","M","?","?","$","E","M","E","T","M","R","M","R","M","R","B",null,"M","M"],"character_chosen":"THE_SILENT","items_purchased":["Caltrops"],"campfire_rested":2,"item_purchase_floors":[5],"current_hp_per_floor":[70,60,60,53,53,23,22,5,5,6,27,22,43,45,45,26,70,38,10,0],"gold":310,"neow_bonus":"","is_prod":false,"is_daily":false,"chose_seed":false,"campfire_upgraded":1,"win_rate":0,"timestamp":1534625048,"path_taken":["M","M","?","?","$","E","M","E","T","?","R","M","R","M","R","BOSS","M","M","M"],"build_version":"2018-08-16","purchased_purges":0,"victory":false,"max_hp_per_floor":[70,70,70,70,70,70,70,70,70,70,70,70,70,70,70,70,70,70,70,70],"card_choices":[{"not_picked":["Deadly Poison","Distraction"],"picked":"Noxious Fumes","floor":1},{"not_picked":["Sucker Punch","Dagger Spray"],"picked":"Poisoned Stab","floor":2},{"not_picked":["Eviscerate","Underhanded Strike"],"picked":"A Thousand Cuts","floor":6},{"not_picked":["Underhanded Strike","Caltrops"],"picked":"Crippling Poison","floor":7},{"not_picked":["Phantasmal Killer","Prepared"],"picked":"Infinite Blades","floor":8},{"not_picked":["Bane","Well Laid Plans"],"picked":"Sucker Punch","floor":10},{"not_picked":["Concentrate","Well Laid Plans"],"picked":"Catalyst","floor":12},{"not_picked":["Distraction","Prepared"],"picked":"Accuracy","floor":14},{"not_picked":["A Thousand Cuts","Doppelganger"],"picked":"Corpse Explosion","floor":16},{"not_picked":["Outmaneuver+1","Sucker Punch+1"],"picked":"Crippling Poison","floor":18},{"not_picked":["Riddle With Holes","Eviscerate","Concentrate"],"picked":"SKIP","floor":19}],"player_experience":234506,"relics_obtained":[{"floor":6,"key":"Letter Opener"},{"floor":8,"key":"Blood Vial"},{"floor":9,"key":"Potion Belt"}],"event_choices":[{"event_name":"The Cleric","player_choice":"Card Removal","floor":3,"damage_taken":0},{"event_name":"Golden Wing","player_choice":"Card Removal","floor":4,"damage_taken":0}],"is_beta":false,"boss_relics":[{"not_picked":["Sozu","Velvet Choker"],"picked":"WristBlade"}],"items_purged_floors":[],"is_endless":false,"potions_floor_spawned":[6,7,8,18],"killed_by":"Snake Plant","ascension_level":3}