{"gold_per_floor":[115,115,130,142,159,159,189,189,189,216,216,229,244,256,256,335,335,346,346,122,132,144,144,177,194,194,194,208,208,226,237,237,309,309,326,343,181,281,300,329,343,343,416,435,166,166,166,193,193,193,193,193,31,61,61],"floor_reached":56,"playtime":3940,"items_purged":["Strike_R+1","Strike_R+1"],"score":2044,"play_id":"6f51d246-b0f1-40fa-b142-7ae8803102fa","local_time":"20190413214512","is_ascension_mode":true,"campfire_choices":[{"data":"Battle Trance","floor":6.0,"key":"SMITH"},{"data":"Power Through","floor":8.0,"key":"SMITH"},{"data":"Bash","floor":11.0,"key":"SMITH"},{"data":"Inflame","floor":15.0,"key":"SMITH"},{"data":"Corruption","floor":23.0,"key":"SMITH"},{"floor":27.0,"key":"REST"},{"data":"Uppercut","floor":29.0,"key":"SMITH"},{"data":"Feel No Pain","floor":32.0,"key":"SMITH"},{"data":"Sword Boomerang","floor":42.0,"key":"SMITH"},{"floor":47.0,"key":"RECALL"},{"data":"Pummel","floor":49.0,"key":"SMITH"},{"floor":52.0,"key":"REST"}],"neow_cost":"NONE","seed_source_timestamp":347505731543800,"circlet_count":0,"master_deck":["AscendersBane","Strike_R+1","Strike_R+1","Defend_R+1","Defend_R+1","Defend_R+1","Defend_R+1","Bash+1","Battle Trance+1","Power Through+1","Feel No Pain+1","Cleave","Shockwave+1","Inflame+1","True Grit+1","Feed","Corruption+1","Flame Barrier+1","Uppercut+1","Flame Barrier+1","Limit Break+1","Spot Weakness+1","Pummel+1","Body Slam","Sever Soul","Sword Boomerang+1","Flame Barrier+1","Power Through+1"],"special_seed":0,"relics":["Burning Blood","Toxic Egg 2","Mango","Torii","White Beast Statue","Strange Spoon","Vajra","Pantograph","Snecko Eye","Ginger","Matryoshka","Strawberry","PreservedInsect","Self Forming Clay","Oddly Smooth Stone","Bronze Scales"],"potions_floor_usage":[55,55],"damage_taken":[{"damage":10.0,"enemies":"Small Slimes","floor":1.0,"turns":5.0},{"damage":7.0,"enemies":"Cultist","floor":3.0,"turns":4.0},{"damage":2.0,"enemies":"2 Louse","floor":4.0,"turns":3.0},{"damage":7.0,"enemies":"2 Fungi Beasts","floor":5.0,"turns":5.0},{"damage":32.0,"enemies":"Gremlin Nob","floor":7.0,"turns":4.0},{"damage":15.0,"enemies":"Lagavulin","floor":10.0,"turns":7.0},{"damage":2.0,"enemies":"Blue Slaver","floor":12.0,"turns":5.0},{"damage":21.0,"enemies":"Exordium Thugs","floor":13.0,"turns":5.0},{"damage":2.0,"enemies":"2 Fungi Beasts","floor":14.0,"turns":4.0},{"damage":25.0,"enemies":"The Guardian","floor":16.0,"turns":14.0},{"damage":13.0,"enemies":"Chosen","floor":18.0,"turns":6.0},{"damage":14.0,"enemies":"Shell Parasite","floor":21.0,"turns":5.0},{"damage":7.0,"enemies":"Centurion and Healer","floor":22.0,"turns":7.0},{"damage":58.0,"enemies":"Gremlin Leader","floor":24.0,"turns":9.0},{"damage":15.0,"enemies":"Shelled Parasite and Fungi","floor":25.0,"turns":6.0},{"damage":0.0,"enemies":"3 Cultists","floor":28.0,"turns":5.0},{"damage":8.0,"enemies":"Centurion and Healer","floor":30.0,"turns":6.0},{"damage":7.0,"enemies":"Sentry and Sphere","floor":31.0,"turns":7.0},{"damage":22.0,"enemies":"Automaton","floor":33.0,"turns":8.0},{"damage":0.0,"enemies":"Orb Walker","floor":35.0,"turns":2.0},{"damage":40.0,"enemies":"3 Darklings","floor":36.0,"turns":5.0},{"damage":0.0,"enemies":"Mind Bloom Boss Battle","floor":38.0,"turns":5.0},{"damage":0.0,"enemies":"Transient","floor":39.0,"turns":6.0},{"damage":11.0,"enemies":"Giant Head","floor":40.0,"turns":7.0},{"damage":7.0,"enemies":"Writhing Mass","floor":41.0,"turns":7.0},{"damage":5.0,"enemies":"4 Shapes","floor":44.0,"turns":6.0},{"damage":18.0,"enemies":"Nemesis","floor":48.0,"turns":10.0},{"damage":30.0,"enemies":"Time Eater","floor":50.0,"turns":7.0},{"damage":51,"enemies":"Shield and Spear","floor":54,"turns":10},{"damage":75,"enemies":"The Heart","floor":55,"turns":11}],"seed_played":"8012612685594717821","potions_obtained":[{"floor":0.0,"key":"Swift Potion"},{"floor":0.0,"key":"Fire Potion"},{"floor":10.0,"key":"EssenceOfSteel"},{"floor":18.0,"key":"Fire Potion"},{"floor":21.0,"key":"SkillPotion"},{"floor":24.0,"key":"Dexterity Potion"},{"floor":25.0,"key":"Energy Potion"},{"floor":28.0,"key":"Fire Potion"},{"floor":33.0,"key":"PowerPotion"},{"floor":36.0,"key":"Block Potion"},{"floor":44.0,"key":"AttackPotion"},{"floor":48.0,"key":"AttackPotion"}],"is_trial":false,"path_per_floor":["M","?","M","M","M","R","E","R","T","E","R","M","M","M","R","B",null,"M","?","$","M","M","R","E","M","T","R","M","R","M","M","R","B",null,"M","M","$","?","M","E","M","R","T","M","$","?","R","E","R","B",null,"R","$","E","B",null],"character_chosen":"IRONCLAD","items_purchased":["Strange Spoon","Sever Soul","PreservedInsect","Oddly Smooth Stone"],"campfire_rested":2,"item_purchase_floors":[20,37,45,53],"current_hp_per_floor":[64,64,63,67,66,66,40,40,54,45,45,49,34,38,38,19,72,68,68,68,63,68,68,19,13,13,45,54,54,55,60,60,69,107,116,82,82,116,122,120,119,119,126,130,130,130,130,118,118,107,125,131,131,89,45],"gold":61,"neow_bonus":"THREE_SMALL_POTIONS","is_prod":false,"is_daily":false,"chose_seed":false,"campfire_upgraded":9,"win_rate":0,"timestamp":1555217112,"path_taken":["M","?","M","M","?","R","E","R","T","E","R","M","M","M","R","BOSS","M","?","$","M","M","R","E","M","T","R","M","R","M","M","R","BOSS","M","M","$","?","M","E","M","R","T","M","$","?","R","E","R","BOSS","R","$","E","BOSS"],"build_version":"2019-01-23","purchased_purges":2,"victory":true,"max_hp_per_floor":[75,75,75,75,75,75,75,75,89,89,89,89,89,89,89,89,89,92,92,92,95,101,101,104,107,107,107,110,110,113,119,119,119,119,122,122,122,125,125,128,128,128,135,138,138,131,131,131,131,131,131,131,131,134,134],"card_choices":[{"not_picked":["Headbutt","Clash"],"picked":"Battle Trance","floor":1.0},{"not_picked":["Perfected Strike","Havoc"],"picked":"Power Through","floor":3.0},{"not_picked":["Rage","Thunderclap"],"picked":"Feel No Pain","floor":4.0},{"not_picked":["Anger","Searing Blow"],"picked":"Cleave","floor":5.0},{"not_picked":["Demon Form","Havoc"],"picked":"Shockwave","floor":7.0},{"not_picked":["Searing Blow","Whirlwind","Pommel Strike"],"picked":"SKIP","floor":10.0},{"not_picked":["Infernal Blade+1","Rupture","Thunderclap"],"picked":"SKIP","floor":12.0},{"not_picked":["Headbutt","Heavy Blade"],"picked":"Inflame","floor":13.0},{"not_picked":["Berserk","Headbutt"],"picked":"True Grit+1","floor":14.0},{"not_picked":["Barricade","Demon Form"],"picked":"Feed","floor":16.0},{"not_picked":["Blood for Blood","Clash"],"picked":"Corruption","floor":18.0},{"not_picked":["Burning Pact+1","Iron Wave"],"picked":"Flame Barrier+1","floor":21.0},{"not_picked":["Combust","Iron Wave","Twin Strike"],"picked":"SKIP","floor":22.0},{"not_picked":["Anger","Body Slam"],"picked":"Uppercut","floor":24.0},{"not_picked":["Sword Boomerang","Heavy Blade"],"picked":"Flame Barrier+1","floor":25.0},{"not_picked":["Anger","Warcry+1"],"picked":"Limit Break+1","floor":28.0},{"not_picked":["Twin Strike+1","Armaments+1","Spot Weakness+1"],"picked":"SKIP","floor":30.0},{"not_picked":["Twin Strike+1","Armaments+1"],"picked":"Spot Weakness+1","floor":30.0},{"not_picked":["Anger","Wild Strike"],"picked":"Pummel","floor":31.0},{"not_picked":["Warcry+1","Perfected Strike+1"],"picked":"Body Slam","floor":35.0},{"not_picked":["Twin Strike","True Grit+1","Anger+1"],"picked":"SKIP","floor":36.0},{"not_picked":["Wild Strike","Havoc+1"],"picked":"Sword Boomerang","floor":38.0},{"not_picked":["Headbutt+1","Thunderclap+1"],"picked":"Flame Barrier+1","floor":39.0},{"not_picked":["Hemokinesis+1","Flex+1","Rage+1"],"picked":"SKIP","floor":40.0},{"not_picked":["Juggernaut","Body Slam","Wild Strike"],"picked":"SKIP","floor":41.0},{"not_picked":["Flex+1","Headbutt"],"picked":"Power Through+1","floor":44.0},{"not_picked":["Armaments+1","Seeing Red+1","Clothesline"],"picked":"SKIP","floor":48.0},{"not_picked":["Perfected Strike+1","Berserk","Twin Strike"],"picked":"SKIP","floor":54}],"player_experience":553626,"relics_obtained":[{"floor":7.0,"key":"Toxic Egg 2"},{"floor":9.0,"key":"Mango"},{"floor":10.0,"key":"Torii"},{"floor":24.0,"key":"Vajra"},{"floor":26.0,"key":"Pantograph"},{"floor":38.0,"key":"Ginger"},{"floor":40.0,"key":"Matryoshka"},{"floor":43.0,"key":"Strawberry"},{"floor":48.0,"key":"Self Forming Clay"},{"floor":54,"key":"Bronze Scales"}],"event_choices":[{"cards_removed":["Strike_R"],"damage_healed":0.0,"max_hp_gain":0.0,"max_hp_loss":0.0,"gold_gain":0.0,"event_name":"Bonfire Elementals","player_choice":"Offered Basic","floor":2.0,"gold_loss":0.0,"damage_taken":0.0},{"damage_healed":0.0,"max_hp_gain":0.0,"max_hp_loss":0.0,"gold_gain":0.0,"event_name":"Back to Basics","player_choice":"Simplicity","floor":19.0,"gold_loss":0.0,"damage_taken":0.0,"cards_upgraded":["Strike_R","Strike_R","Strike_R","Strike_R","Defend_R","Defend_R","Defend_R","Defend_R"]},{"damage_healed":0.0,"max_hp_gain":0.0,"max_hp_loss":0.0,"gold_gain":0.0,"event_name":"MindBloom","player_choice":"Fight","floor":38.0,"gold_loss":0.0,"damage_taken":0.0},{"damage_healed":0.0,"max_hp_gain":0.0,"max_hp_loss":7.0,"gold_gain":0.0,"event_name":"Winding Halls","player_choice":"Max HP","floor":46.0,"gold_loss":0.0,"damage_taken":0.0}],"is_beta":false,"boss_relics":[{"not_picked":["Runic Dome","Fusion Hammer"],"picked":"White Beast Statue"},{"not_picked":["Runic Pyramid","Calling Bell"],"picked":"Snecko Eye"}],"items_purged_floors":[37,45],"is_endless":false,"potions_floor_spawned":[1,4,10,18,21,22,24,25,28,30,31,33,35,36,38,39,40,41,44,48,54],"ascension_level":18}