{"gold_per_floor":[212,128,140,151,116,146,146,166,166,166,197,197,226,239,239,239],"floor_reached":16,"playtime":1153,"items_purged":[],"score":228,"play_id":"13abf9b1-970c-4426-9606-78618aeaebb6","local_time":"20181224115303","is_ascension_mode":true,"campfire_choices":[{"floor":7,"key":"REST"},{"floor":10,"key":"REST"},{"floor":12,"key":"REST"},{"floor":15,"key":"REST"}],"neow_cost":"NONE","seed_source_timestamp":21193015217352,"circlet_count":0,"master_deck":["AscendersBane","Defend_G","Defend_G","Defend_G","Defend_G","Defend_G","Strike_G","Strike_G","Strike_G","Strike_G","Strike_G","Survivor","Neutralize","Poisoned Stab","Noxious Fumes","Dagger Spray","Dodge and Roll","Deflect","Unload+1","Noxious Fumes+1","Poisoned Stab+1"],"relics":["Ring of the Snake","Bottled Tornado","Sundial","Molten Egg 2","Frozen Egg 2"],"potions_floor_usage":[6,14,16],"damage_taken":[{"damage":5,"enemies":"2 Louse","floor":1,"turns":4},{"damage":6,"enemies":"Cultist","floor":3,"turns":5},{"damage":12,"enemies":"Jaw Worm","floor":4,"turns":5},{"damage":32,"enemies":"Gremlin Nob","floor":6,"turns":5},{"damage":12,"enemies":"Large Slime","floor":8,"turns":7},{"damage":40,"enemies":"3 Sentries","floor":11,"turns":8},{"damage":41,"enemies":"Lagavulin","floor":13,"turns":6},{"damage":3,"enemies":"Looter","floor":14,"turns":3},{"damage":23,"enemies":"Slime Boss","floor":16,"turns":6}],"seed_played":"8735771967291507176","potions_obtained":[{"floor":4,"key":"GhostInAJar"},{"floor":6,"key":"FairyPotion"},{"floor":13,"key":"Swift Potion"},{"floor":14,"key":"Swift Potion"}],"is_trial":false,"path_per_floor":["M","$","M","M","?","E","R","M","T","R","E","R","E","M","R","B"],"character_chosen":"THE_SILENT","items_purchased":["Noxious Fumes"],"campfire_rested":4,"item_purchase_floors":[2],"current_hp_per_floor":[54,54,48,36,52,20,39,27,27,46,6,25,6,3,22,0],"gold":239,"neow_bonus":"HUNDRED_GOLD","is_prod":false,"is_daily":false,"chose_seed":false,"campfire_upgraded":0,"win_rate":0,"timestamp":1545681183,"path_taken":["M","$","M","M","?","E","R","M","T","R","E","R","E","M","R","BOSS"],"build_version":"2018-12-20","purchased_purges":0,"victory":false,"max_hp_per_floor":[66,66,66,66,66,66,66,66,66,66,66,66,66,66,66,66],"card_choices":[{"not_picked":["Bane","Crippling Poison"],"picked":"Poisoned Stab","floor":1},{"not_picked":["PiercingWail","Tactician"],"picked":"Dagger Spray","floor":3},{"not_picked":["Dagger Throw","Quick Slash"],"picked":"Dodge and Roll","floor":4},{"not_picked":["Bane","Riddle With Holes"],"picked":"Deflect","floor":6},{"not_picked":["Calculated Gamble","Outmaneuver","Finisher"],"picked":"SKIP","floor":8},{"not_picked":["Deflect","Flying Knee"],"picked":"Unload","floor":11},{"not_picked":["Acrobatics","Prepared"],"picked":"Noxious Fumes","floor":13},{"not_picked":["Setup","Deadly Poison"],"picked":"Poisoned Stab+1","floor":14}],"player_experience":688691,"relics_obtained":[{"floor":6,"key":"Bottled Tornado"},{"floor":9,"key":"Sundial"},{"floor":11,"key":"Molten Egg 2"},{"floor":13,"key":"Frozen Egg 2"}],"event_choices":[{"damage_healed":16,"gold_gain":0,"player_choice":"Healed","damage_taken":0,"max_hp_gain":0,"max_hp_loss":0,"event_name":"The Cleric","floor":5,"gold_loss":35}],"is_beta":false,"boss_relics":[],"items_purged_floors":[],"is_endless":false,"potions_floor_spawned":[4,6,13,14],"killed_by":"Slime Boss","ascension_level":18}