{"gold_per_floor":[117,117,127,107,117,117,128,128,128,147,158,175,175,188,188,283,283,297,297,58,48,48,48,76,76,76,94,113,125,139,139,139,236,236,249,249,260,260,25,41,41,55,79,107,107,107,107,119,119,119],"floor_reached":50,"playtime":2605,"items_purged":[],"score":538,"play_id":"e4d98889-7972-4f4c-8f00-a5b3dd9350c2","local_time":"20190404145511","is_ascension_mode":false,"campfire_choices":[{"data":"Genetic Algorithm","floor":6.0,"key":"SMITH"},{"data":"Biased Cognition","floor":8.0,"key":"SMITH"},{"floor":13.0,"key":"REST"},{"floor":15.0,"key":"REST"},{"data":"Loop","floor":23.0,"key":"SMITH"},{"data":"Seek","floor":25.0,"key":"SMITH"},{"floor":32.0,"key":"REST"},{"data":"Static Discharge","floor":41.0,"key":"SMITH"},{"data":"Enlightenment","floor":45.0,"key":"SMITH"},{"floor":49,"key":"REST"}],"neow_cost":"NONE","seed_source_timestamp":0,"circlet_count":0,"master_deck":["Strike_B+1","Strike_B+1","Strike_B+1","Strike_B+1","Defend_B+1","Defend_B+1","Defend_B+1","Zap+1","Dualcast+1","Biased Cognition+1","Ball Lightning+1","Genetic Algorithm+1","Redo+1","Beam Cell+1","Amplify+1","Ball Lightning+1","Seek+1","Redo+1","Loop+1","Tempest+1","Beam Cell+1","Electrodynamics+1","Barrage+1","Sunder","Secret Technique","Enlightenment+1","Static Discharge+1","Redo+1","Seek"],"special_seed":0,"relics":["Cracked Core","Question Card","Dodecahedron","Inserter","War Paint","Lee\u0027s Waffle","Pear","Calipers","Bottled Lightning","White Beast Statue","Mark of the Bloom","Orichalcum","Bag of Marbles","Nunchaku"],"potions_floor_usage":[48,50,50,50],"damage_taken":[{"damage":9.0,"enemies":"2 Louse","floor":1.0,"turns":3.0},{"damage":11.0,"enemies":"Jaw Worm","floor":3.0,"turns":3.0},{"damage":0.0,"enemies":"Cultist","floor":5.0,"turns":2.0},{"damage":5.0,"enemies":"Exordium Wildlife","floor":7.0,"turns":4.0},{"damage":7.0,"enemies":"2 Fungi Beasts","floor":10.0,"turns":3.0},{"damage":11.0,"enemies":"Lots of Slimes","floor":11.0,"turns":3.0},{"damage":2.0,"enemies":"Blue Slaver","floor":12.0,"turns":2.0},{"damage":18.0,"enemies":"3 Louse","floor":14.0,"turns":2.0},{"damage":32.0,"enemies":"Hexaghost","floor":16.0,"turns":6.0},{"damage":0.0,"enemies":"Chosen","floor":18.0,"turns":3.0},{"damage":15.0,"enemies":"2 Thieves","floor":21.0,"turns":4.0},{"damage":34.0,"enemies":"Book of Stabbing","floor":24.0,"turns":4.0},{"damage":10.0,"enemies":"Snecko","floor":27.0,"turns":3.0},{"damage":20.0,"enemies":"Centurion and Healer","floor":28.0,"turns":2.0},{"damage":12.0,"enemies":"3 Cultists","floor":29.0,"turns":3.0},{"damage":0.0,"enemies":"Snecko","floor":30.0,"turns":2.0},{"damage":36.0,"enemies":"Collector","floor":33.0,"turns":6.0},{"damage":0.0,"enemies":"3 Shapes","floor":35.0,"turns":1.0},{"damage":0.0,"enemies":"3 Darklings","floor":37.0,"turns":1.0},{"damage":2.0,"enemies":"Spire Growth","floor":40.0,"turns":3.0},{"damage":10.0,"enemies":"Maw","floor":42.0,"turns":5.0},{"damage":0.0,"enemies":"Nemesis","floor":44.0,"turns":3.0},{"damage":15,"enemies":"Writhing Mass","floor":48,"turns":2},{"damage":66,"enemies":"Awakened One","floor":50,"turns":6}],"seed_played":"-2808481336357853461","potions_obtained":[{"floor":5.0,"key":"Ancient Potion"},{"floor":10.0,"key":"GamblersBrew"},{"floor":11.0,"key":"LiquidBronze"},{"floor":16.0,"key":"Dexterity Potion"},{"floor":18.0,"key":"SneckoOil"},{"floor":29.0,"key":"Swift Potion"},{"floor":30.0,"key":"AttackPotion"},{"floor":33.0,"key":"AttackPotion"},{"floor":35.0,"key":"FearPotion"},{"floor":37.0,"key":"Fire Potion"},{"floor":40.0,"key":"FearPotion"},{"floor":42.0,"key":"Dexterity Potion"},{"floor":48,"key":"FocusPotion"}],"is_trial":false,"path_per_floor":["?","?","M","M","?","?","M","?","?","?","?"],"character_chosen":"DEFECT","items_purchased":["Loop","Lee\u0027s Waffle","Orichalcum","Enlightenment"],"campfire_rested":4,"item_purchase_floors":[20,20,39,39],"current_hp_per_floor":[66,63,52,52,52,52,47,47,47,40,29,27,49,31,53,21,75,75,75,82,67,77,77,43,43,43,33,13,1,1,31,58,22,92,92,92,92,92,92,90,90,80,80,80,80,80,80,65,65,0],"gold":119,"neow_bonus":"ONE_RANDOM_RARE_CARD","is_prod":false,"is_daily":false,"chose_seed":false,"campfire_upgraded":6,"win_rate":0.0,"timestamp":1554400511,"path_taken":["M","?","M","?","M","R","M","R","T","M","M","?","R","?","R","BOSS","M","?","$","M","?","R","E","R","T","M","M","?","M","?","R","BOSS","M","?","M","?","$","M","R","M","T","E","R","$","?","M","R","BOSS"],"build_version":"2019-01-23","purchased_purges":0,"victory":false,"max_hp_per_floor":[75,75,75,75,75,75,75,75,75,75,75,75,75,75,75,75,75,75,75,82,82,92,92,92,92,92,92,92,92,92,92,92,92,92,92,92,92,92,92,92,92,92,92,92,92,92,92,92,92,92],"card_choices":[{"not_picked":["Streamline","Rip and Tear","Go for the Eyes"],"picked":"SKIP","floor":1.0},{"not_picked":["Hologram","Turbo","Streamline"],"picked":"Ball Lightning","floor":3.0},{"not_picked":["Steam","Biased Cognition","Sweeping Beam"],"picked":"Genetic Algorithm","floor":5.0},{"not_picked":["Rebound","Capacitor","Reinforced Body"],"picked":"Redo","floor":7.0},{"not_picked":["Barrage","Skim","Fusion"],"picked":"Beam Cell","floor":10.0},{"not_picked":["Compile Driver","Force Field","Darkness"],"picked":"Amplify","floor":11.0},{"not_picked":["Gash","Streamline","Go for the Eyes"],"picked":"Ball Lightning","floor":12.0},{"not_picked":["Chill","Compile Driver","Barrage","Skim"],"picked":"SKIP","floor":14.0},{"not_picked":["Machine Learning","Amplify","Echo Form"],"picked":"Seek","floor":16.0},{"not_picked":["Conserve Battery","Barrage","Ball Lightning"],"picked":"Redo+1","floor":18.0},{"not_picked":["Redo","Gash","Heatsinks"],"picked":"Tempest+1","floor":21.0},{"not_picked":["Rebound","Steam","Scrape"],"picked":"Beam Cell","floor":24.0},{"not_picked":["Glacier","Go for the Eyes","Rainbow","Force Field"],"picked":"SKIP","floor":27.0},{"not_picked":["Scrape","Hologram","Beam Cell","Cold Snap"],"picked":"SKIP","floor":28.0},{"not_picked":["Turbo","Compile Driver","Chill","Darkness"],"picked":"SKIP","floor":29.0},{"not_picked":["Hello World","Go for the Eyes+1","Beam Cell","Meteor Strike"],"picked":"SKIP","floor":30.0},{"not_picked":["All For One","Echo Form","Thunder Strike"],"picked":"Electrodynamics","floor":33.0},{"not_picked":["Steam","Beam Cell","Doom and Gloom"],"picked":"Barrage+1","floor":35.0},{"not_picked":["Tempest+1","Loop+1","Ball Lightning+1"],"picked":"Sunder","floor":37.0},{"not_picked":["PanicButton","Good Instincts","Mind Blast"],"picked":"Secret Technique","floor":38.0},{"not_picked":["Consume","Compile Driver","Sunder"],"picked":"Static Discharge","floor":40.0},{"not_picked":["Tempest+1","Conserve Battery","Compile Driver","Doom and Gloom"],"picked":"SKIP","floor":42.0},{"not_picked":["Self Repair+1","Compile Driver","Sweeping Beam"],"picked":"Redo+1","floor":44.0},{"not_picked":["Hologram","Beam Cell+1","Conserve Battery"],"picked":"Seek","floor":48}],"player_experience":10785,"relics_obtained":[{"floor":9.0,"key":"Dodecahedron"},{"floor":24.0,"key":"Calipers"},{"floor":26.0,"key":"Bottled Lightning"},{"floor":43.0,"key":"Bag of Marbles"},{"floor":44.0,"key":"Nunchaku"}],"event_choices":[{"damage_healed":0.0,"max_hp_gain":0.0,"max_hp_loss":0.0,"gold_gain":0.0,"event_name":"Scrap Ooze","player_choice":"Success","floor":2.0,"gold_loss":0.0,"damage_taken":3.0,"relics_obtained":["Question Card"]},{"damage_healed":0.0,"max_hp_gain":0.0,"max_hp_loss":0.0,"gold_gain":0.0,"event_name":"World of Goop","player_choice":"Left Gold","floor":4.0,"gold_loss":20.0,"damage_taken":0.0},{"damage_healed":0.0,"max_hp_gain":0.0,"max_hp_loss":0.0,"gold_gain":0.0,"event_name":"The Mausoleum","player_choice":"Opened","floor":19.0,"gold_loss":0.0,"damage_taken":0.0,"relics_obtained":["War Paint"]},{"damage_healed":0.0,"max_hp_gain":0.0,"max_hp_loss":0.0,"gold_gain":0.0,"event_name":"WeMeetAgain","player_choice":"Gave Potion","floor":22.0,"gold_loss":0.0,"damage_taken":0.0,"relics_obtained":["Pear"]},{"damage_healed":30.0,"max_hp_gain":0.0,"max_hp_loss":0.0,"gold_gain":0.0,"event_name":"The Library","player_choice":"Heal","floor":31.0,"gold_loss":0.0,"damage_taken":0.0},{"damage_healed":0.0,"max_hp_gain":0.0,"max_hp_loss":0.0,"gold_gain":0.0,"event_name":"MindBloom","player_choice":"Upgrade","floor":36.0,"gold_loss":0.0,"damage_taken":0.0,"cards_upgraded":["Strike_B","Strike_B","Strike_B","Strike_B","Defend_B","Defend_B","Defend_B","Defend_B","Zap","Dualcast","Ball Lightning","Beam Cell","Ball Lightning","Beam Cell","Electrodynamics"],"relics_obtained":["Mark of the Bloom"]},{"damage_healed":0.0,"max_hp_gain":0.0,"max_hp_loss":0.0,"gold_gain":0.0,"event_name":"SensoryStone","player_choice":"Memory 1","floor":38.0,"gold_loss":0.0,"damage_taken":0.0},{"cards_removed":["Defend_B"],"damage_healed":0.0,"max_hp_gain":0.0,"max_hp_loss":0.0,"gold_gain":0.0,"event_name":"Falling","player_choice":"Removed Skill","floor":47.0,"gold_loss":0.0,"damage_taken":0.0}],"is_beta":false,"boss_relics":[{"not_picked":["Orrery","Lizard Tail"],"picked":"Inserter"},{"not_picked":["Cursed Key","Coffee Dripper"],"picked":"White Beast Statue"}],"items_purged_floors":[],"is_endless":false,"potions_floor_spawned":[5,10,11,12,16,18,29,30,33,35,37,40,42,44,48],"killed_by":"Awakened One","ascension_level":0}