{"gold_per_floor":[109,120,0,15,33,33,66,66,93,93,113,113,142,157,157,261,261,280,11,21,31,31],"floor_reached":22,"playtime":1560,"items_purged":["Strike_G","Strike_G"],"score":287,"play_id":"0d52883d-6a2c-42ad-a238-422334ba4e14","local_time":"20180807113730","is_ascension_mode":true,"campfire_choices":[{"data":"Neutralize","floor":6,"key":"SMITH"},{"floor":10,"key":"REST"},{"data":"A Thousand Cuts","floor":12,"key":"SMITH"},{"data":"Quick Slash","floor":15,"key":"SMITH"}],"neow_cost":"NONE","seed_source_timestamp":1294126905458456,"circlet_count":0,"master_deck":["Defend_G","Defend_G","Defend_G","Defend_G","Defend_G","Strike_G","Strike_G","Strike_G","Survivor","Neutralize+1","Quick Slash+1","Slice","Slice","A Thousand Cuts+1","Infinite Blades","Backflip","Adrenaline","Noxious Fumes","Infinite Blades","Accuracy"],"relics":["Lizard Tail","Potion Belt","Regal Pillow","Bronze Scales","Fusion Hammer","Tiny Chest"],"potions_floor_usage":[7,16,16,16,16,21,21],"damage_taken":[{"damage":6,"enemies":"Cultist","floor":1,"turns":6},{"damage":0,"enemies":"Small Slimes","floor":2,"turns":4},{"damage":0,"enemies":"2 Louse","floor":4,"turns":2},{"damage":0,"enemies":"Looter","floor":5,"turns":4},{"damage":40,"enemies":"Lagavulin","floor":7,"turns":11},{"damage":7,"enemies":"Large Slime","floor":11,"turns":10},{"damage":16,"enemies":"Gremlin Nob","floor":13,"turns":4},{"damage":5,"enemies":"2 Fungi Beasts","floor":14,"turns":3},{"damage":5,"enemies":"Slime Boss","floor":16,"turns":8},{"damage":23,"enemies":"2 Thieves","floor":18,"turns":4},{"damage":6,"enemies":"Spheric Guardian","floor":20,"turns":3},{"damage":25,"enemies":"Snake Plant","floor":21,"turns":4},{"damage":0,"enemies":"Centurion and Healer","floor":22,"turns":1}],"seed_played":"-2402350479699480878","potions_obtained":[{"floor":2,"key":"Block Potion"},{"floor":8,"key":"SmokeBomb"},{"floor":8,"key":"EssenceOfSteel"},{"floor":8,"key":"EssenceOfSteel"},{"floor":11,"key":"GamblersBrew"},{"floor":13,"key":"PowerPotion"},{"floor":14,"key":"PowerPotion"},{"floor":16,"key":"SkillPotion"},{"floor":18,"key":"GamblersBrew"},{"floor":20,"key":"Block Potion"}],"is_trial":false,"path_per_floor":["M","M","$","M","M","R","E","?","T","R","M","R","E","M","R","B",null,"M","$","M","M"],"character_chosen":"THE_SILENT","items_purchased":["Slice","Tiny Chest","Fire Potion"],"campfire_rested":1,"item_purchase_floors":[3,19,19],"current_hp_per_floor":[57,57,57,57,57,57,17,17,17,53,46,46,30,25,25,20,58,35,35,29,4,4],"gold":31,"neow_bonus":"BOSS_RELIC","is_prod":false,"is_daily":false,"chose_seed":false,"campfire_upgraded":3,"win_rate":0,"timestamp":1533667050,"path_taken":["M","M","$","M","?","R","E","?","T","R","M","R","E","M","R","BOSS","M","$","M","M","M"],"build_version":"2018-08-02","purchased_purges":2,"victory":false,"max_hp_per_floor":[70,70,70,70,70,70,70,70,70,70,70,70,70,70,70,70,70,70,70,70,70,70],"card_choices":[{"not_picked":["Underhanded Strike","Outmaneuver"],"picked":"Quick Slash","floor":1},{"not_picked":["Acrobatics","Blade Dance","PiercingWail"],"picked":"SKIP","floor":2},{"not_picked":["Escape Plan","Acrobatics"],"picked":"Slice","floor":4},{"not_picked":["Prepared","Catalyst","Setup"],"picked":"SKIP","floor":5},{"not_picked":["Storm of Steel","Bouncing Flask"],"picked":"A Thousand Cuts","floor":7},{"not_picked":["Blade Dance","Deadly Poison","Bane"],"picked":"SKIP","floor":11},{"not_picked":["Prepared","Deadly Poison"],"picked":"Infinite Blades","floor":13},{"not_picked":["Bane","Acrobatics"],"picked":"Backflip","floor":14},{"not_picked":["Corpse Explosion","Bullet Time"],"picked":"Adrenaline","floor":16},{"not_picked":["Bane","Underhanded Strike"],"picked":"Noxious Fumes","floor":18},{"not_picked":["Tactician","Dagger Spray"],"picked":"Infinite Blades","floor":20},{"not_picked":["Tactician","Prepared"],"picked":"Accuracy","floor":21}],"player_experience":339668,"relics_obtained":[{"floor":7,"key":"Potion Belt"},{"floor":9,"key":"Regal Pillow"},{"floor":13,"key":"Bronze Scales"}],"event_choices":[{"event_name":"The Lab","player_choice":"Got Potions","floor":8,"damage_taken":0}],"is_beta":false,"boss_relics":[{"not_picked":["Philosopher\u0027s Stone","White Beast Statue"],"picked":"Fusion Hammer"}],"items_purged_floors":[3,19],"is_endless":false,"potions_floor_spawned":[2,11,13,14,16,18,20],"killed_by":"Centurion and Healer","ascension_level":9}