{"gold_per_floor":[118,118,138,313,388,388,423,423,423,423,456,469,480,499,499,499],"floor_reached":16,"playtime":704,"items_purged":[],"score":180,"play_id":"e87d66b9-1823-42b8-bdcc-5bf1ade9c5f9","local_time":"20181225180758","is_ascension_mode":true,"campfire_choices":[{"data":"Shockwave","floor":6,"key":"SMITH"},{"data":"Pommel Strike","floor":8,"key":"SMITH"},{"data":"Barricade","floor":15,"key":"SMITH"}],"neow_cost":"NONE","seed_source_timestamp":280149823760918,"circlet_count":0,"master_deck":["Strike_R","Strike_R","Strike_R","Strike_R","Strike_R","Defend_R","Defend_R","Defend_R","Defend_R","Bash","Shockwave+1","Doubt","Pommel Strike+1","Hemokinesis","Barricade+1","Second Wind"],"relics":["Burning Blood","NeowsBlessing","Pear","Lantern","Dodecahedron","Juzu Bracelet"],"potions_floor_usage":[16,16],"damage_taken":[{"damage":0,"enemies":"Small Slimes","floor":1,"turns":1},{"damage":0,"enemies":"Cultist","floor":3,"turns":1},{"damage":0,"enemies":"3 Sentries","floor":7,"turns":1},{"damage":42,"enemies":"Lagavulin","floor":11,"turns":9},{"damage":3,"enemies":"2 Louse","floor":12,"turns":1},{"damage":20,"enemies":"Large Slime","floor":13,"turns":7},{"damage":10,"enemies":"3 Louse","floor":14,"turns":3},{"damage":45,"enemies":"Slime Boss","floor":16,"turns":8}],"seed_played":"-4172565851143153013","potions_obtained":[{"floor":1,"key":"Swift Potion"},{"floor":12,"key":"Swift Potion"}],"is_trial":false,"path_per_floor":["M","?","M","?","?","R","E","R","T","?","E","M","M","M","R","B"],"character_chosen":"IRONCLAD","items_purchased":[],"campfire_rested":0,"item_purchase_floors":[],"current_hp_per_floor":[80,90,90,90,79,79,85,85,85,90,54,57,43,39,39,0],"gold":499,"neow_bonus":"THREE_ENEMY_KILL","is_prod":false,"is_daily":false,"chose_seed":false,"campfire_upgraded":3,"win_rate":0,"timestamp":1545728878,"path_taken":["M","?","?","?","?","R","E","R","T","?","E","M","M","M","R","BOSS"],"build_version":"2018-12-20","purchased_purges":0,"victory":false,"max_hp_per_floor":[80,90,90,90,90,90,90,90,90,95,95,95,95,95,95,95],"card_choices":[{"not_picked":["Body Slam","Pommel Strike"],"picked":"Shockwave","floor":1},{"not_picked":["Cleave","Iron Wave","Clash"],"picked":"SKIP","floor":3},{"not_picked":["Metallicize","Inflame"],"picked":"Pommel Strike","floor":7},{"not_picked":["Battle Trance","Flex"],"picked":"Hemokinesis","floor":11},{"not_picked":["Armaments","Ghostly Armor"],"picked":"Barricade","floor":12},{"not_picked":["Reckless Charge","Twin Strike","Flex"],"picked":"SKIP","floor":13},{"not_picked":["Iron Wave","Thunderclap"],"picked":"Second Wind","floor":14}],"player_experience":59019,"relics_obtained":[{"floor":2,"key":"Pear"},{"floor":7,"key":"Lantern"},{"floor":9,"key":"Dodecahedron"},{"floor":11,"key":"Juzu Bracelet"}],"event_choices":[{"damage_healed":0,"gold_gain":0,"player_choice":"Relic","damage_taken":0,"max_hp_gain":0,"max_hp_loss":0,"event_name":"Wheel of Change","floor":2,"gold_loss":0},{"damage_healed":0,"gold_gain":175,"player_choice":"AGREE","damage_taken":0,"max_hp_gain":0,"max_hp_loss":0,"event_name":"Liars Game","floor":4,"gold_loss":0,"cards_obtained":["Doubt"]},{"damage_healed":0,"gold_gain":75,"player_choice":"Gather Gold","damage_taken":11,"max_hp_gain":0,"max_hp_loss":0,"event_name":"World of Goop","floor":5,"gold_loss":0},{"damage_healed":0,"gold_gain":0,"player_choice":"Donut","damage_taken":0,"max_hp_gain":5,"max_hp_loss":0,"event_name":"Big Fish","floor":10,"gold_loss":0}],"is_beta":false,"boss_relics":[],"items_purged_floors":[],"is_endless":false,"potions_floor_spawned":[1,12],"killed_by":"Slime Boss","ascension_level":3}