{"gold_per_floor":[117,130,4,20,20,20,49,49,73,38,68,84,95,124,124,226,226,237,254,270,270,270],"floor_reached":22,"playtime":1827,"items_purged":[],"score":319,"play_id":"bce5f209-ad77-4a5a-bb1b-89b40254bc8d","local_time":"20180809152845","is_ascension_mode":true,"campfire_choices":[{"data":"Neutralize","floor":6,"key":"SMITH"},{"data":"Dagger Spray","floor":8,"key":"SMITH"},{"data":"Footwork","floor":15,"key":"SMITH"}],"neow_cost":"NONE","seed_source_timestamp":1480531541024246,"circlet_count":0,"master_deck":["Defend_G","Defend_G","Defend_G","Defend_G","Defend_G","Strike_G","Strike_G+1","Strike_G","Strike_G","Strike_G","Survivor","Neutralize+1","AscendersBane","Dagger Spray+1","Noxious Fumes","Slice","Sucker Punch+1","Backstab","Adrenaline","Dodge and Roll","Footwork+1","Slice","Tools of the Trade","Noxious Fumes","Leg Sweep","Leg Sweep"],"relics":["Ring of the Snake","NeowsBlessing","Strawberry","Omamori","Orichalcum","Blue Candle","Whetstone","Sozu"],"potions_floor_usage":[7,7,14],"damage_taken":[{"damage":0,"enemies":"Cultist","floor":1,"turns":1},{"damage":0,"enemies":"Small Slimes","floor":2,"turns":1},{"damage":0,"enemies":"2 Louse","floor":4,"turns":1},{"damage":18,"enemies":"Lagavulin","floor":7,"turns":7},{"damage":3,"enemies":"3 Sentries","floor":11,"turns":5},{"damage":1,"enemies":"Exordium Wildlife","floor":12,"turns":3},{"damage":0,"enemies":"2 Fungi Beasts","floor":13,"turns":3},{"damage":3,"enemies":"Gremlin Nob","floor":14,"turns":5},{"damage":11,"enemies":"The Guardian","floor":16,"turns":14},{"damage":4,"enemies":"Chosen","floor":18,"turns":6},{"damage":17,"enemies":"Spheric Guardian","floor":19,"turns":5},{"damage":17,"enemies":"3 Cultists","floor":20,"turns":7},{"damage":21,"enemies":"Snake Plant","floor":22,"turns":3}],"seed_played":"5439269333041091598","potions_obtained":[{"floor":1,"key":"PowerPotion"},{"floor":2,"key":"PowerPotion"},{"floor":11,"key":"GhostInAJar"},{"floor":16,"key":"Swift Potion"}],"is_trial":false,"path_per_floor":["M","M","$","M","?","R","E","R","T","?","E","M","M","E","R","B",null,"M","M","M","?"],"character_chosen":"THE_SILENT","items_purchased":["Noxious Fumes","Slice"],"campfire_rested":0,"item_purchase_floors":[3,3],"current_hp_per_floor":[63,63,63,63,58,58,40,40,40,59,56,55,55,52,52,41,68,64,47,30,16,0],"gold":270,"neow_bonus":"THREE_ENEMY_KILL","is_prod":false,"is_daily":false,"chose_seed":false,"campfire_upgraded":3,"win_rate":0,"timestamp":1533853725,"path_taken":["M","?","$","M","?","R","E","R","T","?","E","?","M","E","R","BOSS","M","?","M","?","?"],"build_version":"2018-08-02","purchased_purges":0,"victory":false,"max_hp_per_floor":[70,70,70,70,77,77,77,77,77,77,77,77,77,77,77,77,77,77,77,77,82,82],"card_choices":[{"not_picked":["Tactician","Acrobatics","Accuracy"],"picked":"SKIP","floor":1},{"not_picked":["Quick Slash","Distraction"],"picked":"Dagger Spray","floor":2},{"not_picked":["Quick Slash","Deadly Poison"],"picked":"Sucker Punch","floor":4},{"not_picked":["Reflex","Dagger Throw"],"picked":"Backstab","floor":7},{"not_picked":["Flying Knee","Blur"],"picked":"Adrenaline","floor":11},{"not_picked":["Quick Slash","Outmaneuver"],"picked":"Dodge and Roll","floor":12},{"not_picked":["Blade Dance","All Out Attack"],"picked":"Footwork","floor":13},{"not_picked":["Quick Slash","Escape Plan"],"picked":"Slice","floor":14},{"not_picked":["Grand Finale","A Thousand Cuts"],"picked":"Tools of the Trade","floor":16},{"not_picked":["Setup","Underhanded Strike"],"picked":"Noxious Fumes","floor":18},{"not_picked":["Well Laid Plans","Expertise"],"picked":"Leg Sweep","floor":19},{"not_picked":["Acrobatics","Backflip"],"picked":"Leg Sweep","floor":20}],"player_experience":402270,"relics_obtained":[{"floor":7,"key":"Omamori"},{"floor":9,"key":"Orichalcum"},{"floor":11,"key":"Blue Candle"},{"floor":14,"key":"Whetstone"}],"event_choices":[{"event_name":"Scrap Ooze","player_choice":"success","floor":5,"damage_taken":12},{"event_name":"The Cleric","player_choice":"Healed","floor":10,"damage_taken":0},{"event_name":"Forgotten Altar","player_choice":"Shed Blood","floor":21,"damage_taken":0}],"is_beta":false,"boss_relics":[{"not_picked":["Runic Pyramid","Busted Crown"],"picked":"Sozu"}],"items_purged_floors":[],"is_endless":false,"potions_floor_spawned":[1,2,11,16,19],"killed_by":"Snake Plant","ascension_level":11}