{"gold_per_floor":[119,135,210,60,84,123,135,161,173,195,217,229,241],"floor_reached":13,"playtime":2369,"items_purged":[],"score":100,"play_id":"7532ac65-f2d5-4af7-bcfd-ee09220fd7cf","local_time":"20180819205007","is_ascension_mode":true,"campfire_choices":[{"floor":7,"key":"REST"},{"floor":12,"key":"REST"}],"neow_cost":"NONE","seed_source_timestamp":671499693885092,"circlet_count":0,"master_deck":["Defend_G","Defend_G","Defend_G","Defend_G","Defend_G","Strike_G","Strike_G","Strike_G","Strike_G","Strike_G","Survivor","Neutralize","Tools of the Trade","Cloak And Dagger","Accuracy","Underhanded Strike","Deadly Poison","Noxious Fumes","Escape Plan","Deadly Poison"],"relics":["Ring of the Snake","MawBank","Question Card","Mercury Hourglass"],"potions_floor_usage":[8,10],"damage_taken":[{"damage":6,"enemies":"Cultist","floor":1,"turns":7},{"damage":0,"enemies":"2 Louse","floor":2,"turns":4},{"damage":2,"enemies":"Jaw Worm","floor":5,"turns":5},{"damage":47,"enemies":"3 Sentries","floor":6,"turns":13},{"damage":17,"enemies":"Lots of Slimes","floor":8,"turns":7},{"damage":2,"enemies":"2 Fungi Beasts","floor":10,"turns":3},{"damage":3,"enemies":"Blue Slaver","floor":11,"turns":5},{"damage":40,"enemies":"Gremlin Nob","floor":13,"turns":4}],"seed_played":"1417644271886556899","potions_obtained":[{"floor":2,"key":"Ancient Potion"},{"floor":8,"key":"GhostInAJar"},{"floor":10,"key":"SpeedPotion"}],"is_trial":false,"path_per_floor":["M","M","?","$","M","E","R","M","T","M","M","R"],"character_chosen":"THE_SILENT","items_purchased":["MawBank"],"campfire_rested":2,"item_purchase_floors":[4],"current_hp_per_floor":[64,64,53,53,51,4,25,8,8,6,3,24,0],"gold":241,"neow_bonus":"ONE_RANDOM_RARE_CARD","is_prod":false,"is_daily":false,"chose_seed":false,"campfire_upgraded":0,"win_rate":0,"timestamp":1534729807,"path_taken":["M","M","?","$","M","E","R","?","T","M","M","R","E"],"build_version":"2018-08-16","purchased_purges":0,"victory":false,"max_hp_per_floor":[70,70,70,70,70,70,70,70,70,70,70,70,70],"card_choices":[{"not_picked":["Sucker Punch","Poisoned Stab"],"picked":"Cloak And Dagger","floor":1},{"not_picked":["Flying Knee","Deadly Poison"],"picked":"Accuracy","floor":2},{"not_picked":["Dodge and Roll","PiercingWail"],"picked":"Underhanded Strike","floor":5},{"not_picked":["Blade Dance","Sucker Punch"],"picked":"Deadly Poison","floor":6},{"not_picked":["Quick Slash","Slice","Prepared"],"picked":"Noxious Fumes","floor":8},{"not_picked":["Terror","Bullet Time","Bane"],"picked":"Escape Plan","floor":10},{"not_picked":["Choke","Skewer","Dagger Spray"],"picked":"Deadly Poison","floor":11}],"player_experience":244555,"relics_obtained":[{"floor":6,"key":"Question Card"},{"floor":9,"key":"Mercury Hourglass"}],"event_choices":[{"event_name":"World of Goop","player_choice":"Gather Gold","floor":3,"damage_taken":0}],"is_beta":false,"boss_relics":[],"items_purged_floors":[],"is_endless":false,"potions_floor_spawned":[2,8,10],"killed_by":"Gremlin Nob","ascension_level":3}