{"gold_per_floor":[111,126,126,126,144,144,169,169,196,196,196,251,251,281,281,383,383,402,431,443,3,3,34,48,48,48,48,48,68,86,120,120,225,225,239,251,551,571,571,596,596,596,596,66,81,81,110,62,62,62],"floor_reached":51,"playtime":4989,"items_purged":["Underhanded Strike"],"score":1174,"play_id":"7fe768ac-ed73-4827-baea-df506eeb5726","local_time":"20180808222122","is_ascension_mode":true,"campfire_choices":[{"data":"Sucker Punch","floor":6,"key":"SMITH"},{"data":"Dagger Spray","floor":10,"key":"SMITH"},{"floor":13,"key":"REST"},{"data":"Skewer","floor":15,"key":"SMITH"},{"data":"Corpse Explosion","floor":25,"key":"SMITH"},{"data":"Envenom","floor":27,"key":"SMITH"},{"data":"Noxious Fumes","floor":32,"key":"SMITH"},{"data":"Leg Sweep","floor":42,"key":"SMITH"},{"floor":46,"key":"REST"},{"data":"Caltrops","floor":49,"key":"SMITH"}],"neow_cost":"TEN_PERCENT_HP_LOSS","seed_source_timestamp":1415718134886085,"circlet_count":0,"master_deck":["Survivor","Neutralize+1","AscendersBane","Envenom+1","Sucker Punch+1","Caltrops+1","Dagger Spray+1","Slice","Skewer+1","Leg Sweep+1","Corpse Explosion+1","Noxious Fumes+1","PiercingWail","Dodge and Roll+1","Dagger Spray+1","Blur+1","Adrenaline+1","Dodge and Roll+1","Dodge and Roll+1","Skewer","Poisoned Stab","Deadly Poison+1","Deflect+1","PiercingWail+1","Prepared+1","Backflip+1","Backflip+1","Bandage Up+1","Adrenaline+1","Dodge and Roll+1","Dodge and Roll+1","Backflip+1","PiercingWail+1"],"relics":["Ring of the Snake","Centennial Puzzle","Vajra","Bronze Scales","Regal Pillow","Velvet Choker","Red Mask","Toxic Egg 2","Anchor","Enchiridion","Orichalcum","Meat on the Bone","Dream Catcher","Pandora\u0027s Box","Old Coin","Paper Crane","Nunchaku","Strawberry","Snake Skull","Juzu Bracelet"],"potions_floor_usage":[12,12,23,23,38,40,50,50,50],"damage_taken":[{"damage":0,"enemies":"Small Slimes","floor":1,"turns":4},{"damage":1,"enemies":"Cultist","floor":2,"turns":5},{"damage":4,"enemies":"Jaw Worm","floor":5,"turns":6},{"damage":22,"enemies":"Lagavulin","floor":7,"turns":9},{"damage":5,"enemies":"Gremlin Nob","floor":12,"turns":4},{"damage":1,"enemies":"3 Sentries","floor":14,"turns":4},{"damage":35,"enemies":"Slime Boss","floor":16,"turns":13},{"damage":7,"enemies":"Chosen","floor":18,"turns":4},{"damage":0,"floor":19,"turns":2},{"damage":3,"enemies":"2 Thieves","floor":20,"turns":3},{"damage":3,"enemies":"Book of Stabbing","floor":23,"turns":5},{"damage":0,"enemies":"Snake Plant","floor":24,"turns":4},{"damage":4,"enemies":"3 Cultists","floor":29,"turns":2},{"damage":2,"enemies":"Centurion and Healer","floor":30,"turns":3},{"damage":1,"enemies":"Slavers","floor":31,"turns":2},{"damage":21,"enemies":"Collector","floor":33,"turns":8},{"damage":10,"enemies":"Flame Bruiser 1 Orb","floor":35,"turns":3},{"damage":1,"enemies":"3 Shapes","floor":36,"turns":3},{"damage":0,"floor":37,"turns":7},{"damage":17,"enemies":"Transient","floor":38,"turns":5},{"damage":38,"enemies":"Giant Head","floor":40,"turns":8},{"damage":6,"enemies":"4 Shapes","floor":45,"turns":2},{"damage":1,"enemies":"Nemesis","floor":47,"turns":8},{"damage":0,"enemies":"Time Eater","floor":50,"turns":12}],"seed_played":"6246910343330063230","potions_obtained":[{"floor":2,"key":"Regen Potion"},{"floor":5,"key":"Block Potion"},{"floor":7,"key":"GamblersBrew"},{"floor":18,"key":"Block Potion"},{"floor":23,"key":"Fire Potion"},{"floor":30,"key":"Ancient Potion"},{"floor":33,"key":"SpeedPotion"},{"floor":38,"key":"Explosive Potion"},{"floor":40,"key":"Block Potion"}],"is_trial":false,"path_per_floor":["M","M","?","?","M","R","E","?","T","R","?","?","R","E","R","B",null,"M","?","M","$","?","E","M","R","T","R","?","M","M","E","R","B",null,"M","M","?","M","?","E","?","R","T","$","M","R","E","$","R","B"],"character_chosen":"THE_SILENT","items_purchased":["Toxic Egg 2","Anchor","PowerPotion","Strawberry","Snake Skull","Dodge and Roll+1","GhostInAJar","Strength Potion","PowerPotion"],"campfire_rested":2,"item_purchase_floors":[21,21,21,44,44,44,44,44,48],"current_hp_per_floor":[63,62,62,56,52,52,30,23,23,23,23,30,48,47,47,12,50,43,43,40,40,24,21,21,21,21,21,21,29,39,38,38,29,55,45,44,44,39,34,14,14,14,14,21,27,63,68,68,68,70],"gold":62,"neow_bonus":"THREE_RARE_CARDS","is_prod":false,"is_daily":false,"chose_seed":false,"campfire_upgraded":8,"win_rate":0,"timestamp":1533792082,"path_taken":["M","M","?","?","M","R","E","?","T","R","?","?","R","E","R","BOSS","M","?","M","$","?","E","M","R","T","R","?","M","M","E","R","BOSS","M","?","?","M","?","E","?","R","T","$","M","R","E","?","R","BOSS"],"build_version":"2018-08-02","purchased_purges":1,"victory":true,"max_hp_per_floor":[63,63,63,63,63,63,63,63,63,63,63,63,63,63,63,63,63,63,63,63,63,63,63,63,63,63,63,63,63,63,63,63,63,63,63,63,63,63,63,63,63,63,63,70,70,70,70,70,70,70],"card_choices":[{"not_picked":["Night Terror","Grand Finale"],"picked":"Envenom","floor":0},{"not_picked":["Dagger Throw","Reflex"],"picked":"Sucker Punch","floor":1},{"not_picked":["Finisher","Deadly Poison"],"picked":"Caltrops","floor":2},{"not_picked":["Blade Dance","Slice"],"picked":"Dagger Spray","floor":5},{"not_picked":["Riddle With Holes","Bane"],"picked":"Slice","floor":7},{"not_picked":["Choke","Reflex"],"picked":"Skewer","floor":12},{"not_picked":["Backflip","Prepared"],"picked":"Leg Sweep","floor":14},{"not_picked":["Envenom","Bullet Time"],"picked":"Corpse Explosion","floor":16},{"not_picked":["Flechettes+1","Deadly Poison+1"],"picked":"Noxious Fumes","floor":18},{"not_picked":["Poisoned Stab","Flying Knee"],"picked":"PiercingWail","floor":19},{"not_picked":["Slice+1","Outmaneuver","Dagger Throw"],"picked":"SKIP","floor":20},{"not_picked":["Catalyst+1","Riddle With Holes"],"picked":"Dodge and Roll+1","floor":23},{"not_picked":["Storm of Steel+1","Cloak And Dagger+1"],"picked":"Dagger Spray+1","floor":24},{"not_picked":["Predator","Setup+1","Masterful Stab+1"],"picked":"SKIP","floor":29},{"not_picked":["Setup+1","Outmaneuver+1","Poisoned Stab+1"],"picked":"SKIP","floor":30},{"not_picked":["Blade Dance+1","Flechettes"],"picked":"Blur+1","floor":31},{"not_picked":["Doppelganger+1","Storm of Steel+1"],"picked":"Adrenaline+1","floor":33},{"not_picked":["Acrobatics+1","Underhanded Strike+1"],"picked":"Prepared+1","floor":35},{"not_picked":["Flying Knee+1","Dash"],"picked":"Backflip+1","floor":36},{"not_picked":["Eviscerate+1","Heel Hook+1"],"picked":"Backflip+1","floor":37},{"not_picked":["Caltrops","Infinite Blades","Flying Knee"],"picked":"SKIP","floor":38},{"not_picked":["Sadistic Nature","Panacea+1"],"picked":"Bandage Up+1","floor":39},{"not_picked":["Cloak And Dagger+1","Choke"],"picked":"Adrenaline+1","floor":40},{"not_picked":["Bane","Accuracy"],"picked":"Dodge and Roll+1","floor":45},{"not_picked":["Bane+1","Deadly Poison+1"],"picked":"Backflip+1","floor":46},{"not_picked":["Predator","Deadly Poison+1"],"picked":"PiercingWail+1","floor":47}],"player_experience":382579,"relics_obtained":[{"floor":7,"key":"Centennial Puzzle"},{"floor":9,"key":"Vajra"},{"floor":12,"key":"Bronze Scales"},{"floor":14,"key":"Regal Pillow"},{"floor":19,"key":"Red Mask"},{"floor":22,"key":"Enchiridion"},{"floor":23,"key":"Orichalcum"},{"floor":26,"key":"Meat on the Bone"},{"floor":31,"key":"Dream Catcher"},{"floor":37,"key":"Old Coin"},{"floor":40,"key":"Paper Crane"},{"floor":43,"key":"Nunchaku"},{"floor":47,"key":"Juzu Bracelet"}],"event_choices":[{"event_name":"Golden Idol","player_choice":"Ignored","floor":3,"damage_taken":0},{"event_name":"Wheel of Change","player_choice":"Damage","floor":4,"damage_taken":0},{"event_name":"Golden Wing","player_choice":"Card Removal","floor":8,"damage_taken":0},{"event_name":"Living Wall","player_choice":"Grow","floor":11,"damage_taken":0},{"event_name":"Dead Adventurer","player_choice":"Searched \u00273\u0027 times","floor":12,"damage_taken":0},{"event_name":"Cursed Tome","player_choice":"Obtained Book","floor":22,"damage_taken":0},{"event_name":"Beggar","player_choice":"Ignored","floor":28,"damage_taken":0},{"event_name":"MindBloom","player_choice":"Fight","floor":37,"damage_taken":0},{"event_name":"SensoryStone","player_choice":"Memory 2","floor":39,"damage_taken":0},{"event_name":"Falling","player_choice":"Removed Attack","floor":41,"damage_taken":0}],"is_beta":false,"boss_relics":[{"not_picked":["Coffee Dripper","HoveringKite"],"picked":"Velvet Choker"},{"not_picked":["White Beast Statue","Calling Bell"],"picked":"Pandora\u0027s Box"}],"items_purged_floors":[44],"is_endless":false,"potions_floor_spawned":[2,5,7,18,23,30,33,37,38,40,47],"ascension_level":10}