{"gold_per_floor":[112,126,76,76,1,1,26,53,113,144,331,366,405,431,443,455],"floor_reached":16,"playtime":569,"items_purged":["Strike_G"],"score":138,"play_id":"b2803f63-7f71-4f17-8371-67ea331e3d3f","local_time":"20190127212839","is_ascension_mode":true,"campfire_choices":[{"data":"All Out Attack","floor":6,"key":"SMITH"},{"floor":15,"key":"REST"}],"neow_cost":"NONE","seed_source_timestamp":408229172743611,"circlet_count":0,"master_deck":["Defend_G","Defend_G","Defend_G","Defend_G","Defend_G","Strike_G","Strike_G","Strike_G","Survivor","Neutralize","Slice","All Out Attack+1","Footwork","Caltrops","Well Laid Plans","Doubt","Flying Knee","Infinite Blades","Leg Sweep","Backflip"],"relics":["Ring of the Snake","Bronze Scales","Centennial Puzzle","MawBank","Dream Catcher","Odd Mushroom","Ninja Scroll"],"potions_floor_usage":[12,14,16,16],"damage_taken":[{"damage":1,"enemies":"Jaw Worm","floor":1,"turns":4},{"damage":8,"enemies":"Small Slimes","floor":2,"turns":3},{"damage":14,"enemies":"Lagavulin","floor":7,"turns":8},{"damage":0,"enemies":"2 Louse","floor":8,"turns":1},{"damage":0,"enemies":"2 Fungi Beasts","floor":10,"turns":3},{"damage":4,"enemies":"The Mushroom Lair","floor":12,"turns":3},{"damage":30,"enemies":"Gremlin Nob","floor":13,"turns":5},{"damage":2,"enemies":"Red Slaver","floor":14,"turns":5},{"damage":37,"enemies":"Slime Boss","floor":16,"turns":7}],"seed_played":"3635504723726334829","potions_obtained":[{"floor":1,"key":"Explosive Potion"},{"floor":7,"key":"Swift Potion"},{"floor":8,"key":"Regen Potion"},{"floor":13,"key":"EssenceOfSteel"},{"floor":14,"key":"Fire Potion"}],"is_trial":false,"path_per_floor":["M","M","?","?","$","R","E","M","T","M","?","?","E","M","R","B"],"character_chosen":"THE_SILENT","items_purchased":[],"campfire_rested":1,"item_purchase_floors":[],"current_hp_per_floor":[69,61,61,49,49,49,35,35,35,35,35,31,1,14,35,0],"gold":455,"neow_bonus":"RANDOM_COMMON_RELIC","is_prod":false,"is_daily":false,"chose_seed":false,"campfire_upgraded":1,"win_rate":0,"timestamp":1548646119,"path_taken":["M","M","?","?","$","R","E","M","T","M","?","?","E","M","R","BOSS"],"build_version":"2019-01-23","purchased_purges":1,"victory":false,"max_hp_per_floor":[70,70,70,70,70,70,70,70,70,70,70,70,70,70,70,70],"card_choices":[{"not_picked":["Flechettes","Masterful Stab"],"picked":"Slice","floor":1},{"not_picked":["Terror","Tactician"],"picked":"All Out Attack","floor":2},{"not_picked":["Bouncing Flask","Infinite Blades"],"picked":"Footwork","floor":7},{"not_picked":["Expertise","Quick Slash"],"picked":"Caltrops","floor":8},{"not_picked":["Sucker Punch","Quick Slash"],"picked":"Well Laid Plans","floor":10},{"not_picked":["Quick Slash","Sucker Punch"],"picked":"Flying Knee","floor":12},{"not_picked":["Predator","Slice"],"picked":"Infinite Blades","floor":13},{"not_picked":["Choke","Sucker Punch"],"picked":"Leg Sweep","floor":14},{"not_picked":["Dagger Throw","Heel Hook"],"picked":"Backflip","floor":15}],"player_experience":734034,"relics_obtained":[{"floor":7,"key":"MawBank"},{"floor":9,"key":"Dream Catcher"},{"floor":12,"key":"Odd Mushroom"},{"floor":13,"key":"Ninja Scroll"}],"event_choices":[{"cards_removed":["Strike_G"],"damage_healed":0,"gold_gain":0,"player_choice":"Card Removal","damage_taken":0,"max_hp_gain":0,"max_hp_loss":0,"event_name":"The Cleric","floor":3,"gold_loss":50},{"damage_healed":0,"gold_gain":0,"player_choice":"Success","damage_taken":12,"relics_obtained":["Centennial Puzzle"],"max_hp_gain":0,"max_hp_loss":0,"event_name":"Scrap Ooze","floor":4,"gold_loss":0},{"damage_healed":0,"gold_gain":175,"player_choice":"AGREE","damage_taken":0,"max_hp_gain":0,"max_hp_loss":0,"event_name":"Liars Game","floor":11,"gold_loss":0,"cards_obtained":["Doubt"]},{"damage_healed":0,"gold_gain":0,"player_choice":"Fought Mushrooms","damage_taken":0,"max_hp_gain":0,"max_hp_loss":0,"event_name":"Mushrooms","floor":12,"gold_loss":0}],"is_beta":false,"boss_relics":[],"items_purged_floors":[5],"is_endless":false,"potions_floor_spawned":[1,7,8,13,14],"killed_by":"Slime Boss","ascension_level":5}