{"gold_per_floor":[114,114,132,82,7,7,40,40,40,40,40,57,57,74,74,169,169,187,213,213,56,72,72,85,85,85,85,105,116,116,116,116,217,217,232,245,261,74,89,89,114,124,148,148,148,1,1,1,1,1],"floor_reached":51,"playtime":1581,"items_purged":["Strike_R","Bash"],"score":1093,"play_id":"e8382dc5-799a-436a-ab2b-106d4ca0be44","local_time":"20190208212920","is_ascension_mode":true,"campfire_choices":[{"data":"Searing Blow","floor":6.0,"key":"SMITH"},{"data":"Searing Blow+1","floor":8.0,"key":"SMITH"},{"data":"Searing Blow+2","floor":11.0,"key":"SMITH"},{"data":"Searing Blow+3","floor":13.0,"key":"SMITH"},{"data":"Searing Blow+4","floor":15.0,"key":"SMITH"},{"data":"Searing Blow+5","floor":23.0,"key":"SMITH"},{"data":"Searing Blow+6","floor":25.0,"key":"SMITH"},{"data":"Searing Blow+7","floor":27.0,"key":"SMITH"},{"data":"Searing Blow+8","floor":30.0,"key":"SMITH"},{"data":"Searing Blow+9","floor":32.0,"key":"SMITH"},{"data":"Searing Blow+10","floor":40.0,"key":"SMITH"},{"data":"Searing Blow+11","floor":44,"key":"SMITH"},{"data":"Searing Blow+13","floor":47,"key":"SMITH"},{"data":"Searing Blow+14","floor":49,"key":"SMITH"}],"neow_cost":"TEN_PERCENT_HP_LOSS","seed_source_timestamp":528269005410450,"circlet_count":0,"master_deck":["AscendersBane","Defend_R","Defend_R","Iron Wave","Searing Blow+15","Shockwave","Armaments","True Grit+1","Clothesline","Clothesline+1","Shrug It Off","Double Tap","Trip","Shrug It Off+1","Battle Trance","Shame"],"special_seed":0,"relics":["Burning Blood","NlothsMask","Happy Flower","Red Skull","Sozu","Red Mask","Bag of Preparation","Singing Bowl","Cursed Key","Lantern","Bronze Scales","Whetstone"],"potions_floor_usage":[50],"damage_taken":[{"damage":8.0,"enemies":"Jaw Worm","floor":1.0,"turns":5.0},{"damage":1.0,"enemies":"Cultist","floor":3.0,"turns":4.0},{"damage":35.0,"enemies":"Lagavulin","floor":7.0,"turns":5.0},{"damage":1.0,"enemies":"2 Louse","floor":12.0,"turns":3.0},{"damage":4.0,"enemies":"2 Fungi Beasts","floor":14.0,"turns":3.0},{"damage":3.0,"enemies":"Slime Boss","floor":16.0,"turns":6.0},{"damage":18.0,"enemies":"3 Byrds","floor":18.0,"turns":5.0},{"damage":27.0,"enemies":"Masked Bandits","floor":19.0,"turns":5.0},{"damage":0.0,"enemies":"2 Thieves","floor":22.0,"turns":3.0},{"damage":0.0,"enemies":"3 Cultists","floor":24.0,"turns":3.0},{"damage":6.0,"enemies":"Centurion and Healer","floor":28.0,"turns":3.0},{"damage":0.0,"enemies":"Snake Plant","floor":29.0,"turns":1.0},{"damage":27.0,"enemies":"Collector","floor":33.0,"turns":4.0},{"damage":5.0,"enemies":"3 Shapes","floor":35.0,"turns":5.0},{"damage":8.0,"enemies":"3 Darklings","floor":36.0,"turns":7.0},{"damage":0.0,"enemies":"Writhing Mass","floor":37.0,"turns":1.0},{"damage":0.0,"enemies":"Maw","floor":39.0,"turns":1.0},{"damage":0.0,"enemies":"Giant Head","floor":41.0,"turns":4.0},{"damage":9,"enemies":"Transient","floor":42,"turns":5},{"damage":28,"enemies":"Donu and Deca","floor":50,"turns":6}],"seed_played":"2744909325838387751","potions_obtained":[{"floor":3.0,"key":"Strength Potion"},{"floor":12.0,"key":"PowerPotion"}],"is_trial":false,"path_per_floor":["M","?","M","?","$","R","E","R","T","?","R","M","R","M","R","B",null,"M","?","?","$","M","R","M","R","T","R","M","M","R","?","R","B",null,"M","M","M","$","M","R","E","M","T","R","?","$","R","?","R","B",null],"character_chosen":"IRONCLAD","items_purchased":["Bag of Preparation","Trip","Whetstone"],"campfire_rested":0,"item_purchase_floors":[21,38,46],"current_hp_per_floor":[70,70,72,72,72,72,43,43,43,25,25,30,30,32,32,35,63,51,30,30,30,36,36,42,42,42,42,44,52,52,52,52,31,65,68,68,76,76,82,82,82,81,81,81,80,80,80,80,80,58],"gold":1,"neow_bonus":"REMOVE_TWO","is_prod":false,"is_daily":false,"chose_seed":false,"campfire_upgraded":14,"win_rate":0,"timestamp":1549690160,"path_taken":["M","?","?","?","$","R","E","R","T","?","R","M","R","M","R","BOSS","M","?","?","?","M","R","M","R","T","R","?","M","R","?","R","BOSS","M","M","M","$","M","R","E","M","T","R","?","$","R","?","R","BOSS"],"build_version":"2019-01-23","purchased_purges":2,"victory":true,"max_hp_per_floor":[72,72,72,72,72,72,72,72,72,72,72,72,72,72,72,72,72,72,72,72,72,72,72,72,72,72,72,74,76,76,76,76,76,76,78,80,82,82,82,82,82,84,84,84,80,80,80,80,80,80],"card_choices":[{"not_picked":["Heavy Blade","Clash"],"picked":"Iron Wave","floor":1.0},{"not_picked":["Reckless Charge","Perfected Strike"],"picked":"Searing Blow","floor":3.0},{"not_picked":["Combust","Infernal Blade"],"picked":"Shockwave","floor":7.0},{"not_picked":["Second Wind","Thunderclap","Clothesline"],"picked":"SKIP","floor":12.0},{"not_picked":["Pommel Strike","Anger","Cleave"],"picked":"SKIP","floor":14.0},{"not_picked":["Pommel Strike","Shrug It Off"],"picked":"Armaments","floor":18.0},{"not_picked":["Clash","Body Slam"],"picked":"True Grit+1","floor":19.0},{"not_picked":["Pommel Strike","Sword Boomerang","Blood for Blood"],"picked":"SKIP","floor":22.0},{"not_picked":["Shrug It Off","Carnage","Sword Boomerang"],"picked":"SKIP","floor":24.0},{"not_picked":["Carnage","Sword Boomerang"],"picked":"Shrug It Off","floor":24.0},{"not_picked":["Pummel+1","Uppercut","Thunderclap"],"picked":"Singing Bowl","floor":28.0},{"not_picked":["Flex","Hemokinesis+1","Seeing Red"],"picked":"Singing Bowl","floor":29.0},{"not_picked":["Barricade","Brutality"],"picked":"Double Tap","floor":33.0},{"not_picked":["Burning Pact","Wild Strike","Reckless Charge+1"],"picked":"Singing Bowl","floor":35.0},{"not_picked":["Twin Strike","Armaments+1","Hemokinesis"],"picked":"Singing Bowl","floor":36.0},{"not_picked":["Pommel Strike","Havoc+1","Armaments"],"picked":"Singing Bowl","floor":37.0},{"not_picked":["Clash","Intimidate"],"picked":"Shrug It Off+1","floor":39.0},{"not_picked":["Cleave+1","Evolve+1"],"picked":"Battle Trance","floor":41.0},{"not_picked":["Warcry","Blood for Blood","Sword Boomerang"],"picked":"Singing Bowl","floor":42}],"player_experience":371860,"relics_obtained":[{"floor":7.0,"key":"Happy Flower"},{"floor":19.0,"key":"Red Mask"},{"floor":26.0,"key":"Singing Bowl"},{"floor":41.0,"key":"Lantern"},{"floor":43,"key":"Bronze Scales"}],"event_choices":[{"damage_healed":0.0,"max_hp_gain":0.0,"max_hp_loss":0.0,"gold_gain":0.0,"event_name":"FaceTrader","player_choice":"Trade","floor":2.0,"gold_loss":0.0,"damage_taken":0.0,"relics_obtained":["NlothsMask"]},{"cards_removed":["Strike_R"],"damage_healed":0.0,"max_hp_gain":0.0,"max_hp_loss":0.0,"gold_gain":0.0,"event_name":"The Cleric","player_choice":"Card Removal","floor":4.0,"gold_loss":50.0,"damage_taken":0.0},{"damage_healed":0.0,"max_hp_gain":0.0,"max_hp_loss":0.0,"gold_gain":0.0,"event_name":"Scrap Ooze","player_choice":"Success","floor":10.0,"gold_loss":0.0,"damage_taken":18.0,"relics_obtained":["Red Skull"]},{"damage_healed":0.0,"max_hp_gain":0.0,"max_hp_loss":0.0,"gold_gain":0.0,"event_name":"Masked Bandits","player_choice":"Fought Bandits","floor":19.0,"gold_loss":0.0,"damage_taken":0.0},{"damage_healed":0.0,"max_hp_gain":0.0,"max_hp_loss":0.0,"gold_gain":0.0,"cards_transformed":["Strike_R","Strike_R"],"event_name":"Drug Dealer","player_choice":"Became Test Subject","floor":20.0,"gold_loss":0.0,"damage_taken":0.0,"cards_obtained":["Clothesline","Clothesline"]},{"cards_removed":["Defend_R"],"damage_healed":0.0,"max_hp_gain":0.0,"max_hp_loss":0.0,"gold_gain":0.0,"event_name":"Back to Basics","player_choice":"Elegance","floor":31.0,"gold_loss":0.0,"damage_taken":0.0},{"damage_healed":0,"gold_gain":0,"player_choice":"Max HP","damage_taken":0,"max_hp_gain":0,"max_hp_loss":4,"event_name":"Winding Halls","floor":45,"gold_loss":0},{"damage_healed":0,"gold_gain":0,"player_choice":"0 cards matched","damage_taken":0,"max_hp_gain":0,"max_hp_loss":0,"event_name":"Match and Keep!","floor":48,"gold_loss":0,"cards_obtained":[]}],"is_beta":false,"boss_relics":[{"not_picked":["Orrery","Astrolabe"],"picked":"Sozu"},{"not_picked":["Tiny House","Fusion Hammer"],"picked":"Cursed Key"}],"items_purged_floors":[5,38],"is_endless":false,"potions_floor_spawned":[3,12,19,22,33,35,42],"ascension_level":11}