{"gold_per_floor":[119,4,279,293,304,304,335,400,450,467,467],"floor_reached":11,"playtime":378,"items_purged":[],"score":117,"play_id":"41de1026-691b-480c-bc36-929a50919d2b","local_time":"20190325164401","is_ascension_mode":true,"campfire_choices":[{"data":"Zap","floor":6,"key":"SMITH"}],"neow_cost":"NONE","seed_source_timestamp":998514610692373,"circlet_count":0,"master_deck":["AscendersBane","Strike_B","Strike_B","Strike_B","Strike_B","Defend_B","Defend_B","Defend_B","Defend_B","Zap+1","Dualcast","Ball Lightning","Streamline","Coolheaded","Regret","Sweeping Beam","Echo Form","Go for the Eyes","Conserve Battery"],"relics":["Cracked Core","NeowsBlessing","Blood Vial","Dream Catcher"],"potions_floor_usage":[10],"damage_taken":[{"damage":0,"enemies":"Cultist","floor":1,"turns":1},{"damage":0,"enemies":"Jaw Worm","floor":4,"turns":1},{"damage":0,"enemies":"2 Louse","floor":5,"turns":1},{"damage":39,"enemies":"Gremlin Nob","floor":7,"turns":4},{"damage":25,"enemies":"Lots of Slimes","floor":10,"turns":3},{"damage":9,"enemies":"Blue Slaver","floor":11,"turns":2}],"seed_played":"-2120945582551488259","potions_obtained":[{"floor":5,"key":"SkillPotion"},{"floor":10,"key":"PowerPotion"}],"is_trial":false,"path_per_floor":["M","$","?","M","M","R","E","?","T","M","M"],"character_chosen":"DEFECT","items_purchased":["Ball Lightning","Streamline","Coolheaded"],"campfire_rested":0,"item_purchase_floors":[2,2,2],"current_hp_per_floor":[68,68,68,68,68,68,29,29,29,6,0],"gold":467,"neow_bonus":"THREE_ENEMY_KILL","is_prod":false,"is_daily":false,"chose_seed":false,"campfire_upgraded":1,"win_rate":0,"timestamp":1553546641,"path_taken":["M","$","?","M","?","R","E","?","T","M","M"],"build_version":"2019-01-23","purchased_purges":0,"victory":false,"max_hp_per_floor":[75,75,75,75,75,75,75,75,75,75,75],"card_choices":[{"not_picked":["Turbo","Stack","BootSequence"],"picked":"SKIP","floor":1},{"not_picked":["Redo","Undo"],"picked":"Sweeping Beam","floor":4},{"not_picked":["Melter","Turbo"],"picked":"Echo Form","floor":5},{"not_picked":["Auto Shields","Redo"],"picked":"Go for the Eyes","floor":7},{"not_picked":["Beam Cell","Gash"],"picked":"Conserve Battery","floor":10}],"player_experience":2011363,"relics_obtained":[{"floor":7,"key":"Blood Vial"},{"floor":9,"key":"Dream Catcher"}],"event_choices":[{"damage_healed":0,"gold_gain":275,"player_choice":"Desecrate","damage_taken":0,"max_hp_gain":0,"max_hp_loss":0,"event_name":"Golden Shrine","floor":3,"gold_loss":0,"cards_obtained":["Regret"]},{"damage_healed":0,"gold_gain":65,"player_choice":"Gained Gold","damage_taken":0,"max_hp_gain":0,"max_hp_loss":0,"event_name":"Golden Wing","floor":8,"gold_loss":0}],"is_beta":false,"boss_relics":[],"items_purged_floors":[],"is_endless":false,"potions_floor_spawned":[5,10],"killed_by":"Blue Slaver","ascension_level":12}