{"gold_per_floor":[118,128,128,128,139,139,170,170,195,195,222,237,247,12,12,107,107,117,117,117,134,150,185,185,196,196,196,206,221,221,233,233,233],"floor_reached":33,"playtime":2153,"items_purged":[],"score":455,"play_id":"bc2593c3-838b-4f7b-b737-43102089b886","local_time":"20180810234600","is_ascension_mode":true,"campfire_choices":[{"data":"Go for the Eyes","floor":6,"key":"SMITH"},{"floor":8,"key":"REST"},{"data":"Auto Shields","floor":10,"key":"SMITH"},{"data":"Loop","floor":15,"key":"SMITH"},{"data":"Sunder","floor":24,"key":"SMITH"},{"data":"Self Repair","floor":27,"key":"SMITH"},{"data":"Biased Cognition","floor":32,"key":"SMITH"}],"neow_cost":"","seed_source_timestamp":1596445376675607,"circlet_count":0,"master_deck":["Strike_B","Strike_B","Defend_B","Defend_B+1","Defend_B","Defend_B","Zap+1","Dualcast","AscendersBane","Go for the Eyes+1","Auto Shields+1","Ball Lightning","Gash","Coolheaded","Self Repair+1","Steam","Loop+1","All For One","Glacier+1","Genetic Algorithm","White Noise+1","Sunder+1","Chill","Biased Cognition+1","Stack"],"relics":["Cracked Core","Oddly Smooth Stone","Orichalcum","Odd Mushroom","Lee\u0027s Waffle","Coffee Dripper","Centennial Puzzle","Pear","FaceOfCleric"],"potions_floor_usage":[7,16,23,29],"damage_taken":[{"damage":0,"enemies":"2 Louse","floor":1,"turns":2},{"damage":1,"enemies":"Cultist","floor":2,"turns":4},{"damage":6,"enemies":"Jaw Worm","floor":5,"turns":4},{"damage":18,"enemies":"Gremlin Nob","floor":7,"turns":4},{"damage":18,"floor":11,"turns":4},{"damage":0,"enemies":"2 Fungi Beasts","floor":12,"turns":3},{"damage":2,"enemies":"Blue Slaver","floor":13,"turns":3},{"damage":34,"enemies":"The Guardian","floor":16,"turns":11},{"damage":6,"enemies":"2 Thieves","floor":18,"turns":4},{"damage":1,"enemies":"Spheric Guardian","floor":21,"turns":6},{"damage":53,"enemies":"Cultist and Chosen","floor":22,"turns":12},{"damage":39,"enemies":"Slavers","floor":23,"turns":6},{"damage":0,"enemies":"3 Cultists","floor":25,"turns":6},{"damage":7,"enemies":"Snecko","floor":28,"turns":4},{"damage":12,"enemies":"Snake Plant","floor":29,"turns":4},{"damage":8,"enemies":"Cultist and Chosen","floor":31,"turns":5},{"damage":37,"enemies":"Collector","floor":33,"turns":10}],"seed_played":"-530347876328244800","potions_obtained":[{"floor":2,"key":"SmokeBomb"},{"floor":5,"key":"Strength Potion"},{"floor":12,"key":"Block Potion"},{"floor":18,"key":"Energy Potion"},{"floor":25,"key":"Weak Potion"},{"floor":29,"key":"Energy Potion"}],"is_trial":false,"path_per_floor":["M","M","?","?","M","R","E","R","T","R","?","M","M","$","R","B",null,"M","?","?","M","M","E","R","M","T","R","M","M","?","M","R"],"character_chosen":"DEFECT","items_purchased":["Lee\u0027s Waffle","Loop"],"campfire_rested":1,"item_purchase_floors":[14,14],"current_hp_per_floor":[68,67,60,45,39,39,21,43,43,43,25,25,30,82,82,55,75,76,76,76,82,43,11,11,18,28,28,31,29,29,32,32,0],"gold":233,"neow_bonus":"","is_prod":false,"is_daily":false,"chose_seed":false,"campfire_upgraded":6,"win_rate":0,"timestamp":1533969960,"path_taken":["M","M","?","?","M","R","E","R","T","R","?","M","M","$","R","BOSS","M","?","?","M","M","E","R","M","T","R","M","?","?","M","R","BOSS"],"build_version":"2018-08-09","purchased_purges":0,"victory":false,"max_hp_per_floor":[75,75,75,75,75,75,75,75,75,75,75,75,75,82,82,82,82,82,82,82,82,82,82,82,82,92,92,92,92,92,93,93,93],"card_choices":[{"not_picked":["Hologram","Skim"],"picked":"Go for the Eyes","floor":1},{"not_picked":["Stack","Aggregate"],"picked":"Auto Shields","floor":2},{"not_picked":["Static Discharge","Turbo"],"picked":"Ball Lightning","floor":5},{"not_picked":["Multi-Cast","Double Energy"],"picked":"Gash","floor":7},{"not_picked":["Redo","Turbo"],"picked":"Coolheaded","floor":11},{"not_picked":["Capacitor","Recycle"],"picked":"Self Repair","floor":12},{"not_picked":["Skim","Barrage"],"picked":"Steam","floor":13},{"not_picked":["Fission","Machine Learning"],"picked":"All For One","floor":16},{"not_picked":["Static Discharge","Redo"],"picked":"Glacier+1","floor":18},{"not_picked":["Stack","Leap"],"picked":"White Noise+1","floor":21},{"not_picked":["Tempest+1","Stack"],"picked":"Sunder","floor":22},{"not_picked":["Beam Cell","Rebound"],"picked":"Chill","floor":23},{"not_picked":["Lockon+1","Redo","Coolheaded"],"picked":"SKIP","floor":25},{"not_picked":["Recycle","Turbo+1"],"picked":"Biased Cognition","floor":28},{"not_picked":["Rebound","Beam Cell+1","Static Discharge"],"picked":"SKIP","floor":29},{"not_picked":["Streamline","Recycle"],"picked":"Stack","floor":31}],"player_experience":431202,"relics_obtained":[{"floor":7,"key":"Oddly Smooth Stone"},{"floor":9,"key":"Orichalcum"},{"floor":11,"key":"Odd Mushroom"},{"floor":23,"key":"Centennial Puzzle"},{"floor":26,"key":"Pear"}],"event_choices":[{"event_name":"Golden Wing","player_choice":"Card Removal","floor":3,"damage_taken":0},{"event_name":"Shining Light","player_choice":"Entered Light","floor":4,"damage_taken":0},{"event_name":"Mushrooms","player_choice":"Fought Mushrooms","floor":11,"damage_taken":0},{"event_name":"Bonfire Elementals","player_choice":"BASIC","floor":19,"damage_taken":0},{"event_name":"The Library","player_choice":"Read","floor":20,"damage_taken":0},{"event_name":"FaceTrader","player_choice":"Trade","floor":30,"damage_taken":0}],"is_beta":false,"boss_relics":[{"not_picked":["White Beast Statue","Ectoplasm"],"picked":"Coffee Dripper"}],"items_purged_floors":[],"is_endless":false,"potions_floor_spawned":[2,5,12,18,25,28,29,31],"killed_by":"Collector","ascension_level":12}