{"gold_per_floor":[110,3,0,0,12,12,22,22,22,35,210,221,232,246,246,246],"floor_reached":16,"playtime":397,"items_purged":[],"score":118,"play_id":"f5b25d01-0bb7-4dc8-85d5-2f76b62a1624","local_time":"20190413121642","is_ascension_mode":true,"campfire_choices":[{"data":"Dash","floor":6,"key":"SMITH"},{"data":"Backstab","floor":8,"key":"SMITH"},{"data":"Bouncing Flask","floor":15,"key":"SMITH"}],"neow_cost":"PERCENT_DAMAGE","seed_source_timestamp":60870874257653,"circlet_count":0,"master_deck":["Defend_G","Defend_G","Defend_G","Defend_G","Defend_G","Strike_G","Strike_G","Strike_G","Strike_G","Strike_G","Survivor","Neutralize","Corpse Explosion+1","Bouncing Flask+1","Backstab+1","Dodge and Roll","Dash+1","Caltrops","Outmaneuver","Doubt","Deflect","Tools of the Trade","Quick Slash"],"relics":["Ring of the Snake","Question Card"],"potions_floor_usage":[16,16],"damage_taken":[{"damage":0,"enemies":"Small Slimes","floor":1,"turns":2},{"damage":0,"enemies":"Jaw Worm","floor":5,"turns":4},{"damage":0,"enemies":"Cultist","floor":7,"turns":3},{"damage":0,"enemies":"3 Louse","floor":10,"turns":2},{"damage":0,"enemies":"2 Fungi Beasts","floor":12,"turns":2},{"damage":5,"enemies":"Exordium Wildlife","floor":13,"turns":3},{"damage":0,"enemies":"Looter","floor":14,"turns":3},{"damage":48,"enemies":"Slime Boss","floor":16,"turns":8}],"seed_played":"3170021036174711232","potions_obtained":[{"floor":1,"key":"Poison Potion"},{"floor":5,"key":"GamblersBrew"}],"is_trial":false,"path_per_floor":["M","$","?","?","M","R","M","R","T","M","?","M","M","M","R","B"],"character_chosen":"THE_SILENT","items_purchased":["Backstab","Dodge and Roll"],"campfire_rested":0,"item_purchase_floors":[2,2],"current_hp_per_floor":[49,49,49,49,49,49,49,49,49,49,49,49,44,44,44,0],"gold":246,"neow_bonus":"THREE_RARE_CARDS","is_prod":false,"is_daily":false,"chose_seed":false,"campfire_upgraded":3,"win_rate":0,"timestamp":1555175802,"path_taken":["M","$","?","?","?","R","M","R","T","M","?","M","M","M","R","BOSS"],"build_version":"2019-01-23","purchased_purges":0,"victory":false,"max_hp_per_floor":[70,70,70,70,70,70,70,70,70,70,70,70,70,70,70,70],"card_choices":[{"not_picked":["Wraith Form v2","Die Die Die"],"picked":"Corpse Explosion","floor":0},{"not_picked":["Expertise","Outmaneuver"],"picked":"Bouncing Flask","floor":1},{"not_picked":["Deflect","Distraction"],"picked":"Dash","floor":5},{"not_picked":["Slice","Blade Dance"],"picked":"Caltrops","floor":7},{"not_picked":["Dagger Spray","Deflect","Eviscerate"],"picked":"Outmaneuver","floor":10},{"not_picked":["Riddle With Holes","Slice","Eviscerate"],"picked":"Deflect","floor":12},{"not_picked":["Cloak And Dagger","Deadly Poison","Choke"],"picked":"Tools of the Trade","floor":13},{"not_picked":["Crippling Poison","Deadly Poison","Deflect"],"picked":"Quick Slash","floor":14}],"player_experience":815227,"relics_obtained":[{"floor":9,"key":"Question Card"}],"event_choices":[{"damage_healed":0,"gold_gain":0,"player_choice":"Left Gold","damage_taken":0,"max_hp_gain":0,"max_hp_loss":0,"event_name":"World of Goop","floor":3,"gold_loss":3},{"damage_healed":0,"gold_gain":0,"player_choice":"Upgraded","damage_taken":0,"max_hp_gain":0,"max_hp_loss":0,"event_name":"Upgrade Shrine","floor":4,"gold_loss":0,"cards_upgraded":["Corpse Explosion"]},{"damage_healed":0,"gold_gain":175,"player_choice":"AGREE","damage_taken":0,"max_hp_gain":0,"max_hp_loss":0,"event_name":"Liars Game","floor":11,"gold_loss":0,"cards_obtained":["Doubt"]}],"is_beta":false,"boss_relics":[],"items_purged_floors":[],"is_endless":false,"potions_floor_spawned":[1,5],"killed_by":"Slime Boss","ascension_level":5}