{"gold_per_floor":[109,126,126,42,42,73,92,110,110,110,125,125,165,178,178,271,271,289,289],"floor_reached":19,"playtime":1332,"items_purged":[],"score":388,"play_id":"ae1724c3-69bc-4d1c-95e0-732f423ea050","local_time":"20181223185928","is_ascension_mode":true,"campfire_choices":[{"data":"Bash","floor":10,"key":"SMITH"},{"data":"True Grit","floor":12,"key":"SMITH"},{"data":"Limit Break","floor":15,"key":"SMITH"}],"neow_cost":"NONE","seed_source_timestamp":203712553584684,"circlet_count":0,"master_deck":["AscendersBane","Strike_R","Strike_R","Strike_R","Strike_R","Strike_R","Defend_R","Defend_R","Defend_R","Defend_R","Bash+1","Cleave","Headbutt","True Grit+1","Shrug It Off","Injury","Limit Break+1","Cleave","Pommel Strike","Spot Weakness","Pummel","Impervious","Shrug It Off"],"relics":["Burning Blood","NeowsBlessing","Darkstone Periapt","Golden Idol","Pantograph","Question Card","Letter Opener","Mark of Pain"],"potions_floor_usage":[13,19],"damage_taken":[{"damage":0,"enemies":"Small Slimes","floor":1,"turns":1},{"damage":0,"enemies":"Jaw Worm","floor":2,"turns":1},{"damage":0,"enemies":"3 Sentries","floor":6,"turns":2},{"damage":1,"enemies":"2 Louse","floor":7,"turns":3},{"damage":10,"enemies":"Large Slime","floor":8,"turns":5},{"damage":8,"enemies":"Exordium Wildlife","floor":11,"turns":3},{"damage":17,"enemies":"Lagavulin","floor":13,"turns":8},{"damage":0,"enemies":"2 Fungi Beasts","floor":14,"turns":2},{"damage":46,"enemies":"Slime Boss","floor":16,"turns":10},{"damage":38,"enemies":"3 Byrds","floor":18,"turns":7},{"damage":27,"enemies":"Colosseum Slavers","floor":19,"turns":5},{"damage":38,"enemies":"Colosseum Nobs","floor":19,"turns":3}],"seed_played":"7954665989674212315","potions_obtained":[{"floor":2,"key":"BloodPotion"},{"floor":6,"key":"Block Potion"},{"floor":7,"key":"Regen Potion"}],"is_trial":false,"path_per_floor":["M","M","?","$","?","E","M","M","T","R","M","R","E","M","R","B",null,"M","?"],"character_chosen":"IRONCLAD","items_purchased":["True Grit","Shrug It Off"],"campfire_rested":0,"item_purchase_floors":[4,4],"current_hp_per_floor":[74,75,64,64,70,76,81,77,77,77,75,75,64,70,70,41,71,39,0],"gold":289,"neow_bonus":"THREE_ENEMY_KILL","is_prod":false,"is_daily":false,"chose_seed":false,"campfire_upgraded":3,"win_rate":0,"timestamp":1545620368,"path_taken":["M","M","?","$","?","E","M","M","T","R","M","R","E","M","R","BOSS","M","?"],"build_version":"2018-12-20","purchased_purges":0,"victory":false,"max_hp_per_floor":[75,75,75,75,81,81,81,81,81,81,81,81,81,81,81,81,81,81,81],"card_choices":[{"not_picked":["Armaments","Warcry"],"picked":"Cleave","floor":1},{"not_picked":["Dual Wield","Armaments"],"picked":"Headbutt","floor":2},{"not_picked":["Disarm","Shockwave"],"picked":"Limit Break","floor":6},{"not_picked":["Evolve","Clash"],"picked":"Cleave","floor":7},{"not_picked":["Body Slam","Burning Pact"],"picked":"Pommel Strike","floor":8},{"not_picked":["Armaments","Cleave","Iron Wave"],"picked":"Spot Weakness","floor":11},{"not_picked":["Rampage","Perfected Strike","Reckless Charge"],"picked":"Pummel","floor":13},{"not_picked":["Clash","Rupture","Juggernaut","Perfected Strike"],"picked":"SKIP","floor":14},{"not_picked":["Immolate","Berserk","Fiend Fire"],"picked":"Impervious","floor":16},{"not_picked":["Heavy Blade","Anger+1","Wild Strike"],"picked":"Shrug It Off","floor":18}],"player_experience":664641,"relics_obtained":[{"floor":6,"key":"Pantograph"},{"floor":9,"key":"Question Card"},{"floor":13,"key":"Letter Opener"}],"event_choices":[{"damage_healed":0,"gold_gain":0,"player_choice":"Success","damage_taken":11,"relics_obtained":["Darkstone Periapt"],"max_hp_gain":0,"max_hp_loss":0,"event_name":"Scrap Ooze","floor":3,"gold_loss":0},{"damage_healed":0,"gold_gain":0,"player_choice":"Take Wound","damage_taken":0,"relics_obtained":["Golden Idol"],"max_hp_gain":0,"max_hp_loss":0,"event_name":"Golden Idol","floor":5,"gold_loss":0,"cards_obtained":["Injury"]},{"damage_healed":0,"gold_gain":0,"player_choice":"Fight","damage_taken":0,"max_hp_gain":0,"max_hp_loss":0,"event_name":"Colosseum","floor":19,"gold_loss":0},{"damage_healed":0,"gold_gain":0,"player_choice":"Fought Nobs","damage_taken":0,"max_hp_gain":0,"max_hp_loss":0,"event_name":"Colosseum","floor":19,"gold_loss":0}],"is_beta":false,"boss_relics":[{"not_picked":["Lizard Tail","Runic Cube"],"picked":"Mark of Pain"}],"items_purged_floors":[],"is_endless":false,"potions_floor_spawned":[2,6,7,8,19],"killed_by":"Colosseum Nobs","ascension_level":18}