{"gold_per_floor":[117,192,210,82,82,112,132,132,132,158,172,172,172,197,197,197],"floor_reached":16,"playtime":1202,"items_purged":["Defend_B"],"score":130,"play_id":"08e7307e-d597-47f0-b8e3-262b7e31c395","local_time":"20180722060033","is_ascension_mode":true,"campfire_choices":[{"floor":8,"key":"REST"},{"floor":13,"key":"REST"},{"floor":15,"key":"REST"}],"neow_cost":"NONE","seed_source_timestamp":538208382516333,"circlet_count":0,"master_deck":["Strike_B+1","Strike_B","Strike_B","Strike_B","Defend_B","Zap","Gash+1","Self Repair","Coolheaded","Steam Power","BootSequence","Hologram","Rebound"],"relics":["Cracked Core","Juzu Bracelet","Gremlin Horn","Ancient Tea Set","Whetstone"],"potions_floor_usage":[6,10],"damage_taken":[{"damage":7,"enemies":"Jaw Worm","floor":1,"turns":4},{"damage":6,"enemies":"2 Louse","floor":3,"turns":3},{"damage":42,"enemies":"Lagavulin","floor":6,"turns":8},{"damage":5,"enemies":"Small Slimes","floor":7,"turns":2},{"damage":8,"enemies":"3 Sentries","floor":10,"turns":6},{"damage":7,"enemies":"Exordium Wildlife","floor":11,"turns":4},{"damage":26,"enemies":"Gremlin Nob","floor":14,"turns":4},{"damage":51,"enemies":"Hexaghost","floor":16,"turns":7}],"seed_played":"5103258750535625202","potions_obtained":[{"floor":3,"key":"PowerPotion"},{"floor":7,"key":"Fire Potion"},{"floor":10,"key":"Explosive Potion"}],"is_trial":false,"path_per_floor":["M","?","M","$","?","E","M","R","T","E","M","?","R","E","R"],"character_chosen":"DEFECT","items_purchased":["Coolheaded"],"campfire_rested":3,"item_purchase_floors":[4],"current_hp_per_floor":[68,57,51,51,44,9,4,26,26,25,25,25,47,28,50,0],"gold":197,"neow_bonus":"REMOVE_CARD","is_prod":false,"is_daily":false,"chose_seed":false,"campfire_upgraded":0,"win_rate":0,"timestamp":1532264433,"path_taken":["M","?","M","$","?","E","M","R","T","E","M","?","R","E","R","BOSS"],"build_version":"2018-07-19v2","purchased_purges":1,"victory":false,"max_hp_per_floor":[75,75,75,75,75,75,75,75,75,75,75,75,75,75,75,75],"card_choices":[{"not_picked":["Cold Snap","Barrage"],"picked":"Gash","floor":1},{"not_picked":["Conserve Battery","Undo"],"picked":"Self Repair","floor":3},{"not_picked":["Force Field","Streamline"],"picked":"Steam Power","floor":6},{"not_picked":["Rebound","Reprogram"],"picked":"BootSequence","floor":7},{"not_picked":["FTL","BootSequence","Storm"],"picked":"SKIP","floor":10},{"not_picked":["Barrage","Cold Snap"],"picked":"Hologram","floor":11},{"not_picked":["Meteor Strike","Heatsinks"],"picked":"Rebound","floor":14}],"player_experience":103949,"relics_obtained":[{"floor":6,"key":"Juzu Bracelet"},{"floor":9,"key":"Gremlin Horn"},{"floor":10,"key":"Ancient Tea Set"},{"floor":14,"key":"Whetstone"}],"event_choices":[{"event_name":"World of Goop","player_choice":"Gather Gold","floor":2,"damage_taken":0},{"event_name":"Golden Wing","player_choice":"Card Removal","floor":5,"damage_taken":0},{"event_name":"Bonfire Elementals","player_choice":"BASIC","floor":12,"damage_taken":0}],"is_beta":false,"boss_relics":[],"items_purged_floors":[4],"is_endless":false,"potions_floor_spawned":[3,7,10],"killed_by":"Hexaghost","ascension_level":2}