{"gold_per_floor":[109,119,18,18,18,18,18,33,59,59,84,99,132,132,132,258,258,278,301,316,14,29,29,29,29],"floor_reached":25,"playtime":2418,"items_purged":["Strike_B"],"score":390,"play_id":"f79fd72b-24e7-4902-9282-9e56cb1135ec","local_time":"20190323092216","is_ascension_mode":true,"campfire_choices":[{"data":"Fusion","floor":6.0,"key":"SMITH"},{"data":"Zap","floor":10.0,"key":"SMITH"},{"data":"Defragment","floor":15.0,"key":"SMITH"},{"data":"Dualcast","floor":23.0,"key":"SMITH"}],"neow_cost":"NONE","seed_source_timestamp":0,"circlet_count":0,"master_deck":["AscendersBane","Strike_B","Strike_B+1","Defend_B","Defend_B","Defend_B","Defend_B","Zap+1","Dualcast+1","Sweeping Beam","Fusion+1","Sweeping Beam+1","Compile Driver","Self Repair","Glacier","Defragment+1","Core Surge","Conserve Battery","Coolheaded","Leap+1","Hologram+1","Ghostly+1","Ghostly+1","Ghostly+1","Ghostly+1","Ghostly+1"],"special_seed":0,"relics":["Cracked Core","Golden Idol","Oddly Smooth Stone","Strawberry","White Beast Statue","Toxic Egg 2"],"potions_floor_usage":[25],"damage_taken":[{"damage":0.0,"enemies":"Small Slimes","floor":1.0,"turns":3.0},{"damage":1.0,"enemies":"Cultist","floor":2.0,"turns":3.0},{"damage":1.0,"enemies":"2 Louse","floor":8.0,"turns":3.0},{"damage":9.0,"enemies":"2 Fungi Beasts","floor":11.0,"turns":3.0},{"damage":5.0,"enemies":"Gremlin Gang","floor":12.0,"turns":4.0},{"damage":0.0,"enemies":"3 Sentries","floor":13.0,"turns":5.0},{"damage":14.0,"enemies":"Slime Boss","floor":16.0,"turns":11.0},{"damage":30.0,"enemies":"3 Byrds","floor":18.0,"turns":5.0},{"damage":0.0,"enemies":"Chosen","floor":19.0,"turns":6.0},{"damage":13.0,"enemies":"Centurion and Healer","floor":20.0,"turns":12.0},{"damage":2.0,"enemies":"3 Cultists","floor":22.0,"turns":7.0},{"damage":45,"enemies":"Book of Stabbing","floor":25,"turns":7}],"seed_played":"6949000656033745645","potions_obtained":[{"floor":2.0,"key":"GamblersBrew"},{"floor":8.0,"key":"AttackPotion"},{"floor":12.0,"key":"FearPotion"},{"floor":18.0,"key":"Fire Potion"},{"floor":19.0,"key":"Strength Potion"},{"floor":20.0,"key":"SpeedPotion"},{"floor":22.0,"key":"Ancient Potion"}],"is_trial":false,"path_per_floor":["M","M","$","?","?","R","?","M","T","R","M","M","E","?","R","B",null,"M","M","M","$","M","R","?","E"],"character_chosen":"DEFECT","items_purchased":["Sweeping Beam","Toxic Egg 2","Leap+1"],"campfire_rested":0,"item_purchase_floors":[3,21,21],"current_hp_per_floor":[75,74,74,74,74,74,74,73,73,73,64,66,80,63,63,56,76,46,53,47,47,52,52,41,0],"gold":29,"neow_bonus":"TEN_PERCENT_HP_BONUS","is_prod":false,"is_daily":false,"chose_seed":false,"campfire_upgraded":4,"win_rate":0,"timestamp":1553347336,"path_taken":["M","M","$","?","?","R","?","M","T","R","M","?","E","?","R","BOSS","M","M","M","$","M","R","?","E"],"build_version":"2019-01-23","purchased_purges":1,"victory":false,"max_hp_per_floor":[82,82,82,76,76,76,76,76,76,76,76,76,83,83,83,83,83,83,83,83,83,83,83,41,41],"card_choices":[{"not_picked":["Stack","Self Repair"],"picked":"Sweeping Beam","floor":1.0},{"not_picked":["Hologram","Scrape"],"picked":"Fusion","floor":2.0},{"not_picked":["Chill","Barrage"],"picked":"Compile Driver","floor":8.0},{"not_picked":["Static Discharge","Hologram"],"picked":"Self Repair","floor":11.0},{"not_picked":["Turbo","White Noise"],"picked":"Glacier","floor":12.0},{"not_picked":["Chaos","Tempest"],"picked":"Defragment","floor":13.0},{"not_picked":["Reboot","Multi-Cast"],"picked":"Core Surge","floor":16.0},{"not_picked":["Aggregate+1","Compile Driver+1"],"picked":"Conserve Battery","floor":18.0},{"not_picked":["Turbo","Gash","Rebound"],"picked":"SKIP","floor":19.0},{"not_picked":["Rebound+1","Melter"],"picked":"Coolheaded","floor":20.0},{"not_picked":["Conserve Battery+1","Turbo+1"],"picked":"Hologram+1","floor":22.0}],"player_experience":1984238,"relics_obtained":[{"floor":9.0,"key":"Oddly Smooth Stone"},{"floor":13.0,"key":"Strawberry"}],"event_choices":[{"damage_healed":0.0,"max_hp_gain":0.0,"max_hp_loss":6.0,"gold_gain":0.0,"event_name":"Golden Idol","player_choice":"Lose Max HP","floor":4.0,"gold_loss":0.0,"damage_taken":0.0,"relics_obtained":["Golden Idol"]},{"damage_healed":0.0,"max_hp_gain":0.0,"max_hp_loss":0.0,"gold_gain":0.0,"event_name":"The Cleric","player_choice":"Leave","floor":5.0,"gold_loss":0.0,"damage_taken":0.0},{"cards_removed":["Strike_B"],"damage_healed":0.0,"max_hp_gain":0.0,"max_hp_loss":0.0,"gold_gain":0.0,"event_name":"Purifier","player_choice":"Purged","floor":7.0,"gold_loss":0.0,"damage_taken":0.0},{"damage_healed":0.0,"max_hp_gain":0.0,"max_hp_loss":0.0,"gold_gain":0.0,"event_name":"Shining Light","player_choice":"Entered Light","floor":14.0,"gold_loss":0.0,"damage_taken":17.0,"cards_upgraded":["Strike_B","Sweeping Beam"]},{"damage_healed":0.0,"max_hp_gain":0.0,"max_hp_loss":42.0,"gold_gain":0.0,"event_name":"Ghosts","player_choice":"Became a Ghost","floor":24.0,"gold_loss":0.0,"damage_taken":0.0,"cards_obtained":["Ghostly","Ghostly","Ghostly","Ghostly","Ghostly"]}],"is_beta":false,"boss_relics":[{"not_picked":["Lizard Tail","Calling Bell"],"picked":"White Beast Statue"}],"items_purged_floors":[3],"is_endless":false,"potions_floor_spawned":[2,8,12,18,19,20,22],"killed_by":"Book of Stabbing","ascension_level":12}