{"gold_per_floor":[114,114,33,48,13,13,13,29,29,29,48,48,48,65,65,65],"floor_reached":16,"playtime":622,"items_purged":[],"score":113,"play_id":"b67e6885-3db2-4c87-94ff-59a35a97b37e","local_time":"20190409210126","is_ascension_mode":true,"campfire_choices":[{"data":"Underhanded Strike","floor":7,"key":"SMITH"},{"data":"Unload","floor":10,"key":"SMITH"},{"data":"Dagger Throw","floor":15,"key":"SMITH"}],"neow_cost":"NONE","seed_source_timestamp":47759761131983,"circlet_count":0,"master_deck":["Defend_G","Defend_G+1","Defend_G","Defend_G","Defend_G+1","Strike_G","Strike_G","Strike_G","Strike_G","Strike_G","Survivor","Neutralize","Acrobatics","Unload+1","Underhanded Strike+1","Dagger Throw+1","Deflect","Reflex"],"relics":["Ring of the Snake","Regal Pillow","Juzu Bracelet","Frozen Egg 2"],"potions_floor_usage":[16,16],"damage_taken":[{"damage":3,"enemies":"Small Slimes","floor":1,"turns":4},{"damage":0,"enemies":"Jaw Worm","floor":4,"turns":5},{"damage":5,"enemies":"2 Louse","floor":8,"turns":2},{"damage":7,"enemies":"2 Fungi Beasts","floor":11,"turns":4},{"damage":0,"enemies":"Red Slaver","floor":14,"turns":2},{"damage":64,"enemies":"Slime Boss","floor":16,"turns":10}],"seed_played":"-3446843707617511990","potions_obtained":[{"floor":4,"key":"Explosive Potion"},{"floor":8,"key":"EssenceOfSteel"},{"floor":11,"key":"Swift Potion"},{"floor":12,"key":"Dexterity Potion"}],"is_trial":false,"path_per_floor":["M","?","$","M","?","?","R","M","T","R","M","?","$","M","R","B"],"character_chosen":"THE_SILENT","items_purchased":["Unload"],"campfire_rested":0,"item_purchase_floors":[3],"current_hp_per_floor":[67,53,53,53,70,63,63,58,58,58,51,51,51,51,51,0],"gold":65,"neow_bonus":"RANDOM_COMMON_RELIC","is_prod":false,"is_daily":false,"chose_seed":false,"campfire_upgraded":3,"win_rate":0,"timestamp":1554861686,"path_taken":["M","?","$","M","?","?","R","M","T","R","M","?","$","M","R","BOSS"],"build_version":"2019-01-23","purchased_purges":0,"victory":false,"max_hp_per_floor":[70,70,70,70,70,70,70,70,70,70,70,70,70,70,70,70],"card_choices":[{"not_picked":["PiercingWail","Deflect"],"picked":"Acrobatics","floor":1},{"not_picked":["Calculated Gamble","Slice"],"picked":"Underhanded Strike","floor":4},{"not_picked":["Terror","Quick Slash"],"picked":"Dagger Throw","floor":8},{"not_picked":["Slice","Noxious Fumes+1"],"picked":"Deflect","floor":11},{"not_picked":["Venomology","Sucker Punch"],"picked":"Reflex","floor":14}],"player_experience":803677,"relics_obtained":[{"floor":9,"key":"Frozen Egg 2"}],"event_choices":[{"damage_healed":0,"gold_gain":0,"player_choice":"Entered Light","damage_taken":14,"max_hp_gain":0,"max_hp_loss":0,"event_name":"Shining Light","floor":2,"gold_loss":0,"cards_upgraded":["Defend_G","Defend_G"]},{"damage_healed":17,"gold_gain":0,"player_choice":"Healed","damage_taken":0,"max_hp_gain":0,"max_hp_loss":0,"event_name":"The Cleric","floor":5,"gold_loss":35},{"damage_healed":0,"gold_gain":0,"player_choice":"Success","damage_taken":7,"relics_obtained":["Juzu Bracelet"],"max_hp_gain":0,"max_hp_loss":0,"event_name":"Scrap Ooze","floor":6,"gold_loss":0},{"damage_healed":0,"gold_gain":0,"player_choice":"Got Potions","damage_taken":0,"max_hp_gain":0,"max_hp_loss":0,"event_name":"Lab","floor":12,"gold_loss":0}],"is_beta":false,"boss_relics":[],"items_purged_floors":[],"is_endless":false,"potions_floor_spawned":[4,8,11],"killed_by":"Slime Boss","ascension_level":5}