{"gold_per_floor":[116,116,127,127,142,206,223,223,223,237,2,2,30,44,44,119,119,129,129,145,161,2,37,37,53,53,72,72],"floor_reached":28,"playtime":2968,"items_purged":["Strike_R"],"score":604,"play_id":"4bb2e4a6-e3ac-4370-af09-b3a9f0e7b642","local_time":"20190402143814","is_ascension_mode":true,"campfire_choices":[{"floor":8.0,"key":"REST"},{"data":"Uppercut","floor":12.0,"key":"SMITH"},{"data":"Bludgeon","floor":15.0,"key":"SMITH"},{"data":"Armaments","floor":24,"key":"SMITH"}],"neow_cost":"NONE","seed_source_timestamp":0,"circlet_count":0,"master_deck":["AscendersBane","Strike_R","Strike_R+1","Strike_R","Defend_R+1","Defend_R","Defend_R","Defend_R","Bash","Sword Boomerang","Uppercut+1","Pummel","Headbutt","Twin Strike","Ghostly Armor","Bludgeon+1","Metallicize","True Grit","Demon Form","Armaments+1","Pummel","Evolve","Shrug It Off","Feel No Pain","Metallicize+1","Flame Barrier","Rampage+1","True Grit","Battle Trance","Offering"],"special_seed":0,"relics":["Burning Blood","Tiny Chest","Meat on the Bone","PreservedInsect","Prayer Wheel","Mark of Pain","Kunai","Blue Candle"],"potions_floor_usage":[28,28,28,28],"damage_taken":[{"damage":15.0,"enemies":"Small Slimes","floor":1.0,"turns":5.0},{"damage":7.0,"enemies":"2 Louse","floor":3.0,"turns":2.0},{"damage":1.0,"enemies":"Cultist","floor":5.0,"turns":3.0},{"damage":54.0,"enemies":"Lagavulin","floor":6.0,"turns":7.0},{"damage":15.0,"enemies":"Exordium Thugs","floor":7.0,"turns":4.0},{"damage":4.0,"enemies":"Looter","floor":10.0,"turns":3.0},{"damage":20.0,"enemies":"3 Sentries","floor":13.0,"turns":7.0},{"damage":7.0,"enemies":"Lots of Slimes","floor":14.0,"turns":3.0},{"damage":0.0,"enemies":"Slime Boss","floor":16.0,"turns":7.0},{"damage":31,"enemies":"Shell Parasite","floor":18,"turns":4},{"damage":9,"enemies":"Spheric Guardian","floor":20,"turns":4},{"damage":0,"enemies":"Snecko","floor":21,"turns":3},{"damage":18,"enemies":"Slavers","floor":23,"turns":7},{"damage":21,"enemies":"Chosen and Byrds","floor":25,"turns":7},{"damage":18,"enemies":"Centurion and Healer","floor":27,"turns":7},{"damage":54,"enemies":"Gremlin Leader","floor":28,"turns":6}],"seed_played":"1889728135681122852","potions_obtained":[{"floor":6.0,"key":"Strength Potion"},{"floor":10.0,"key":"Explosive Potion"},{"floor":13.0,"key":"Strength Potion"},{"floor":14.0,"key":"AttackPotion"},{"floor":18,"key":"FearPotion"},{"floor":20,"key":"GamblersBrew"},{"floor":25,"key":"EntropicBrew"}],"is_trial":false,"path_per_floor":["M","?","M","?","M","E","M","R","T","M","$","R","E","M","R","B",null,"M","?","M","M","$","E","R","M","T","M","E"],"character_chosen":"IRONCLAD","items_purchased":["PreservedInsect","Ghostly Armor","Flame Barrier"],"campfire_rested":1,"item_purchase_floors":[11,11,22],"current_hp_per_floor":[66,41,40,67,72,24,15,39,39,53,53,53,51,50,50,56,76,51,51,48,54,54,54,54,51,51,51,0],"gold":72,"neow_bonus":"TEN_PERCENT_HP_BONUS","is_prod":false,"is_daily":false,"chose_seed":false,"campfire_upgraded":3,"win_rate":0,"timestamp":1554230294,"path_taken":["M","?","M","?","M","E","M","R","T","M","$","R","E","M","R","BOSS","M","?","M","M","$","E","R","M","T","?","E"],"build_version":"2019-01-23","purchased_purges":1,"victory":false,"max_hp_per_floor":[82,82,82,82,82,82,82,82,82,82,82,82,82,82,82,82,82,82,82,82,82,82,82,82,82,82,82,82],"card_choices":[{"not_picked":["Wild Strike","Hemokinesis"],"picked":"Sword Boomerang","floor":1.0},{"not_picked":["Seeing Red","Warcry"],"picked":"Uppercut","floor":3.0},{"not_picked":["Burning Pact","Warcry"],"picked":"Pummel","floor":5.0},{"not_picked":["Power Through","Wild Strike"],"picked":"Headbutt","floor":6.0},{"not_picked":["Body Slam","Heavy Blade"],"picked":"Twin Strike","floor":7.0},{"not_picked":["Wild Strike","Clash","Thunderclap"],"picked":"SKIP","floor":10.0},{"not_picked":["Anger","Clash"],"picked":"Bludgeon","floor":13.0},{"not_picked":["Intimidate","Seeing Red"],"picked":"Metallicize","floor":14.0},{"not_picked":["Combust","Warcry"],"picked":"True Grit","floor":14.0},{"not_picked":["Juggernaut","Limit Break"],"picked":"Demon Form","floor":16.0},{"not_picked":["Headbutt","Sword Boomerang"],"picked":"Armaments","floor":18},{"not_picked":["Carnage","Headbutt"],"picked":"Pummel","floor":18},{"not_picked":["Fire Breathing+1","Sword Boomerang"],"picked":"Evolve","floor":20},{"not_picked":["Spot Weakness","Rampage"],"picked":"Shrug It Off","floor":20},{"not_picked":["Twin Strike","Heavy Blade"],"picked":"Feel No Pain","floor":21},{"not_picked":["Iron Wave","True Grit"],"picked":"Metallicize+1","floor":21},{"not_picked":["Warcry","Combust"],"picked":"Rampage+1","floor":23},{"not_picked":["Cleave","Flex"],"picked":"True Grit","floor":25},{"not_picked":["Clash","Rupture"],"picked":"Battle Trance","floor":25},{"not_picked":["Seeing Red","Anger+1"],"picked":"Offering","floor":27},{"not_picked":["Bloodletting","Warcry","Body Slam+1"],"picked":"SKIP","floor":27}],"player_experience":782347,"relics_obtained":[{"floor":6.0,"key":"Tiny Chest"},{"floor":9.0,"key":"Meat on the Bone"},{"floor":13.0,"key":"Prayer Wheel"},{"floor":23,"key":"Kunai"},{"floor":26,"key":"Blue Candle"}],"event_choices":[{"damage_healed":0.0,"max_hp_gain":0.0,"max_hp_loss":0.0,"gold_gain":0.0,"event_name":"Shining Light","player_choice":"Entered Light","floor":2.0,"gold_loss":0.0,"damage_taken":25.0,"cards_upgraded":["Strike_R","Defend_R"]},{"damage_healed":27.0,"max_hp_gain":0.0,"max_hp_loss":0.0,"gold_gain":0.0,"event_name":"Big Fish","player_choice":"Banana","floor":4.0,"gold_loss":0.0,"damage_taken":0.0},{"cards_removed":["Strike_R"],"damage_healed":0,"gold_gain":0,"player_choice":"Purged","damage_taken":0,"max_hp_gain":0,"max_hp_loss":0,"event_name":"Purifier","floor":19,"gold_loss":0}],"is_beta":false,"boss_relics":[{"not_picked":["White Beast Statue","Ectoplasm"],"picked":"Mark of Pain"}],"items_purged_floors":[22],"is_endless":false,"potions_floor_spawned":[6,10,13,14,18,20,25],"killed_by":"Gremlin Leader","ascension_level":20}