{"gold_per_floor":[215,290,27,45,59,59,88,88,114,140,155,155,167,194,194,267,267,278,278,288,308,6,37,37,54,78,78,78,20,46,66,66,140,140,158,158,0,0,15,15,30,30,30,30,46,57,57,70,70,70],"floor_reached":50,"playtime":2997,"items_purged":[],"score":1029,"play_id":"c3d75fc6-43df-49e5-a42e-53a3ba255fda","local_time":"20190403000703","is_ascension_mode":true,"campfire_choices":[{"data":"Bash","floor":6,"key":"SMITH"},{"floor":12,"key":"REST"},{"data":"Immolate","floor":15,"key":"SMITH"},{"data":"Pommel Strike","floor":24,"key":"SMITH"},{"data":"Uppercut","floor":27,"key":"SMITH"},{"data":"Metallicize","floor":32,"key":"SMITH"},{"data":"Carnage","floor":40,"key":"SMITH"},{"data":"Metallicize","floor":42,"key":"SMITH"},{"floor":49,"key":"RECALL"}],"neow_cost":"NONE","seed_source_timestamp":1708628296436400,"circlet_count":0,"master_deck":["AscendersBane","Strike_R","Strike_R","Strike_R","Defend_R","Defend_R","Defend_R","Defend_R","Bash+1","Sword Boomerang","Cleave+1","Metallicize+1","Cleave","Anger","Pummel","Immolate+1","Armaments+1","Carnage+1","Armaments+1","Double Tap+1","Shrug It Off+1","Warcry+1","Battle Trance+1","Metallicize+1","Spot Weakness+1","Uppercut+1","True Grit+1","Offering+1","Anger","Double Tap+1","Anger","Warcry+1","Thunderclap+1","Clothesline","Limit Break+1"],"relics":["Burning Blood","Tiny Chest","Omamori","Red Skull","Toxic Egg 2","Ice Cream","Coffee Dripper","Kunai","Bag of Marbles","Vajra","Lantern","Paper Frog","Bottled Flame","Empty Cage","Red Mask","Meat on the Bone"],"potions_floor_usage":[7,14,16,23,25,30,50],"damage_taken":[{"damage":11,"enemies":"Small Slimes","floor":1,"turns":5},{"damage":2,"enemies":"2 Louse","floor":4,"turns":2},{"damage":1,"enemies":"Cultist","floor":5,"turns":3},{"damage":29,"enemies":"Lagavulin","floor":7,"turns":6},{"damage":15,"enemies":"3 Sentries","floor":10,"turns":4},{"damage":12,"enemies":"Exordium Wildlife","floor":11,"turns":2},{"damage":7,"enemies":"Exordium Thugs","floor":13,"turns":4},{"damage":6,"enemies":"Gremlin Nob","floor":14,"turns":3},{"damage":28,"enemies":"Slime Boss","floor":16,"turns":7},{"damage":0,"enemies":"Chosen","floor":18,"turns":3},{"damage":23,"enemies":"Shell Parasite","floor":20,"turns":6},{"damage":23,"enemies":"Centurion and Healer","floor":21,"turns":4},{"damage":25,"enemies":"Slavers","floor":23,"turns":3},{"damage":0,"enemies":"Snake Plant","floor":25,"turns":1},{"damage":3,"enemies":"Book of Stabbing","floor":30,"turns":3},{"damage":15,"enemies":"Shelled Parasite and Fungi","floor":31,"turns":2},{"damage":15,"enemies":"Automaton","floor":33,"turns":8},{"damage":13,"enemies":"3 Shapes","floor":35,"turns":6},{"damage":6,"enemies":"3 Darklings","floor":39,"turns":3},{"damage":19,"enemies":"Spire Growth","floor":41,"turns":3},{"damage":11,"enemies":"4 Shapes","floor":45,"turns":2},{"damage":3,"enemies":"Sphere and 2 Shapes","floor":46,"turns":2},{"damage":31,"enemies":"Maw","floor":48,"turns":6},{"damage":49,"enemies":"Donu and Deca","floor":50,"turns":4}],"seed_played":"1917038510057754795","potions_obtained":[{"floor":4,"key":"FearPotion"},{"floor":10,"key":"FearPotion"},{"floor":11,"key":"Energy Potion"},{"floor":13,"key":"SkillPotion"},{"floor":16,"key":"SteroidPotion"},{"floor":20,"key":"SteroidPotion"},{"floor":23,"key":"BloodPotion"},{"floor":25,"key":"AttackPotion"},{"floor":35,"key":"GamblersBrew"},{"floor":41,"key":"Ancient Potion"},{"floor":46,"key":"BloodPotion"}],"is_trial":false,"path_per_floor":["M","?","$","M","M","R","E","?","T","E","M","R","M","E","R","B",null,"M","?","M","M","$","E","R","M","T","R","T","$","E","M","R","B",null,"M","T","?","?","M","R","M","R","T","?","M","M","$","M","R","B"],"character_chosen":"IRONCLAD","items_purchased":["Tiny Chest","Cleave","Metallicize","Battle Trance+1","Bag of Marbles","Metallicize","True Grit+1"],"campfire_rested":1,"item_purchase_floors":[3,3,3,22,22,22,29],"current_hp_per_floor":[63,52,52,56,61,61,38,38,38,29,23,45,44,44,44,22,62,68,68,51,34,34,15,15,28,28,28,28,28,31,22,22,13,60,53,53,53,53,53,53,40,40,40,40,47,50,50,37,37,0],"gold":70,"neow_bonus":"HUNDRED_GOLD","is_prod":false,"is_daily":false,"chose_seed":false,"campfire_upgraded":7,"win_rate":0,"timestamp":1554264423,"path_taken":["M","?","$","M","M","R","E","?","T","E","M","R","M","E","R","BOSS","M","?","M","M","$","E","R","?","T","R","?","$","E","M","R","BOSS","M","?","?","?","M","R","M","R","T","?","M","M","?","?","R","BOSS"],"build_version":"2019-01-23","purchased_purges":0,"victory":false,"max_hp_per_floor":[75,75,75,75,75,75,75,75,75,75,75,75,75,75,75,75,75,75,75,75,75,75,75,75,75,75,75,75,75,75,75,75,75,75,75,75,75,75,75,75,75,75,75,71,71,71,71,71,71,71],"card_choices":[{"not_picked":["Seeing Red","Clash"],"picked":"Sword Boomerang","floor":1},{"not_picked":["Searing Blow","Havoc"],"picked":"Cleave","floor":4},{"not_picked":["Feel No Pain","Searing Blow"],"picked":"Anger","floor":5},{"not_picked":["Body Slam","Clash"],"picked":"Pummel","floor":7},{"not_picked":["Twin Strike","Hemokinesis"],"picked":"Immolate","floor":10},{"not_picked":["Inflame","Power Through+1"],"picked":"Armaments+1","floor":11},{"not_picked":["Dual Wield+1","Searing Blow"],"picked":"Carnage","floor":13},{"not_picked":["Sever Soul","Entrench+1"],"picked":"Armaments+1","floor":14},{"not_picked":["Brutality","Dark Embrace"],"picked":"Double Tap+1","floor":16},{"not_picked":["Pommel Strike","Clash"],"picked":"Shrug It Off+1","floor":18},{"not_picked":["Seeing Red+1","Thunderclap"],"picked":"Warcry+1","floor":20},{"not_picked":["Power Through+1","Heavy Blade"],"picked":"Pommel Strike","floor":21},{"not_picked":["Combust","Iron Wave"],"picked":"Spot Weakness+1","floor":23},{"not_picked":["Anger","Heavy Blade+1"],"picked":"Uppercut","floor":25},{"not_picked":["Combust","Iron Wave"],"picked":"Offering+1","floor":30},{"not_picked":["Iron Wave","Flex+1"],"picked":"Anger","floor":31},{"not_picked":["Barricade","Juggernaut"],"picked":"Double Tap+1","floor":33},{"not_picked":["Sword Boomerang","Whirlwind","Headbutt"],"picked":"SKIP","floor":35},{"not_picked":["Reckless Charge","Twin Strike"],"picked":"Anger","floor":39},{"not_picked":["Wild Strike","Heavy Blade"],"picked":"Warcry+1","floor":41},{"not_picked":["Sever Soul+1","Body Slam+1"],"picked":"Thunderclap+1","floor":45},{"not_picked":["Spot Weakness+1","Heavy Blade"],"picked":"Clothesline","floor":46},{"not_picked":["Thunderclap","True Grit+1"],"picked":"Limit Break+1","floor":48}],"player_experience":789888,"relics_obtained":[{"floor":7,"key":"Omamori"},{"floor":9,"key":"Red Skull"},{"floor":10,"key":"Toxic Egg 2"},{"floor":14,"key":"Ice Cream"},{"floor":23,"key":"Vajra"},{"floor":26,"key":"Lantern"},{"floor":28,"key":"Paper Frog"},{"floor":30,"key":"Bottled Flame"},{"floor":43,"key":"Meat on the Bone"}],"event_choices":[{"damage_healed":0,"gold_gain":75,"player_choice":"Gather Gold","damage_taken":11,"max_hp_gain":0,"max_hp_loss":0,"event_name":"World of Goop","floor":2,"gold_loss":0},{"damage_healed":0,"gold_gain":0,"player_choice":"Grow","damage_taken":0,"max_hp_gain":0,"max_hp_loss":0,"event_name":"Living Wall","floor":8,"gold_loss":0,"cards_upgraded":["Cleave"]},{"damage_healed":0,"gold_gain":0,"player_choice":"Gave Potion","damage_taken":0,"relics_obtained":["Kunai"],"max_hp_gain":0,"max_hp_loss":0,"event_name":"WeMeetAgain","floor":19,"gold_loss":0},{"damage_healed":0,"gold_gain":0,"player_choice":"Paid","damage_taken":0,"relics_obtained":["Red Mask"],"max_hp_gain":0,"max_hp_loss":0,"event_name":"Tomb of Lord Red Mask","floor":37,"gold_loss":158},{"cards_removed":["Pommel Strike"],"damage_healed":0,"gold_gain":0,"player_choice":"Removed Attack","damage_taken":0,"max_hp_gain":0,"max_hp_loss":0,"event_name":"Falling","floor":38,"gold_loss":0},{"damage_healed":0,"gold_gain":0,"player_choice":"Max HP","damage_taken":0,"max_hp_gain":0,"max_hp_loss":4,"event_name":"Winding Halls","floor":44,"gold_loss":0}],"is_beta":false,"boss_relics":[{"not_picked":["Runic Cube","Eternal Feather"],"picked":"Coffee Dripper"},{"not_picked":["Pandora\u0027s Box","Cursed Key"],"picked":"Empty Cage"}],"items_purged_floors":[],"is_endless":false,"potions_floor_spawned":[4,10,11,13,16,20,23,25,35,41,46],"killed_by":"Donu and Deca","ascension_level":20}