{"gold_per_floor":[369,386,58,93,132,183,183,11,11,87,87,120,5,43,43,162,162,213,249,264,86,86],"floor_reached":22,"playtime":2023,"items_purged":["Strike_G","Strike_G"],"score":238,"play_id":"d14f50a9-8bf6-4097-9856-2d2920234a70","local_time":"20190409213700","is_ascension_mode":true,"campfire_choices":[{"floor":7,"key":"REST"},{"floor":15,"key":"REST"}],"neow_cost":"PERCENT_DAMAGE","seed_source_timestamp":48492704617867,"circlet_count":0,"master_deck":["Defend_G","Defend_G","Defend_G","Defend_G","Defend_G","Strike_G","Strike_G","Survivor","Neutralize","Backflip","Leg Sweep","HandOfGreed","Escape Plan","Well Laid Plans","Distraction","Caltrops","Swift Strike","Outmaneuver","Backflip","Flash of Steel","Prepared","Flying Knee","Dagger Spray","Envenom","Blur","Footwork","Dagger Spray+1","Prepared","Dagger Throw"],"relics":["Ring of the Serpent","Dream Catcher","Happy Flower","Bottled Flame"],"potions_floor_usage":[14,16,19,20],"damage_taken":[{"damage":0,"enemies":"Cultist","floor":1,"turns":6},{"damage":1,"enemies":"2 Louse","floor":2,"turns":3},{"damage":0,"enemies":"Jaw Worm","floor":4,"turns":3},{"damage":0,"enemies":"Exordium Wildlife","floor":5,"turns":7},{"damage":12,"enemies":"Lagavulin","floor":6,"turns":12},{"damage":2,"enemies":"3 Louse","floor":10,"turns":5},{"damage":12,"enemies":"Gremlin Gang","floor":12,"turns":5},{"damage":0,"enemies":"Exordium Wildlife","floor":14,"turns":5},{"damage":5,"enemies":"The Guardian","floor":16,"turns":12},{"damage":1,"enemies":"3 Byrds","floor":18,"turns":5},{"damage":28,"enemies":"Spheric Guardian","floor":19,"turns":8},{"damage":8,"enemies":"Shelled Parasite and Fungi","floor":20,"turns":10},{"damage":39,"enemies":"Centurion and Healer","floor":22,"turns":6}],"seed_played":"-3111312489134468894","potions_obtained":[{"floor":4,"key":"PowerPotion"},{"floor":5,"key":"PowerPotion"},{"floor":6,"key":"AttackPotion"},{"floor":12,"key":"Energy Potion"},{"floor":18,"key":"Swift Potion"}],"is_trial":false,"path_per_floor":["M","M","$","M","M","E","R","$","T","M","?","M","$","M","R","B",null,"M","M","M","$","M"],"character_chosen":"THE_SILENT","items_purchased":["Dream Catcher","HandOfGreed","Swift Strike","Flash of Steel","Prepared","Prepared","Dagger Throw"],"campfire_rested":2,"item_purchase_floors":[3,3,8,13,13,21,21],"current_hp_per_floor":[49,48,48,48,48,36,57,57,57,55,55,43,43,43,64,59,67,66,38,30,30,0],"gold":86,"neow_bonus":"TWO_FIFTY_GOLD","is_prod":false,"is_daily":false,"chose_seed":false,"campfire_upgraded":0,"win_rate":0,"timestamp":1554863820,"path_taken":["M","M","$","M","M","E","R","?","T","?","?","?","?","M","R","BOSS","M","M","M","$","M"],"build_version":"2019-01-23","purchased_purges":2,"victory":false,"max_hp_per_floor":[70,70,70,70,70,70,70,70,70,70,70,70,70,70,70,70,70,70,70,70,70,70],"card_choices":[{"not_picked":["Dodge and Roll","Flying Knee"],"picked":"Backflip","floor":1},{"not_picked":["Acrobatics","Masterful Stab"],"picked":"Leg Sweep","floor":2},{"not_picked":["Underhanded Strike","Slice"],"picked":"Escape Plan","floor":4},{"not_picked":["Crippling Poison","Quick Slash"],"picked":"Well Laid Plans","floor":5},{"not_picked":["Blur","Flying Knee"],"picked":"Distraction","floor":6},{"not_picked":["Poisoned Stab","Backstab"],"picked":"Caltrops","floor":7},{"not_picked":["Venomology","Cloak And Dagger"],"picked":"Outmaneuver","floor":10},{"not_picked":["Backstab","Skewer"],"picked":"Backflip","floor":12},{"not_picked":["Underhanded Strike","Infinite Blades"],"picked":"Flying Knee","floor":14},{"not_picked":["Flying Knee","Slice"],"picked":"Dagger Spray","floor":15},{"not_picked":["Grand Finale","Doppelganger"],"picked":"Envenom","floor":16},{"not_picked":["Sucker Punch","Quick Slash+1"],"picked":"Blur","floor":18},{"not_picked":["Quick Slash","Accuracy"],"picked":"Footwork","floor":19},{"not_picked":["Acrobatics","Dagger Throw"],"picked":"Dagger Spray+1","floor":20}],"player_experience":804299,"relics_obtained":[{"floor":6,"key":"Happy Flower"},{"floor":9,"key":"Bottled Flame"}],"event_choices":[{"cards_removed":["Strike_G"],"damage_healed":0,"gold_gain":0,"player_choice":"Purged","damage_taken":0,"max_hp_gain":0,"max_hp_loss":0,"event_name":"Purifier","floor":11,"gold_loss":0}],"is_beta":false,"boss_relics":[{"not_picked":["Eternal Feather","White Beast Statue"],"picked":"Ring of the Serpent"}],"items_purged_floors":[8,21],"is_endless":false,"potions_floor_spawned":[4,5,6,10,12,18],"killed_by":"Centurion and Healer","ascension_level":5}