{"gold_per_floor":[362,362,380,6,6,6,32,32,55,75,96,21,57,76,76,199,199,220,236,236,63,63,63],"floor_reached":23,"playtime":2662,"items_purged":["Defend_R"],"score":241,"play_id":"d30cab75-2d15-436c-a335-851e58fe00e2","local_time":"20181228200538","is_ascension_mode":true,"campfire_choices":[{"data":"Bash","floor":6.0,"key":"SMITH"},{"data":"Body Slam","floor":15.0,"key":"SMITH"}],"neow_cost":"TEN_PERCENT_HP_LOSS","seed_source_timestamp":0,"circlet_count":0,"master_deck":["Strike_R","Strike_R","Defend_R","Defend_R","Defend_R","Bash+1","Armaments+1","Metallicize","Master of Strategy","Master of Strategy","Metallicize","Body Slam+1","Berserk","Body Slam","Rage","Necronomicurse","Reaper","Body Slam","Infernal Blade"],"special_seed":0,"relics":["Burning Blood","DollysMirror","Boot","Golden Idol","Bronze Scales","Orichalcum","Empty Cage","Necronomicon"],"potions_floor_usage":[],"damage_taken":[{"damage":1.0,"enemies":"2 Louse","floor":1.0,"turns":3.0},{"damage":2.0,"enemies":"Cultist","floor":3.0,"turns":4.0},{"damage":25.0,"enemies":"3 Sentries","floor":7.0,"turns":13.0},{"damage":0.0,"enemies":"Small Slimes","floor":10.0,"turns":4.0},{"damage":0.0,"enemies":"3 Louse","floor":11.0,"turns":4.0},{"damage":1.0,"enemies":"Lagavulin","floor":13.0,"turns":8.0},{"damage":0.0,"enemies":"Blue Slaver","floor":14.0,"turns":4.0},{"damage":48.0,"enemies":"The Guardian","floor":16.0,"turns":12.0},{"damage":8,"enemies":"Spheric Guardian","floor":18,"turns":5},{"damage":12,"enemies":"Shell Parasite","floor":19,"turns":8},{"damage":16,"enemies":"Snecko","floor":22,"turns":5},{"damage":60,"enemies":"Book of Stabbing","floor":23,"turns":6}],"seed_played":"3775753944337221095","potions_obtained":[{"floor":1.0,"key":"Strength Potion"},{"floor":3.0,"key":"Block Potion"},{"floor":11.0,"key":"SpeedPotion"},{"floor":14.0,"key":"Block Potion"}],"is_trial":false,"path_per_floor":["M","?","M","$","?","R","E","?","T","M","M","$","E","M","R","B",null,"M","M","?","$","M","E"],"character_chosen":"IRONCLAD","items_purchased":["Master of Strategy","DollysMirror","Reaper","Body Slam"],"campfire_rested":0,"item_purchase_floors":[4,4,21,21],"current_hp_per_floor":[72,72,72,72,72,72,53,35,35,41,47,47,52,58,58,16,72,70,64,48,48,45,0],"gold":63,"neow_bonus":"TWO_FIFTY_GOLD","is_prod":false,"is_daily":false,"chose_seed":false,"campfire_upgraded":2,"win_rate":0,"timestamp":1545995138,"path_taken":["M","?","?","$","?","R","E","?","T","M","M","?","E","M","R","BOSS","M","?","?","$","M","E"],"build_version":"2018-12-20","purchased_purges":1,"victory":false,"max_hp_per_floor":[72,72,72,72,72,72,72,72,72,72,72,72,72,72,72,72,72,72,72,72,72,72,72],"card_choices":[{"not_picked":["True Grit","Ghostly Armor"],"picked":"Armaments","floor":1.0},{"not_picked":["Heavy Blade","Searing Blow"],"picked":"Metallicize","floor":3.0},{"not_picked":["Pummel","Shrug It Off","Feel No Pain"],"picked":"SKIP","floor":7.0},{"not_picked":["Twin Strike","Iron Wave","Havoc"],"picked":"SKIP","floor":10.0},{"not_picked":["Rampage","Shockwave"],"picked":"Metallicize","floor":11.0},{"not_picked":["Fire Breathing","Rage","Intimidate"],"picked":"SKIP","floor":13.0},{"not_picked":["Feel No Pain","Battle Trance"],"picked":"Body Slam","floor":14.0},{"not_picked":["Limit Break","Offering"],"picked":"Berserk","floor":16.0},{"not_picked":["Clash+1","Wild Strike"],"picked":"Body Slam","floor":18},{"not_picked":["Sword Boomerang","Havoc"],"picked":"Rage","floor":19},{"not_picked":["Clash+1","Dual Wield"],"picked":"Infernal Blade","floor":22}],"player_experience":69950,"relics_obtained":[{"floor":7.0,"key":"Boot"},{"floor":9.0,"key":"Bronze Scales"},{"floor":13.0,"key":"Orichalcum"},{"floor":20,"key":"Necronomicon"}],"event_choices":[{"damage_healed":0.0,"max_hp_gain":0.0,"max_hp_loss":0.0,"gold_gain":0.0,"event_name":"Upgrade Shrine","player_choice":"Upgraded","floor":2.0,"gold_loss":0.0,"damage_taken":0.0,"cards_upgraded":["Armaments"]},{"cards_removed":["Strike_R"],"damage_healed":0.0,"max_hp_gain":0.0,"max_hp_loss":0.0,"gold_gain":0.0,"event_name":"Living Wall","player_choice":"Forget","floor":5.0,"gold_loss":0.0,"damage_taken":0.0},{"damage_healed":0.0,"max_hp_gain":0.0,"max_hp_loss":0.0,"gold_gain":0.0,"event_name":"Golden Idol","player_choice":"Take Damage","floor":8.0,"gold_loss":0.0,"damage_taken":18.0,"relics_obtained":["Golden Idol"]},{"damage_healed":0,"gold_gain":0,"player_choice":"Obtained Book","damage_taken":16,"max_hp_gain":0,"max_hp_loss":0,"event_name":"Cursed Tome","floor":20,"gold_loss":0}],"is_beta":false,"boss_relics":[{"not_picked":["Mark of Pain","Coffee Dripper"],"picked":"Empty Cage"}],"items_purged_floors":[12],"is_endless":false,"potions_floor_spawned":[1,3,11,14,16,18],"killed_by":"Book of Stabbing","ascension_level":4}