{"gold_per_floor":[210,360,20,31,46,46,61,94,149,149,159,159,193,204,204,204],"floor_reached":16,"playtime":858,"items_purged":[],"score":202,"play_id":"73c815e2-d1f4-4fcb-ba1f-427de4942a92","local_time":"20180824034425","is_ascension_mode":true,"campfire_choices":[{"data":"Sucker Punch","floor":6,"key":"SMITH"},{"data":"Neutralize","floor":10,"key":"SMITH"},{"data":"Skewer","floor":12,"key":"SMITH"},{"floor":15,"key":"REST"}],"neow_cost":"NONE","seed_source_timestamp":597059419167439,"circlet_count":0,"master_deck":["Defend_G","Defend_G","Defend_G","Defend_G","Defend_G","Strike_G+1","Strike_G+1","Strike_G","Strike_G","Strike_G","Survivor","Neutralize+1","AscendersBane","Sucker Punch+1","Doubt","Skewer+1","Slice","Caltrops","Bullet Time+1","Dodge and Roll+1","Dagger Throw","Deflect+1"],"relics":["Ring of the Snake","Toxic Egg 2","Bag of Marbles","Tiny Chest","Whetstone"],"potions_floor_usage":[8,8,16,16],"damage_taken":[{"damage":1,"enemies":"Cultist","floor":1,"turns":5},{"damage":0,"enemies":"Jaw Worm","floor":4,"turns":4},{"damage":0,"enemies":"2 Louse","floor":5,"turns":3},{"damage":8,"enemies":"Blue Slaver","floor":7,"turns":4},{"damage":18,"enemies":"Lagavulin","floor":8,"turns":6},{"damage":0,"enemies":"2 Fungi Beasts","floor":11,"turns":3},{"damage":14,"enemies":"3 Sentries","floor":13,"turns":12},{"damage":1,"enemies":"Exordium Wildlife","floor":14,"turns":3},{"damage":44,"enemies":"Slime Boss","floor":16,"turns":10}],"seed_played":"-5826338270067441731","potions_obtained":[{"floor":4,"key":"Swift Potion"},{"floor":5,"key":"PowerPotion"},{"floor":7,"key":"Poison Potion"},{"floor":11,"key":"Weak Potion"},{"floor":14,"key":"SneckoOil"}],"is_trial":false,"path_per_floor":["M","?","$","M","M","R","M","E","T","R","M","R","E","M","R"],"character_chosen":"THE_SILENT","items_purchased":["Toxic Egg 2","Skewer"],"campfire_rested":1,"item_purchase_floors":[3,3],"current_hp_per_floor":[58,58,58,58,58,58,50,32,32,32,32,32,18,17,36,0],"gold":204,"neow_bonus":"HUNDRED_GOLD","is_prod":false,"is_daily":false,"chose_seed":false,"campfire_upgraded":3,"win_rate":0,"timestamp":1535107465,"path_taken":["M","?","$","M","M","R","M","E","T","R","M","R","E","M","R","BOSS"],"build_version":"2018-08-16","purchased_purges":0,"victory":false,"max_hp_per_floor":[66,66,66,66,66,66,66,66,66,66,66,66,66,66,66,66],"card_choices":[{"not_picked":["Prepared","Blur"],"picked":"Sucker Punch","floor":1},{"not_picked":["Riddle With Holes","Caltrops"],"picked":"Slice","floor":4},{"not_picked":["Deadly Poison+1","Underhanded Strike"],"picked":"Caltrops","floor":5},{"not_picked":["Wraith Form v2","Acrobatics+1","Poisoned Stab"],"picked":"SKIP","floor":7},{"not_picked":["Dagger Throw","Bane"],"picked":"Bullet Time+1","floor":8},{"not_picked":["Deflect+1","Quick Slash"],"picked":"Dodge and Roll+1","floor":11},{"not_picked":["Prepared+1","Accuracy"],"picked":"Dagger Throw","floor":13},{"not_picked":["Blade Dance+1","Backflip+1"],"picked":"Deflect+1","floor":14}],"player_experience":605788,"relics_obtained":[{"floor":8,"key":"Bag of Marbles"},{"floor":9,"key":"Tiny Chest"},{"floor":13,"key":"Whetstone"}],"event_choices":[{"event_name":"Liars Game","player_choice":"agreed","floor":2,"damage_taken":0}],"is_beta":false,"boss_relics":[],"items_purged_floors":[],"is_endless":false,"potions_floor_spawned":[4,5,7,11,14],"killed_by":"Slime Boss","ascension_level":16}