{"gold_per_floor":[111,131,142,142,161,161,189,154,181,200,200,219,219,249,249,344,344,359,152,168,180,180],"floor_reached":22,"playtime":1874,"items_purged":[],"score":208,"play_id":"2242f3dc-95f8-4ca8-9fd8-e8d867bdc8c0","local_time":"20180722122043","is_ascension_mode":true,"campfire_choices":[{"data":"Caltrops","floor":6,"key":"SMITH"},{"floor":15,"key":"REST"}],"neow_cost":"","seed_source_timestamp":88302904341854,"circlet_count":0,"master_deck":["Defend_G+1","Defend_G","Defend_G","Defend_G","Defend_G+1","Strike_G","Strike_G","Strike_G","Strike_G","Strike_G","Survivor","Neutralize","Caltrops+1","Deadly Poison","Terror","Well Laid Plans","Envenom+1","Bane","Flying Knee","Cloak And Dagger","A Thousand Cuts","Escape Plan","Bane+1","Blade Dance+1"],"relics":["Ring of the Snake","Bag of Preparation","Centennial Puzzle","Snake Skull","Paper Crane","HoveringKite","Sling"],"potions_floor_usage":[12,16,16],"damage_taken":[{"damage":5,"enemies":"Cultist","floor":1,"turns":6},{"damage":0,"enemies":"2 Louse","floor":2,"turns":4},{"damage":2,"enemies":"Small Slimes","floor":3,"turns":3},{"damage":4,"enemies":"Blue Slaver","floor":5,"turns":5},{"damage":20,"enemies":"3 Sentries","floor":7,"turns":11},{"damage":6,"enemies":"Large Slime","floor":10,"turns":6},{"damage":2,"enemies":"Looter","floor":12,"turns":4},{"damage":5,"enemies":"Lagavulin","floor":14,"turns":5},{"damage":7,"enemies":"Hexaghost","floor":16,"turns":7},{"damage":8,"enemies":"Chosen","floor":18,"turns":5},{"damage":2,"enemies":"3 Byrds","floor":20,"turns":6},{"damage":3,"enemies":"Snecko","floor":21,"turns":5},{"damage":64,"enemies":"Slaver and Parasite","floor":22,"turns":5}],"seed_played":"-736683445656730036","potions_obtained":[{"floor":2,"key":"Regen Potion"},{"floor":5,"key":"LiquidBronze"},{"floor":14,"key":"EssenceOfSteel"},{"floor":21,"key":"SkillPotion"}],"is_trial":false,"path_per_floor":["M","M","M","?","M","R","E","?","T","M","?","M","?","E","R","B",null,"M","$","M","M"],"character_chosen":"THE_SILENT","items_purchased":["Sling"],"campfire_rested":1,"item_purchase_floors":[19],"current_hp_per_floor":[65,65,63,49,45,45,25,42,42,36,36,46,39,34,55,48,70,62,62,60,57,0],"gold":180,"neow_bonus":"","is_prod":false,"is_daily":false,"chose_seed":false,"campfire_upgraded":1,"win_rate":0,"timestamp":1532280043,"path_taken":["M","M","M","?","M","R","E","?","T","M","?","M","?","E","R","BOSS","M","$","M","M","M"],"build_version":"2018-07-19v2","purchased_purges":0,"victory":false,"max_hp_per_floor":[70,70,70,70,70,70,70,70,70,70,70,70,70,70,70,70,70,70,70,70,70,70],"card_choices":[{"not_picked":["Flying Knee","Underhanded Strike"],"picked":"Caltrops","floor":1},{"not_picked":["Quick Slash","Underhanded Strike"],"picked":"Deadly Poison","floor":2},{"not_picked":["PiercingWail","Prepared"],"picked":"Terror","floor":3},{"not_picked":["Flying Knee","Acrobatics"],"picked":"Well Laid Plans","floor":5},{"not_picked":["Deflect","Flechettes"],"picked":"Envenom","floor":7},{"not_picked":["Prepared","Deflect"],"picked":"Bane","floor":10},{"not_picked":["Dash","PiercingWail"],"picked":"Flying Knee","floor":12},{"not_picked":["Finisher","Backflip"],"picked":"Cloak And Dagger","floor":14},{"not_picked":["Wraith Form v2","Tools of the Trade"],"picked":"A Thousand Cuts","floor":16},{"not_picked":["Quick Slash","Dagger Throw"],"picked":"Escape Plan","floor":18},{"not_picked":["Quick Slash+1","Accuracy"],"picked":"Bane+1","floor":20},{"not_picked":["Reflex","PiercingWail+1"],"picked":"Blade Dance+1","floor":21}],"player_experience":153368,"relics_obtained":[{"floor":7,"key":"Bag of Preparation"},{"floor":9,"key":"Centennial Puzzle"},{"floor":14,"key":"Paper Crane"}],"event_choices":[{"event_name":"Shining Light","player_choice":"Entered Light","floor":4,"damage_taken":0},{"event_name":"The Cleric","player_choice":"Healed","floor":8,"damage_taken":0},{"event_name":"Living Wall","player_choice":"Grow","floor":11,"damage_taken":0},{"event_name":"Scrap Ooze","player_choice":"success","floor":13,"damage_taken":7}],"is_beta":false,"boss_relics":[{"not_picked":["Cursed Key","Sozu"],"picked":"HoveringKite"}],"items_purged_floors":[],"is_endless":false,"potions_floor_spawned":[2,5,14,21],"killed_by":"Slaver and Parasite","ascension_level":1}