{"gold_per_floor":[114,114,129,146,163,163,182,182,182,182,217,217,245,265,265,343,343,359,370,320,320,270,270,287,287],"floor_reached":25,"playtime":872,"items_purged":["Searing Blow","Decay"],"score":405,"play_id":"56457540-6f2b-4885-bf43-70a4e6c5d49f","local_time":"20190411232529","is_ascension_mode":true,"campfire_choices":[{"data":"Searing Blow","floor":6.0,"key":"SMITH"},{"data":"Searing Blow+1","floor":8.0,"key":"SMITH"},{"data":"Searing Blow+2","floor":10.0,"key":"SMITH"},{"data":"Searing Blow+3","floor":15.0,"key":"SMITH"},{"data":"Searing Blow+4","floor":23.0,"key":"SMITH"}],"neow_cost":"NONE","seed_source_timestamp":183541145264500,"circlet_count":0,"master_deck":["AscendersBane","Bash","Searing Blow+5","Burning Pact","Flame Barrier","Shrug It Off","True Grit","Fiend Fire","Combust","Clothesline","Berserk","Pommel Strike","Limit Break","Headbutt","Immolate"],"special_seed":0,"relics":["Burning Blood","NeowsBlessing","Meat on the Bone","Shuriken","Smiling Mask","Pandora\u0027s Box"],"potions_floor_usage":[],"damage_taken":[{"damage":0.0,"enemies":"Small Slimes","floor":1.0,"turns":1.0},{"damage":0.0,"enemies":"Cultist","floor":3.0,"turns":1.0},{"damage":0.0,"enemies":"Jaw Worm","floor":4.0,"turns":1.0},{"damage":12.0,"enemies":"Looter","floor":5.0,"turns":3.0},{"damage":9.0,"enemies":"Exordium Wildlife","floor":7.0,"turns":5.0},{"damage":40.0,"enemies":"Lagavulin","floor":11.0,"turns":5.0},{"damage":45.0,"enemies":"Gremlin Nob","floor":13.0,"turns":5.0},{"damage":16.0,"enemies":"Lots of Slimes","floor":14.0,"turns":4.0},{"damage":18.0,"enemies":"The Guardian","floor":16.0,"turns":16.0},{"damage":37.0,"enemies":"2 Thieves","floor":18.0,"turns":5.0},{"damage":27.0,"enemies":"Spheric Guardian","floor":19.0,"turns":4.0},{"damage":10,"enemies":"Centurion and Healer","floor":24,"turns":6},{"damage":39,"enemies":"Book of Stabbing","floor":25,"turns":4}],"seed_played":"-2001088542010419365","potions_obtained":[{"floor":3.0,"key":"Dexterity Potion"},{"floor":5.0,"key":"BloodPotion"},{"floor":7.0,"key":"FearPotion"},{"floor":11.0,"key":"LiquidBronze"},{"floor":13.0,"key":"LiquidBronze"},{"floor":19.0,"key":"Fire Potion"},{"floor":24,"key":"SpeedPotion"}],"is_trial":false,"path_per_floor":["M","?","M","M","M","R","M","R","T","R","E","?","E","M","R","B",null,"M","M","$","?","$","R","M","E"],"character_chosen":"IRONCLAD","items_purchased":[],"campfire_rested":0,"item_purchase_floors":[],"current_hp_per_floor":[74,74,75,75,69,69,66,66,66,66,51,51,24,26,26,26,63,44,35,35,35,35,35,43,4],"gold":287,"neow_bonus":"THREE_ENEMY_KILL","is_prod":false,"is_daily":false,"chose_seed":false,"campfire_upgraded":5,"win_rate":0,"timestamp":1555050329,"path_taken":["M","?","M","M","M","R","M","R","T","R","E","?","E","M","R","BOSS","M","M","$","?","$","R","M","E"],"build_version":"2019-01-23","purchased_purges":2,"victory":false,"max_hp_per_floor":[75,75,75,75,75,75,75,75,75,75,75,75,75,75,75,75,75,75,75,75,75,75,75,75,75],"card_choices":[{"not_picked":["Sword Boomerang","Clothesline"],"picked":"Searing Blow","floor":1.0},{"not_picked":["Cleave","Feel No Pain","Second Wind"],"picked":"SKIP","floor":3.0},{"not_picked":["Rupture","Warcry","Bloodletting"],"picked":"SKIP","floor":4.0},{"not_picked":["Heavy Blade","Anger","Clothesline"],"picked":"SKIP","floor":5.0},{"not_picked":["Sever Soul","Armaments"],"picked":"Burning Pact","floor":7.0},{"not_picked":["Body Slam","Shockwave"],"picked":"Flame Barrier","floor":11.0},{"not_picked":["Heavy Blade","Cleave","Twin Strike"],"picked":"SKIP","floor":13.0},{"not_picked":["Armaments","Shrug It Off"],"picked":"True Grit","floor":14.0},{"not_picked":["Twin Strike+1","Clothesline","Pommel Strike"],"picked":"SKIP","floor":18.0},{"not_picked":["Cleave","True Grit","Iron Wave+1"],"picked":"SKIP","floor":19.0},{"not_picked":["Sword Boomerang","Perfected Strike+1","Combust"],"picked":"SKIP","floor":24}],"player_experience":533527,"relics_obtained":[{"floor":9.0,"key":"Meat on the Bone"},{"floor":11.0,"key":"Shuriken"},{"floor":13.0,"key":"Smiling Mask"}],"event_choices":[{"damage_healed":0.0,"max_hp_gain":0.0,"max_hp_loss":0.0,"gold_gain":0.0,"event_name":"Liars Game","player_choice":"Ignored","floor":2.0,"gold_loss":0.0,"damage_taken":0.0},{"damage_healed":0.0,"max_hp_gain":0.0,"max_hp_loss":0.0,"gold_gain":0.0,"event_name":"Match and Keep!","player_choice":"1 cards matched","floor":12.0,"gold_loss":0.0,"damage_taken":0.0,"cards_obtained":["Shrug It Off"]},{"damage_healed":0.0,"max_hp_gain":0.0,"max_hp_loss":0.0,"gold_gain":0.0,"event_name":"Forgotten Altar","player_choice":"Smashed Altar","floor":21.0,"gold_loss":0.0,"damage_taken":0.0,"cards_obtained":["Decay"]}],"is_beta":false,"boss_relics":[{"not_picked":["Fusion Hammer","White Beast Statue"],"picked":"Pandora\u0027s Box"}],"items_purged_floors":[20,22],"is_endless":false,"potions_floor_spawned":[3,5,7,11,13,19,24],"killed_by":"Book of Stabbing","ascension_level":18}