{"gold_per_floor":[111,111,53,65,80,80,96,96,120,132,132],"floor_reached":11,"playtime":562,"items_purged":[],"score":130,"play_id":"b2701cdd-a70a-46a8-b052-fe34c1ed4c5c","local_time":"20190406165940","is_ascension_mode":true,"campfire_choices":[{"data":"Sucker Punch","floor":6,"key":"SMITH"},{"data":"Neutralize","floor":8,"key":"SMITH"}],"neow_cost":"NONE","seed_source_timestamp":145283104134500,"circlet_count":0,"master_deck":["AscendersBane","Defend_G","Defend_G","Defend_G","Defend_G","Defend_G","Strike_G","Strike_G","Strike_G","Strike_G","Strike_G","Survivor","Neutralize+1","Sucker Punch+1","Flying Knee","Heel Hook","Skewer","Dodge and Roll","Flying Knee"],"relics":["Ring of the Snake","FaceOfCleric","Orichalcum"],"potions_floor_usage":[7],"damage_taken":[{"damage":0,"enemies":"Small Slimes","floor":1,"turns":5},{"damage":1,"enemies":"Cultist","floor":4,"turns":4},{"damage":4,"enemies":"Jaw Worm","floor":5,"turns":4},{"damage":33,"enemies":"Exordium Thugs","floor":7,"turns":8},{"damage":19,"enemies":"Gremlin Gang","floor":10,"turns":5},{"damage":28,"enemies":"Lagavulin","floor":11,"turns":7}],"seed_played":"2901826014216245477","potions_obtained":[{"floor":5,"key":"Regen Potion"},{"floor":10,"key":"Ancient Potion"}],"is_trial":false,"path_per_floor":["M","?","$","M","M","R","M","R","T","M","E"],"character_chosen":"THE_SILENT","items_purchased":["Flying Knee"],"campfire_rested":0,"item_purchase_floors":[3],"current_hp_per_floor":[65,65,65,65,62,62,45,45,45,27,0],"gold":132,"neow_bonus":"TEN_PERCENT_HP_BONUS","is_prod":false,"is_daily":false,"chose_seed":false,"campfire_upgraded":2,"win_rate":0,"timestamp":1554584380,"path_taken":["M","?","?","?","M","R","M","R","T","M","E"],"build_version":"2019-01-23","purchased_purges":0,"victory":false,"max_hp_per_floor":[72,72,72,73,74,74,75,75,75,76,76],"card_choices":[{"not_picked":["Cloak And Dagger","Backflip"],"picked":"Sucker Punch","floor":1},{"not_picked":["Underhanded Strike","Reflex"],"picked":"Heel Hook","floor":4},{"not_picked":["Reflex","Backflip"],"picked":"Skewer","floor":5},{"not_picked":["Poisoned Stab","Blade Dance"],"picked":"Dodge and Roll","floor":7},{"not_picked":["Underhanded Strike","Quick Slash"],"picked":"Flying Knee","floor":10}],"player_experience":834194,"relics_obtained":[{"floor":9,"key":"Orichalcum"}],"event_choices":[{"damage_healed":0,"gold_gain":0,"player_choice":"Trade","damage_taken":0,"relics_obtained":["FaceOfCleric"],"max_hp_gain":0,"max_hp_loss":0,"event_name":"FaceTrader","floor":2,"gold_loss":0}],"is_beta":false,"boss_relics":[],"items_purged_floors":[],"is_endless":false,"potions_floor_spawned":[5,10],"killed_by":"Lagavulin","ascension_level":20}