{"gold_per_floor":[117,67,84,84,101,129,129,143,168,168,168,181,204,236,236,332,332,352,267,267,95,113,113,142,152,152,183,207,250,262,285,297,413,425,456,468,480,58,70,103,115,115,115,145,145,159,22,47,47,47],"floor_reached":51,"playtime":3374,"items_purged":["Defend_R","Defend_R"],"score":983,"play_id":"53794e2b-88b9-4cab-a21a-9d4755747b22","local_time":"20181224195258","is_ascension_mode":true,"campfire_choices":[{"data":"Bash","floor":7,"key":"SMITH"},{"data":"Clash","floor":10,"key":"SMITH"},{"data":"Clash","floor":15,"key":"SMITH"},{"floor":23,"key":"REST"},{"floor":30,"key":"REST"},{"floor":32,"key":"REST"},{"floor":42,"key":"DIG"},{"floor":45,"key":"DIG"},{"floor":49,"key":"REST"}],"neow_cost":"NONE","seed_source_timestamp":197367581672526,"circlet_count":0,"master_deck":["Strike_R","Strike_R","Strike_R+1","Strike_R","Strike_R","Bash+1","Clash+1","Second Wind","Cleave+1","Clash+1","Sword Boomerang","Bludgeon","Rage","Pommel Strike+1","Brutality","Twin Strike+1","Clash+1","Demon Form","Clash+1","Secret Weapon","Apotheosis","Trip","Madness","Madness","Inflame","Demon Form","Clash","Purity","Heavy Blade+1"],"relics":["Burning Blood","Strawberry","Whetstone","Bag of Preparation","Regal Pillow","Fusion Hammer","Omamori","Letter Opener","Thread and Needle","Ice Cream","MawBank","Potion Belt","Runic Pyramid","Shovel","Dream Catcher","Centennial Puzzle","Nunchaku","Red Skull","Pear","Orichalcum"],"potions_floor_usage":[14,16,16,16,21,24,50,50,50,50],"damage_taken":[{"damage":4,"enemies":"2 Louse","floor":1,"turns":3},{"damage":4,"enemies":"Small Slimes","floor":3,"turns":3},{"damage":7,"enemies":"Jaw Worm","floor":5,"turns":2},{"damage":28,"enemies":"Gremlin Nob","floor":6,"turns":4},{"damage":19,"enemies":"Exordium Thugs","floor":8,"turns":4},{"damage":1,"enemies":"3 Louse","floor":12,"turns":2},{"damage":8,"enemies":"3 Sentries","floor":14,"turns":4},{"damage":40,"enemies":"The Guardian","floor":16,"turns":6},{"damage":28,"enemies":"2 Thieves","floor":18,"turns":3},{"damage":0,"enemies":"Spheric Guardian","floor":22,"turns":2},{"damage":25,"enemies":"Book of Stabbing","floor":24,"turns":3},{"damage":8,"enemies":"Chosen and Byrds","floor":25,"turns":4},{"damage":4,"enemies":"Gremlin Leader","floor":27,"turns":3},{"damage":9,"enemies":"Sentry and Sphere","floor":28,"turns":3},{"damage":46,"enemies":"Book of Stabbing","floor":29,"turns":5},{"damage":9,"enemies":"Snake Plant","floor":31,"turns":2},{"damage":33,"enemies":"Collector","floor":33,"turns":5},{"damage":7,"enemies":"Orb Walker","floor":35,"turns":2},{"damage":27,"enemies":"3 Darklings","floor":39,"turns":4},{"damage":0,"enemies":"Nemesis","floor":40,"turns":3},{"damage":0,"enemies":"Writhing Mass","floor":41,"turns":3},{"damage":46,"enemies":"Giant Head","floor":44,"turns":6},{"damage":4,"enemies":"Transient","floor":46,"turns":5},{"damage":14,"enemies":"Nemesis","floor":48,"turns":3},{"damage":65,"enemies":"Awakened One","floor":50,"turns":5}],"seed_played":"-6625090255739533608","potions_obtained":[{"floor":5,"key":"Swift Potion"},{"floor":6,"key":"FearPotion"},{"floor":12,"key":"Explosive Potion"},{"floor":14,"key":"Poison Potion"},{"floor":16,"key":"SkillPotion"},{"floor":25,"key":"Block Potion"},{"floor":29,"key":"PowerPotion"},{"floor":31,"key":"Regen Potion"},{"floor":35,"key":"PowerPotion"}],"is_trial":false,"path_per_floor":["M","?","M","?","M","E","R","M","T","R","?","M","T","E","R","B",null,"M","?","T","$","M","R","E","M","T","E","M","E","R","M","R","B",null,"M","?","?","$","M","E","M","R","T","E","R","M","$","E","R","B",null],"character_chosen":"IRONCLAD","items_purchased":["Fruit Juice","Shovel","PowerPotion","Clash","Purity"],"campfire_rested":4,"item_purchase_floors":[21,38,38,47,47],"current_hp_per_floor":[88,88,88,81,80,65,65,52,52,52,57,62,62,60,60,26,100,78,78,78,83,89,105,86,84,84,86,83,43,89,86,105,78,105,104,94,81,81,60,66,72,72,72,32,42,44,44,36,85,40],"gold":47,"neow_bonus":"TEN_PERCENT_HP_BONUS","is_prod":false,"is_daily":false,"chose_seed":false,"campfire_upgraded":3,"win_rate":0,"timestamp":1545648778,"path_taken":["M","?","M","?","M","E","R","M","T","R","?","M","?","E","R","BOSS","M","?","?","$","M","R","E","M","T","E","M","E","R","M","R","BOSS","M","?","?","$","?","E","?","R","T","E","R","?","$","E","R","BOSS"],"build_version":"2018-12-20","purchased_purges":2,"victory":true,"max_hp_per_floor":[88,88,88,88,88,95,95,95,95,95,100,100,100,100,100,100,100,100,100,100,105,105,105,105,105,105,105,105,105,105,105,105,105,105,105,105,105,105,105,105,105,105,105,105,115,115,115,115,115,115],"card_choices":[{"not_picked":["Rage","Dual Wield"],"picked":"Clash","floor":1},{"not_picked":["Inflame","Feel No Pain"],"picked":"Second Wind","floor":3},{"not_picked":["Twin Strike","Infernal Blade"],"picked":"Cleave","floor":5},{"not_picked":["Pommel Strike","Metallicize"],"picked":"Clash","floor":6},{"not_picked":["Seeing Red","True Grit","Feel No Pain"],"picked":"SKIP","floor":8},{"not_picked":["Anger","Iron Wave"],"picked":"Sword Boomerang","floor":12},{"not_picked":["Cleave","Reckless Charge","True Grit"],"picked":"SKIP","floor":14},{"not_picked":["Impervious","Juggernaut"],"picked":"Bludgeon","floor":16},{"not_picked":["Armaments","Combust"],"picked":"Rage","floor":18},{"not_picked":["Armaments","Uppercut","Burning Pact"],"picked":"SKIP","floor":22},{"not_picked":["Clothesline+1","Heavy Blade"],"picked":"Pommel Strike+1","floor":24},{"not_picked":["Whirlwind+1","Shrug It Off"],"picked":"Brutality","floor":25},{"not_picked":["Flex","Infernal Blade","Cleave"],"picked":"SKIP","floor":27},{"not_picked":["Intimidate","Warcry","Clothesline"],"picked":"SKIP","floor":28},{"not_picked":["Infernal Blade","Rampage"],"picked":"Twin Strike+1","floor":29},{"not_picked":["Shrug It Off","Body Slam"],"picked":"Clash+1","floor":31},{"not_picked":["Bludgeon","Reaper"],"picked":"Demon Form","floor":33},{"not_picked":["Infernal Blade+1","Pommel Strike+1"],"picked":"Clash+1","floor":35},{"not_picked":["Purity","The Bomb"],"picked":"Secret Weapon","floor":36},{"not_picked":["Master of Strategy","Bandage Up"],"picked":"Apotheosis","floor":36},{"not_picked":["Deep Breath","Jack Of All Trades"],"picked":"Trip","floor":36},{"not_picked":["True Grit","Disarm+1"],"picked":"Inflame","floor":39},{"not_picked":["Twin Strike","True Grit"],"picked":"Demon Form","floor":40},{"not_picked":["Shockwave","Seeing Red","Shrug It Off"],"picked":"SKIP","floor":41},{"not_picked":["Body Slam+1","Sever Soul","Thunderclap+1"],"picked":"SKIP","floor":44},{"not_picked":["True Grit+1","Pummel+1","Iron Wave"],"picked":"SKIP","floor":46},{"not_picked":["True Grit+1","Pummel+1","Iron Wave"],"picked":"SKIP","floor":46},{"not_picked":["Searing Blow","Cleave","Twin Strike"],"picked":"SKIP","floor":48},{"not_picked":["Flex+1","Headbutt"],"picked":"Heavy Blade+1","floor":49}],"player_experience":39028,"relics_obtained":[{"floor":6,"key":"Strawberry"},{"floor":9,"key":"Whetstone"},{"floor":13,"key":"Bag of Preparation"},{"floor":14,"key":"Regal Pillow"},{"floor":20,"key":"Letter Opener"},{"floor":24,"key":"Thread and Needle"},{"floor":26,"key":"Ice Cream"},{"floor":27,"key":"MawBank"},{"floor":29,"key":"Potion Belt"},{"floor":40,"key":"Dream Catcher"},{"floor":42,"key":"Centennial Puzzle"},{"floor":43,"key":"Nunchaku"},{"floor":44,"key":"Red Skull"},{"floor":45,"key":"Pear"},{"floor":48,"key":"Orichalcum"}],"event_choices":[{"cards_removed":["Defend_R"],"damage_healed":0,"gold_gain":0,"player_choice":"Card Removal","damage_taken":0,"max_hp_gain":0,"max_hp_loss":0,"event_name":"The Cleric","floor":2,"gold_loss":50},{"cards_removed":["Defend_R"],"damage_healed":0,"gold_gain":0,"player_choice":"Card Removal","damage_taken":7,"max_hp_gain":0,"max_hp_loss":0,"event_name":"Golden Wing","floor":4,"gold_loss":0},{"damage_healed":0,"gold_gain":0,"player_choice":"Donut","damage_taken":0,"max_hp_gain":5,"max_hp_loss":0,"event_name":"Big Fish","floor":11,"gold_loss":0},{"damage_healed":0,"gold_gain":0,"player_choice":"Obtained Relic","damage_taken":0,"relics_obtained":["Omamori"],"max_hp_gain":0,"max_hp_loss":0,"event_name":"Addict","floor":19,"gold_loss":85},{"damage_healed":0,"gold_gain":0,"player_choice":"Memory 3","damage_taken":10,"max_hp_gain":0,"max_hp_loss":0,"event_name":"SensoryStone","floor":36,"gold_loss":0},{"damage_healed":0,"gold_gain":0,"player_choice":"Embrace Madness","damage_taken":13,"max_hp_gain":0,"max_hp_loss":0,"event_name":"Winding Halls","floor":37,"gold_loss":0,"cards_obtained":["Madness","Madness"]}],"is_beta":false,"boss_relics":[{"not_picked":["Astrolabe","Black Blood"],"picked":"Fusion Hammer"},{"not_picked":["Runic Dome","Mark of Pain"],"picked":"Runic Pyramid"}],"items_purged_floors":[21,38],"is_endless":false,"potions_floor_spawned":[5,6,12,14,16,25,29,31,35,39,46],"ascension_level":2}