{"gold_per_floor":[116,133,9,9,22,22,49,67,67,77,107,123,123,153,165,256,268,291,353,365,388,325,337],"floor_reached":23,"playtime":1446,"items_purged":[],"score":437,"play_id":"345094f2-17a5-4dcf-a5f2-d09fbeb46b19","local_time":"20180926233832","is_ascension_mode":true,"campfire_choices":[{"data":"Go for the Eyes","floor":6,"key":"SMITH"},{"floor":13,"key":"REST"},{"data":"Go for the Eyes","floor":15,"key":"SMITH"}],"neow_cost":"NONE","seed_source_timestamp":539051295081759,"circlet_count":0,"master_deck":["Strike_B","Strike_B+1","Strike_B+1","Defend_B","Defend_B","Defend_B","Defend_B","Zap","Dualcast","AscendersBane","Steam","Go for the Eyes+1","Lockon","Glacier","Ball Lightning","BootSequence","Cold Snap","Glacier","Ball Lightning","Go for the Eyes+1","Buffer","Defragment","Loop"],"relics":["Cracked Core","Whetstone","Bag of Marbles","Shuriken","Bronze Scales","The Courier","MawBank","Cursed Key"],"potions_floor_usage":[7,11,16,16,23],"damage_taken":[{"damage":1,"enemies":"Cultist","floor":1,"turns":3},{"damage":6,"enemies":"2 Louse","floor":2,"turns":3},{"damage":6,"enemies":"Small Slimes","floor":5,"turns":3},{"damage":1,"enemies":"3 Sentries","floor":7,"turns":11},{"damage":16,"enemies":"3 Louse","floor":8,"turns":2},{"damage":0,"enemies":"Lots of Slimes","floor":10,"turns":2},{"damage":3,"enemies":"Gremlin Nob","floor":11,"turns":4},{"damage":0,"enemies":"2 Fungi Beasts","floor":12,"turns":2},{"damage":0,"enemies":"3 Sentries","floor":14,"turns":7},{"damage":6,"enemies":"The Guardian","floor":16,"turns":9},{"damage":0,"enemies":"Shell Parasite","floor":18,"turns":4},{"damage":12,"enemies":"Colosseum Slavers","floor":20,"turns":5},{"damage":0,"enemies":"3 Byrds","floor":21,"turns":2},{"damage":56,"enemies":"Gremlin Leader","floor":23,"turns":7}],"seed_played":"-2688253730144539054","potions_obtained":[{"floor":2,"key":"EssenceOfSteel"},{"floor":8,"key":"EssenceOfSteel"},{"floor":14,"key":"Weak Potion"},{"floor":18,"key":"Fire Potion"}],"is_trial":false,"path_per_floor":["M","M","$","?","M","R","E","M","T","M","E","M","R","E","R","B",null,"M","?","?","M","?"],"character_chosen":"DEFECT","items_purchased":["Lockon","FocusPotion"],"campfire_rested":1,"item_purchase_floors":[3,3],"current_hp_per_floor":[63,57,57,39,33,33,32,16,16,16,13,13,34,34,34,28,60,60,60,48,48,48,0],"gold":337,"neow_bonus":"RANDOM_COMMON_RELIC","is_prod":false,"is_daily":false,"chose_seed":false,"campfire_upgraded":2,"win_rate":0,"timestamp":1538019512,"path_taken":["M","?","$","?","M","R","E","M","T","M","E","?","R","E","R","BOSS","M","?","?","M","?","E"],"build_version":"2018-09-20","purchased_purges":0,"victory":false,"max_hp_per_floor":[71,71,71,71,71,71,71,71,71,71,71,71,71,71,71,71,71,71,71,71,71,71,71],"card_choices":[{"not_picked":["Rebound","Consume"],"picked":"Steam","floor":1},{"not_picked":["Heatsinks","Gash"],"picked":"Go for the Eyes","floor":2},{"not_picked":["Barrage","Hologram"],"picked":"Glacier","floor":5},{"not_picked":["Rebound","Aggregate"],"picked":"Ball Lightning","floor":7},{"not_picked":["Stack","Storm"],"picked":"BootSequence","floor":8},{"not_picked":["Skim","Turbo"],"picked":"Cold Snap","floor":10},{"not_picked":["Steam Power","Reboot"],"picked":"Glacier","floor":11},{"not_picked":["Leap","Steam"],"picked":"Ball Lightning","floor":12},{"not_picked":["Barrage","Redo"],"picked":"Go for the Eyes","floor":14},{"not_picked":["Machine Learning","Creative AI"],"picked":"Buffer","floor":16},{"not_picked":["Ball Lightning","Hologram"],"picked":"Defragment","floor":18},{"not_picked":["Skim","Hello World"],"picked":"Loop","floor":21}],"player_experience":643423,"relics_obtained":[{"floor":7,"key":"Shuriken"},{"floor":9,"key":"Bronze Scales"},{"floor":11,"key":"The Courier"},{"floor":14,"key":"MawBank"}],"event_choices":[{"event_name":"Scrap Ooze","player_choice":"success","floor":4,"damage_taken":18},{"event_name":"The Joust","player_choice":"Bet on Murderer","floor":19,"damage_taken":0},{"event_name":"Colosseum","player_choice":"Fight","floor":20,"damage_taken":0},{"event_name":"Colosseum","player_choice":"Fled From Nobs","floor":20,"damage_taken":0},{"event_name":"Beggar","player_choice":"Gave Gold","floor":22,"damage_taken":0}],"is_beta":false,"boss_relics":[{"not_picked":["Nuclear Battery","Busted Crown"],"picked":"Cursed Key"}],"items_purged_floors":[],"is_endless":false,"potions_floor_spawned":[2,8,14,18],"killed_by":"Gremlin Leader","ascension_level":17}