{"gold_per_floor":[361,371,388,400,16,16,74,74,120,140,140,174,193,204,204,304,304,321,355,366,14,14,14,24,24,24,24,58,72,72,90,90,90],"floor_reached":33,"playtime":1879,"items_purged":["Defend_G"],"score":336,"play_id":"fdaa2f3e-6186-4286-a0e8-f77b74a21e70","local_time":"20190405184459","is_ascension_mode":true,"campfire_choices":[{"data":"Sucker Punch","floor":6,"key":"SMITH"},{"data":"Caltrops","floor":11,"key":"SMITH"},{"floor":15,"key":"REST"},{"floor":23,"key":"REST"},{"floor":25,"key":"REST"},{"data":"A Thousand Cuts","floor":27,"key":"SMITH"},{"floor":30,"key":"REST"},{"data":"Concentrate","floor":32,"key":"SMITH"}],"neow_cost":"TEN_PERCENT_HP_LOSS","seed_source_timestamp":1288932103261842,"circlet_count":0,"master_deck":["Defend_G","Defend_G","Defend_G","Defend_G","Strike_G","Strike_G","Survivor","Neutralize","Deflect","Backflip","Slice","Sucker Punch+1","Flash of Steel+1","Caltrops+1","Escape Plan","Concentrate+1","Riddle With Holes+1","Flying Knee+1","Endless Agony+1","Distraction","A Thousand Cuts+1","Finisher+1","Caltrops+1","Dodge and Roll","Prepared","Heel Hook+1","Sucker Punch+1","Venomology","Deflect","Terror+1"],"relics":["Ring of the Snake","Molten Egg 2","Bag of Preparation","Bronze Scales","Lantern","Empty Cage","Red Mask","Frozen Eye","Pen Nib","Mummified Hand","Ninja Scroll"],"potions_floor_usage":[7,12,16,29,33,33,33,33],"damage_taken":[{"damage":5,"enemies":"Cultist","floor":1,"turns":5},{"damage":0,"enemies":"Jaw Worm","floor":2,"turns":4},{"damage":0,"enemies":"Small Slimes","floor":3,"turns":3},{"damage":3,"enemies":"Looter","floor":4,"turns":3},{"damage":13,"enemies":"Gremlin Nob","floor":7,"turns":4},{"damage":0,"enemies":"Red Slaver","floor":10,"turns":3},{"damage":13,"enemies":"Lagavulin","floor":12,"turns":6},{"damage":0,"enemies":"Blue Slaver","floor":13,"turns":2},{"damage":1,"enemies":"Exordium Thugs","floor":14,"turns":3},{"damage":39,"enemies":"Slime Boss","floor":16,"turns":9},{"damage":0,"enemies":"Spheric Guardian","floor":18,"turns":3},{"damage":14,"enemies":"Masked Bandits","floor":19,"turns":4},{"damage":8,"enemies":"2 Thieves","floor":20,"turns":3},{"damage":6,"enemies":"Snake Plant","floor":24,"turns":2},{"damage":15,"enemies":"Book of Stabbing","floor":28,"turns":4},{"damage":19,"enemies":"Centurion and Healer","floor":29,"turns":4},{"damage":0,"enemies":"Sentry and Sphere","floor":31,"turns":3},{"damage":54,"enemies":"Collector","floor":33,"turns":5}],"seed_played":"-3245825947998199913","potions_obtained":[{"floor":1,"key":"AttackPotion"},{"floor":10,"key":"Dexterity Potion"},{"floor":12,"key":"Fire Potion"},{"floor":14,"key":"Strength Potion"},{"floor":16,"key":"LiquidBronze"},{"floor":19,"key":"GamblersBrew"},{"floor":20,"key":"LiquidBronze"},{"floor":29,"key":"EssenceOfSteel"}],"is_trial":false,"path_per_floor":["M","M","M","M","$","R","?","?","T","M","R","E","M","M","R","B",null,"M","?","M","$","?","R","M","R","T","R","E","M","R","M","R","B"],"character_chosen":"THE_SILENT","items_purchased":["Molten Egg 2","Flash of Steel+1","Caltrops","Prepared","Frozen Eye","Heel Hook+1"],"campfire_rested":4,"item_purchase_floors":[5,5,5,21,21,21],"current_hp_per_floor":[58,58,58,55,55,55,42,42,42,42,42,29,29,28,46,7,49,49,35,27,27,27,45,39,57,57,57,42,23,41,41,41,0],"gold":90,"neow_bonus":"TWO_FIFTY_GOLD","is_prod":false,"is_daily":false,"chose_seed":false,"campfire_upgraded":4,"win_rate":0,"timestamp":1554507899,"path_taken":["M","?","M","M","$","R","?","?","T","?","R","E","M","M","R","BOSS","M","?","M","$","?","R","M","R","T","R","E","?","R","M","R","BOSS"],"build_version":"2019-01-23","purchased_purges":1,"victory":false,"max_hp_per_floor":[63,63,63,63,63,63,63,63,63,63,63,63,63,63,63,63,63,63,63,63,63,63,63,63,63,63,63,63,63,63,63,63,63],"card_choices":[{"not_picked":["Quick Slash","Sucker Punch"],"picked":"Deflect","floor":1},{"not_picked":["Calculated Gamble","Blade Dance"],"picked":"Backflip","floor":2},{"not_picked":["Dodge and Roll","Backflip"],"picked":"Slice","floor":3},{"not_picked":["Bouncing Flask","Deadly Poison"],"picked":"Sucker Punch","floor":4},{"not_picked":["Distraction","Bane+1"],"picked":"Escape Plan","floor":7},{"not_picked":["Blade Dance","Blur"],"picked":"Riddle With Holes+1","floor":10},{"not_picked":["Leg Sweep","Crippling Poison"],"picked":"Flying Knee+1","floor":12},{"not_picked":["Poisoned Stab+1","Deadly Poison"],"picked":"Endless Agony+1","floor":13},{"not_picked":["Infinite Blades","Underhanded Strike+1"],"picked":"Distraction","floor":14},{"not_picked":["Night Terror","Malaise"],"picked":"A Thousand Cuts","floor":16},{"not_picked":["Expertise","Noxious Fumes"],"picked":"Finisher+1","floor":18},{"not_picked":["PiercingWail","Poisoned Stab+1"],"picked":"Caltrops+1","floor":19},{"not_picked":["Outmaneuver+1","Reflex"],"picked":"Dodge and Roll","floor":20},{"not_picked":["All Out Attack+1","Outmaneuver"],"picked":"Sucker Punch+1","floor":24},{"not_picked":["Terror","Reflex"],"picked":"Venomology","floor":28},{"not_picked":["Finisher+1","Backflip"],"picked":"Deflect","floor":29},{"not_picked":["Cloak And Dagger","Outmaneuver+1"],"picked":"Terror+1","floor":31}],"player_experience":795462,"relics_obtained":[{"floor":9,"key":"Bronze Scales"},{"floor":12,"key":"Lantern"},{"floor":19,"key":"Red Mask"},{"floor":26,"key":"Mummified Hand"},{"floor":28,"key":"Ninja Scroll"}],"event_choices":[{"damage_healed":0,"gold_gain":0,"player_choice":"Searched \u00272\u0027 times","damage_taken":0,"relics_obtained":["Bag of Preparation"],"max_hp_gain":0,"max_hp_loss":0,"event_name":"Dead Adventurer","floor":7,"gold_loss":0},{"damage_healed":0,"gold_gain":0,"cards_transformed":["Strike_G"],"player_choice":"Change","damage_taken":0,"max_hp_gain":0,"max_hp_loss":0,"event_name":"Living Wall","floor":8,"gold_loss":0,"cards_obtained":["Concentrate"]},{"damage_healed":0,"gold_gain":0,"player_choice":"Fought Bandits","damage_taken":0,"max_hp_gain":0,"max_hp_loss":0,"event_name":"Masked Bandits","floor":19,"gold_loss":0},{"damage_healed":0,"gold_gain":0,"player_choice":"Gave Potion","damage_taken":0,"relics_obtained":["Pen Nib"],"max_hp_gain":0,"max_hp_loss":0,"event_name":"WeMeetAgain","floor":22,"gold_loss":0}],"is_beta":false,"boss_relics":[{"not_picked":["White Beast Statue","Runic Dome"],"picked":"Empty Cage"}],"items_purged_floors":[21],"is_endless":false,"potions_floor_spawned":[1,10,12,14,16,19,20,29],"killed_by":"Collector","ascension_level":5}