{"gold_per_floor":[12,32,32,50,116,116,191,241,264,280,309,326,351,418,418,495,495,509,81,100,116,127,127,141,141,211,34,93,103,168,252,252,330,330,347,1396,1407,732,782,782,815,815,841,871,1143,1161,1161,1180,1180,1180],"floor_reached":51,"playtime":3405,"items_purged":["Strike_G","Strike_G"],"score":1471,"play_id":"d22c01cd-6fa4-425c-833b-9dd99823c2e4","local_time":"20180925234744","is_ascension_mode":true,"campfire_choices":[{"data":"Dash","floor":6.0,"key":"SMITH"},{"data":"Dash","floor":15.0,"key":"SMITH"},{"floor":23.0,"key":"REST"},{"data":"Noxious Fumes","floor":25.0,"key":"SMITH"},{"data":"Wraith Form v2","floor":32.0,"key":"SMITH"},{"data":"All Out Attack","floor":40,"key":"SMITH"},{"data":"Strike_G","floor":42,"key":"PURGE"},{"data":"Skewer","floor":47,"key":"SMITH"},{"floor":49,"key":"REST"}],"neow_cost":"NO_GOLD","seed_source_timestamp":451170844579617,"circlet_count":0,"master_deck":["Defend_G","Defend_G","Defend_G+1","Defend_G","Defend_G+1","Strike_G","Strike_G","Survivor","Neutralize","AscendersBane","Predator","Dash+1","Skewer+1","All Out Attack+1","Tools of the Trade","All Out Attack+1","Blur","Footwork","Dash+1","Dash","Skewer+1","Noxious Fumes+1","Leg Sweep","Wraith Form v2+1","Underhanded Strike","Bullet Time","Bullet Time","Normality","Normality","Writhe","Tactician","Predator","Dash"],"special_seed":0,"relics":["Ring of the Snake","Pocketwatch","SsserpentHead","Art of War","Snake Skull","Matryoshka","Bronze Scales","Snecko Eye","Du-Vu Doll","Ornamental Fan","Bottled Tornado","Whetstone","Tiny Chest","Red Mask","HoveringKite","Bag of Preparation","Boot","Medical Kit","Peace Pipe","Dream Catcher","Smiling Mask","War Paint"],"potions_floor_usage":[50,50],"damage_taken":[{"damage":0.0,"enemies":"Jaw Worm","floor":1.0,"turns":6.0},{"damage":0.0,"enemies":"Cultist","floor":2.0,"turns":3.0},{"damage":1.0,"enemies":"2 Louse","floor":4.0,"turns":2.0},{"damage":1.0,"enemies":"Lots of Slimes","floor":5.0,"turns":2.0},{"damage":3.0,"enemies":"Gremlin Nob","floor":7.0,"turns":5.0},{"damage":0.0,"enemies":"3 Louse","floor":10.0,"turns":3.0},{"damage":9.0,"enemies":"Gremlin Nob","floor":11.0,"turns":4.0},{"damage":1.0,"enemies":"2 Fungi Beasts","floor":12.0,"turns":2.0},{"damage":22.0,"enemies":"3 Sentries","floor":13.0,"turns":4.0},{"damage":0.0,"enemies":"Looter","floor":14.0,"turns":3.0},{"damage":11.0,"enemies":"The Guardian","floor":16.0,"turns":11.0},{"damage":13.0,"enemies":"Spheric Guardian","floor":18.0,"turns":4.0},{"damage":0.0,"enemies":"3 Byrds","floor":20.0,"turns":3.0},{"damage":16.0,"enemies":"Sentry and Sphere","floor":21.0,"turns":4.0},{"damage":0.0,"enemies":"Snecko","floor":22.0,"turns":4.0},{"damage":0.0,"enemies":"3 Cultists","floor":24.0,"turns":4.0},{"damage":4.0,"enemies":"Gremlin Leader","floor":28.0,"turns":5.0},{"damage":0.0,"enemies":"Snake Plant","floor":29.0,"turns":3.0},{"damage":8.0,"enemies":"Centurion and Healer","floor":30.0,"turns":5.0},{"damage":0.0,"enemies":"Masked Bandits","floor":31.0,"turns":2.0},{"damage":0.0,"enemies":"Champ","floor":33.0,"turns":9.0},{"damage":0,"enemies":"Orb Walker","floor":35,"turns":3},{"damage":0,"enemies":"3 Shapes","floor":37,"turns":2},{"damage":13,"enemies":"Giant Head","floor":41,"turns":8},{"damage":8,"enemies":"Nemesis","floor":44,"turns":5},{"damage":0,"enemies":"Spire Growth","floor":46,"turns":4},{"damage":0,"enemies":"Reptomancer","floor":48,"turns":3},{"damage":2,"enemies":"Donu and Deca","floor":50,"turns":8}],"seed_played":"-5010445997177335323","potions_obtained":[{"floor":1.0,"key":"EssenceOfSteel"},{"floor":2.0,"key":"AttackPotion"},{"floor":5.0,"key":"LiquidBronze"},{"floor":11.0,"key":"Block Potion"},{"floor":16.0,"key":"Dexterity Potion"},{"floor":18.0,"key":"Block Potion"},{"floor":20.0,"key":"Strength Potion"},{"floor":21.0,"key":"Ancient Potion"},{"floor":24.0,"key":"SneckoOil"},{"floor":35,"key":"SkillPotion"},{"floor":37,"key":"Swift Potion"}],"is_trial":false,"path_per_floor":["M","M","?","M","M","R","?","?","T","M","E","M","E","M","R","B",null,"M","$","M","M","M","R","M","R","T","$","E","M","M","?","R","B",null,"M","?","M","$","?","R","E","R","T","E","?","M","R","M","R","B"],"character_chosen":"THE_SILENT","items_purchased":["Du-Vu Doll","Whetstone","Bag of Preparation","Boot","Medical Kit"],"campfire_rested":2,"item_purchase_floors":[19,27,38,38,38],"current_hp_per_floor":[59,59,59,58,57,57,54,59,59,59,50,49,27,27,27,16,57,44,44,44,28,28,49,49,49,49,49,45,45,37,37,37,37,63,63,63,63,63,71,71,58,58,58,50,50,50,50,50,71,69],"gold":1180,"neow_bonus":"ONE_RARE_RELIC","is_prod":false,"is_daily":false,"chose_seed":false,"campfire_upgraded":6,"win_rate":0,"timestamp":1537933664,"path_taken":["M","M","?","M","?","R","?","?","T","M","E","M","E","?","R","BOSS","M","$","M","M","M","R","M","R","T","$","E","M","?","?","R","BOSS","M","?","M","$","?","R","E","R","T","E","?","M","R","M","R","BOSS"],"build_version":"2018-09-20","purchased_purges":2,"victory":true,"max_hp_per_floor":[66,66,66,66,66,66,66,71,71,71,71,71,71,71,71,71,71,71,71,71,71,71,71,71,71,71,71,71,71,71,71,71,71,71,71,71,71,71,71,71,71,71,71,71,71,71,71,71,71,71],"card_choices":[{"not_picked":["Caltrops","Backflip"],"picked":"Predator","floor":1.0},{"not_picked":["Backflip","Dagger Spray"],"picked":"Dash","floor":2.0},{"not_picked":["Endless Agony","Underhanded Strike"],"picked":"Skewer","floor":4.0},{"not_picked":["Dagger Spray","PiercingWail"],"picked":"All Out Attack","floor":5.0},{"not_picked":["Riddle With Holes","Concentrate"],"picked":"Tools of the Trade","floor":7.0},{"not_picked":["Outmaneuver","Slice"],"picked":"All Out Attack","floor":10.0},{"not_picked":["Dagger Throw","Deadly Poison"],"picked":"Blur","floor":11.0},{"not_picked":["Prepared","Cloak And Dagger"],"picked":"Footwork","floor":12.0},{"not_picked":["Dagger Throw","Eviscerate"],"picked":"Dash","floor":13.0},{"not_picked":["Masterful Stab","Quick Slash"],"picked":"Dash","floor":14.0},{"not_picked":["Setup+1","Escape Plan"],"picked":"Skewer","floor":18.0},{"not_picked":["Cloak And Dagger","Sucker Punch"],"picked":"Noxious Fumes","floor":20.0},{"not_picked":["Reflex","Deadly Poison+1"],"picked":"Leg Sweep","floor":21.0},{"not_picked":["Dagger Throw","Bane","PiercingWail"],"picked":"SKIP","floor":22.0},{"not_picked":["Glass Knife","Accuracy+1","Prepared"],"picked":"SKIP","floor":24.0},{"not_picked":["Poisoned Stab","Infinite Blades"],"picked":"Wraith Form v2","floor":28.0},{"not_picked":["Backflip","Deflect"],"picked":"Underhanded Strike","floor":29.0},{"not_picked":["Deadly Poison","Outmaneuver","Prepared"],"picked":"SKIP","floor":30.0},{"not_picked":["Poisoned Stab","Riddle With Holes"],"picked":"Bullet Time","floor":31.0},{"not_picked":["Night Terror","Phantasmal Killer"],"picked":"Bullet Time","floor":33.0},{"not_picked":["Calculated Gamble+1","Quick Slash","Concentrate"],"picked":"SKIP","floor":35},{"not_picked":["Deflect","Sucker Punch+1","Backstab"],"picked":"SKIP","floor":37},{"not_picked":["Flying Knee","Outmaneuver+1"],"picked":"Tactician","floor":41},{"not_picked":["Bane","Dagger Throw+1"],"picked":"Predator","floor":44},{"not_picked":["Deadly Poison","Storm of Steel"],"picked":"Dash","floor":46},{"not_picked":["Backflip","Sucker Punch","Dagger Throw+1"],"picked":"SKIP","floor":48}],"player_experience":640018,"relics_obtained":[{"floor":7.0,"key":"Art of War"},{"floor":9.0,"key":"Snake Skull"},{"floor":11.0,"key":"Matryoshka"},{"floor":13.0,"key":"Bronze Scales"},{"floor":26.0,"key":"Ornamental Fan"},{"floor":26.0,"key":"Bottled Tornado"},{"floor":28.0,"key":"Tiny Chest"},{"floor":31.0,"key":"Red Mask"},{"floor":41,"key":"Peace Pipe"},{"floor":43,"key":"Dream Catcher"},{"floor":43,"key":"Smiling Mask"},{"floor":44,"key":"War Paint"}],"event_choices":[{"event_name":"FaceTrader","player_choice":"Trade","floor":3.0,"damage_taken":0.0},{"event_name":"Dead Adventurer","player_choice":"Searched \u00272\u0027 times","floor":7.0,"damage_taken":0.0},{"event_name":"Big Fish","player_choice":"Donut","floor":8.0,"damage_taken":0.0},{"event_name":"Masked Bandits","player_choice":"Fought Bandits","floor":31.0,"damage_taken":0.0},{"event_name":"MindBloom","player_choice":"Gold","floor":36,"damage_taken":0},{"event_name":"Winding Halls","player_choice":"Writhe","floor":39,"damage_taken":0},{"event_name":"Tomb of Lord Red Mask","player_choice":"Wore Mask","floor":45,"damage_taken":0}],"is_beta":false,"boss_relics":[{"not_picked":["Sozu","White Beast Statue"],"picked":"Snecko Eye"},{"not_picked":["Pandora\u0027s Box","Empty Cage"],"picked":"HoveringKite"}],"items_purged_floors":[19,38],"is_endless":false,"potions_floor_spawned":[1,2,5,11,14,16,18,20,21,24,30,35,37,48],"ascension_level":17}