{"gold_per_floor":[118,118,118,129,147,175,175,210,257,284,295,295,312,326,326,403,403,415,435,435,446,466,466,496,496,521,546,546,556,556,556,556,556],"floor_reached":33,"playtime":3320,"items_purged":[],"score":639,"play_id":"ba342257-ac8d-430b-bac9-bb101cdc055e","local_time":"20190403205810","is_ascension_mode":true,"campfire_choices":[{"data":"Uppercut","floor":7.0,"key":"SMITH"},{"data":"1","floor":12.0,"key":"LIFT"},{"data":"2","floor":15.0,"key":"LIFT"},{"floor":23,"key":"REST"},{"floor":25,"key":"REST"},{"data":"3","floor":30,"key":"LIFT"},{"floor":32,"key":"REST"}],"neow_cost":"NONE","seed_source_timestamp":0,"circlet_count":0,"master_deck":["AscendersBane","Strike_R+1","Strike_R+1","Strike_R+1","Strike_R+1","Strike_R+1","Defend_R+1","Defend_R+1","Defend_R+1","Defend_R+1","Bash","Clothesline+1","Cleave","Uppercut+1","Armaments","Armaments","Spot Weakness","Impervious","True Grit","Carnage","Shrug It Off","Anger+1","Offering"],"special_seed":0,"relics":["Burning Blood","Singing Bowl","Smiling Mask","Red Skull","Strawberry","Girya","Sozu","Dream Catcher","Centennial Puzzle","Matryoshka","SsserpentHead"],"potions_floor_usage":[],"damage_taken":[{"damage":4.0,"enemies":"Jaw Worm","floor":1.0,"turns":4.0},{"damage":7.0,"enemies":"Small Slimes","floor":4.0,"turns":4.0},{"damage":1.0,"enemies":"Cultist","floor":5.0,"turns":3.0},{"damage":20.0,"enemies":"Lagavulin","floor":6.0,"turns":6.0},{"damage":24.0,"enemies":"Gremlin Nob","floor":8.0,"turns":4.0},{"damage":25.0,"enemies":"3 Sentries","floor":10.0,"turns":8.0},{"damage":2.0,"enemies":"Gremlin Gang","floor":11.0,"turns":3.0},{"damage":0.0,"enemies":"Exordium Wildlife","floor":13.0,"turns":3.0},{"damage":0.0,"enemies":"2 Fungi Beasts","floor":14.0,"turns":2.0},{"damage":18.0,"enemies":"The Guardian","floor":16.0,"turns":12.0},{"damage":41.0,"enemies":"3 Byrds","floor":18.0,"turns":6.0},{"damage":14.0,"enemies":"Shell Parasite","floor":19.0,"turns":6.0},{"damage":0.0,"enemies":"Centurion and Healer","floor":21.0,"turns":5.0},{"damage":19,"enemies":"Shelled Parasite and Fungi","floor":22,"turns":5},{"damage":50,"enemies":"Gremlin Leader","floor":24,"turns":8},{"damage":38,"enemies":"Book of Stabbing","floor":27,"turns":6},{"damage":0,"enemies":"Snake Plant","floor":29,"turns":2},{"damage":92,"enemies":"Collector","floor":33,"turns":7}],"seed_played":"2827998000868531340","potions_obtained":[{"floor":4.0,"key":"Strength Potion"},{"floor":5.0,"key":"SteroidPotion"},{"floor":6.0,"key":"EntropicBrew"},{"floor":11.0,"key":"SkillPotion"},{"floor":16.0,"key":"Dexterity Potion"}],"is_trial":false,"path_per_floor":["M","?","?","M","M","E","R","E","T","E","M","R","M","M","R","B",null,"M","M","?","M","M","R","E","R","T","E","?","M","R","?","R","B"],"character_chosen":"IRONCLAD","items_purchased":[],"campfire_rested":3,"item_purchase_floors":[],"current_hp_per_floor":[77,59,59,58,65,51,51,33,40,23,27,27,35,41,41,29,79,44,38,38,46,35,65,21,51,51,19,39,47,47,47,77,0],"gold":556,"neow_bonus":"TEN_PERCENT_HP_BONUS","is_prod":false,"is_daily":false,"chose_seed":false,"campfire_upgraded":1,"win_rate":0,"timestamp":1554339490,"path_taken":["M","?","?","?","M","E","R","E","T","E","M","R","M","M","R","BOSS","M","?","?","M","M","R","E","R","T","E","?","M","R","?","R","BOSS"],"build_version":"2019-01-23","purchased_purges":0,"victory":false,"max_hp_per_floor":[82,82,82,82,84,84,84,84,91,93,93,93,95,95,95,95,95,95,97,97,99,101,101,101,101,101,101,101,103,103,103,103,103],"card_choices":[{"not_picked":["Havoc","Whirlwind"],"picked":"Clothesline","floor":1.0},{"not_picked":["Dropkick","Juggernaut"],"picked":"Cleave","floor":4.0},{"not_picked":["Pommel Strike","Intimidate","Dual Wield"],"picked":"Singing Bowl","floor":5.0},{"not_picked":["Armaments","Rampage"],"picked":"Uppercut","floor":6.0},{"not_picked":["Searing Blow","Cleave"],"picked":"Armaments","floor":8.0},{"not_picked":["Juggernaut","Flex","Double Tap"],"picked":"Singing Bowl","floor":10.0},{"not_picked":["Warcry","Havoc"],"picked":"Armaments","floor":11.0},{"not_picked":["Wild Strike","Iron Wave","Searing Blow"],"picked":"Singing Bowl","floor":13.0},{"not_picked":["Hemokinesis","Wild Strike"],"picked":"Spot Weakness","floor":14.0},{"not_picked":["Exhume","Offering"],"picked":"Impervious","floor":16.0},{"not_picked":["Cleave+1","Heavy Blade+1"],"picked":"True Grit","floor":18.0},{"not_picked":["Havoc","Rage","True Grit"],"picked":"Singing Bowl","floor":19.0},{"not_picked":["Dropkick","Spot Weakness","Thunderclap"],"picked":"Singing Bowl","floor":21},{"not_picked":["Headbutt","Evolve+1","Clothesline"],"picked":"Singing Bowl","floor":22},{"not_picked":["Corruption","Warcry"],"picked":"Carnage","floor":24},{"not_picked":["Flex","Anger"],"picked":"Shrug It Off","floor":25},{"not_picked":["Clothesline","Perfected Strike"],"picked":"Anger+1","floor":27},{"not_picked":["Fire Breathing","Body Slam","Feel No Pain"],"picked":"Singing Bowl","floor":29},{"not_picked":["Flex","Burning Pact"],"picked":"Offering","floor":32}],"player_experience":795840,"relics_obtained":[{"floor":6.0,"key":"Smiling Mask"},{"floor":8.0,"key":"Red Skull"},{"floor":9.0,"key":"Strawberry"},{"floor":10.0,"key":"Girya"},{"floor":24,"key":"Dream Catcher"},{"floor":26,"key":"Centennial Puzzle"},{"floor":27,"key":"Matryoshka"}],"event_choices":[{"damage_healed":0.0,"max_hp_gain":0.0,"max_hp_loss":0.0,"gold_gain":0.0,"event_name":"Scrap Ooze","player_choice":"Success","floor":2.0,"gold_loss":0.0,"damage_taken":18.0,"relics_obtained":["Singing Bowl"]},{"damage_healed":0.0,"max_hp_gain":0.0,"max_hp_loss":0.0,"gold_gain":0.0,"event_name":"Accursed Blacksmith","player_choice":"Forge","floor":3.0,"gold_loss":0.0,"damage_taken":0.0,"cards_upgraded":["Clothesline"]},{"damage_healed":0.0,"max_hp_gain":0.0,"max_hp_loss":0.0,"gold_gain":0.0,"event_name":"Back to Basics","player_choice":"Simplicity","floor":20.0,"gold_loss":0.0,"damage_taken":0.0,"cards_upgraded":["Strike_R","Strike_R","Strike_R","Strike_R","Strike_R","Defend_R","Defend_R","Defend_R","Defend_R"]},{"damage_healed":20,"gold_gain":0,"player_choice":"Heal","damage_taken":0,"max_hp_gain":0,"max_hp_loss":0,"event_name":"The Library","floor":28,"gold_loss":0},{"damage_healed":0,"gold_gain":0,"player_choice":"Trade","damage_taken":0,"relics_obtained":["SsserpentHead"],"max_hp_gain":0,"max_hp_loss":0,"event_name":"FaceTrader","floor":31,"gold_loss":0}],"is_beta":false,"boss_relics":[{"not_picked":["Calling Bell","Runic Dome"],"picked":"Sozu"}],"items_purged_floors":[],"is_endless":false,"potions_floor_spawned":[4,5,6,11,13,16,18,19,21,27],"killed_by":"Collector","ascension_level":20}