{"gold_per_floor":[116,116,127,137,155,155,168,168,168,27,40,40,73,89,89,166,166,180,95,43,62,62],"floor_reached":22,"playtime":1626,"items_purged":[],"score":394,"play_id":"c70dbe05-f1a4-4432-92fc-04d5430acf65","local_time":"20180925224932","is_ascension_mode":true,"campfire_choices":[{"floor":6.0,"key":"REST"},{"floor":8.0,"key":"REST"},{"data":"Infinite Blades","floor":12.0,"key":"SMITH"},{"data":"Infinite Blades","floor":15.0,"key":"SMITH"}],"neow_cost":"","seed_source_timestamp":449484414108675,"circlet_count":0,"master_deck":["Defend_G","Defend_G","Defend_G","Defend_G+1","Defend_G","Strike_G","Strike_G+1","Strike_G","Strike_G","Strike_G","Survivor","Neutralize","AscendersBane","Backstab","Deflect","After Image","Cloak And Dagger","Backstab","Infinite Blades+1","PiercingWail","Infinite Blades+1","Die Die Die","Deadly Poison+1"],"special_seed":0,"relics":["Ring of the Snake","Bottled Tornado","Bronze Scales","Busted Crown","Toxic Egg 2"],"potions_floor_usage":[22,22],"damage_taken":[{"damage":7.0,"enemies":"Small Slimes","floor":1.0,"turns":5.0},{"damage":6.0,"enemies":"Cultist","floor":3.0,"turns":4.0},{"damage":0.0,"enemies":"2 Louse","floor":4.0,"turns":4.0},{"damage":13.0,"enemies":"Exordium Wildlife","floor":5.0,"turns":9.0},{"damage":14.0,"enemies":"Lots of Slimes","floor":7.0,"turns":7.0},{"damage":0.0,"enemies":"Looter","floor":11.0,"turns":3.0},{"damage":0.0,"enemies":"3 Sentries","floor":13.0,"turns":11.0},{"damage":10.0,"enemies":"Exordium Thugs","floor":14.0,"turns":4.0},{"damage":5.0,"enemies":"The Guardian","floor":16.0,"turns":11.0},{"damage":2.0,"enemies":"3 Byrds","floor":18.0,"turns":2.0},{"damage":16.0,"enemies":"Shell Parasite","floor":21.0,"turns":4.0},{"damage":9,"enemies":"Colosseum Slavers","floor":22,"turns":4},{"damage":35,"enemies":"Colosseum Nobs","floor":22,"turns":3}],"seed_played":"-9200419305193958217","potions_obtained":[{"floor":1.0,"key":"Dexterity Potion"},{"floor":3.0,"key":"EssenceOfSteel"},{"floor":5.0,"key":"Ancient Potion"},{"floor":13.0,"key":"Fruit Juice"},{"floor":16.0,"key":"PowerPotion"},{"floor":18.0,"key":"Energy Potion"},{"floor":21.0,"key":"Swift Potion"}],"is_trial":false,"path_per_floor":["M","?","M","M","M","R","M","R","T","$","M","R","E","M","R","B",null,"M","?","$","M"],"character_chosen":"THE_SILENT","items_purchased":["Infinite Blades","Strength Potion","Deadly Poison+1"],"campfire_rested":2,"item_purchase_floors":[10,10,20],"current_hp_per_floor":[52,32,26,26,13,32,18,37,37,37,37,37,42,32,32,27,60,58,58,58,42,0],"gold":62,"neow_bonus":"","is_prod":false,"is_daily":false,"chose_seed":false,"campfire_upgraded":2,"win_rate":0,"timestamp":1537930172,"path_taken":["M","?","M","M","M","R","M","R","T","$","M","R","E","?","R","BOSS","M","?","$","M","?"],"build_version":"2018-09-20","purchased_purges":0,"victory":false,"max_hp_per_floor":[66,66,66,66,66,66,66,66,66,66,66,66,71,71,71,71,71,71,71,71,71,71],"card_choices":[{"not_picked":["Slice","Deadly Poison"],"picked":"Backstab","floor":1.0},{"not_picked":["Concentrate","Outmaneuver"],"picked":"Deflect","floor":3.0},{"not_picked":["Underhanded Strike","Slice"],"picked":"After Image","floor":4.0},{"not_picked":["Quick Slash","Deadly Poison"],"picked":"Cloak And Dagger","floor":5.0},{"not_picked":["Cloak And Dagger","Quick Slash"],"picked":"Backstab","floor":7.0},{"not_picked":["Wraith Form v2","Bane"],"picked":"PiercingWail","floor":11.0},{"not_picked":["Dagger Spray","Slice"],"picked":"Infinite Blades","floor":13.0},{"not_picked":["Tactician","Expertise","PiercingWail"],"picked":"SKIP","floor":14.0},{"not_picked":["Storm of Steel","Night Terror"],"picked":"Die Die Die","floor":16.0},{"not_picked":["Dagger Spray"],"picked":"SKIP","floor":18.0},{"not_picked":["Poisoned Stab"],"picked":"SKIP","floor":21.0}],"player_experience":638392,"relics_obtained":[{"floor":9.0,"key":"Bottled Tornado"},{"floor":13.0,"key":"Bronze Scales"}],"event_choices":[{"event_name":"Shining Light","player_choice":"Entered Light","floor":2.0,"damage_taken":0.0},{"event_name":"Addict","player_choice":"Obtained Relic","floor":19.0,"damage_taken":0.0},{"event_name":"Colosseum","player_choice":"Fight","floor":22,"damage_taken":0},{"event_name":"Colosseum","player_choice":"Fought Nobs","floor":22,"damage_taken":0}],"is_beta":false,"boss_relics":[{"not_picked":["Tiny House","Calling Bell"],"picked":"Busted Crown"}],"items_purged_floors":[],"is_endless":false,"potions_floor_spawned":[1,3,5,7,13,16,18,21],"killed_by":"Colosseum Nobs","ascension_level":17}