{"gold_per_floor":[119,119,132,149,169,169,169,169,169,202,202,78,96,45,45,144,144,131,60,71,89,101,101,111,111],"floor_reached":25,"playtime":1229,"items_purged":[],"score":236,"play_id":"0cc7495b-5f1b-4b3d-a48a-3e3dcfc92265","local_time":"20180823224947","is_ascension_mode":true,"campfire_choices":[{"data":"All Out Attack","floor":6,"key":"SMITH"},{"floor":8,"key":"REST"},{"floor":11,"key":"REST"},{"floor":15,"key":"REST"},{"floor":23,"key":"REST"}],"neow_cost":"","seed_source_timestamp":927751910433957,"circlet_count":0,"master_deck":["Defend_G","Defend_G","Defend_G+1","Defend_G","Defend_G","Strike_G","Strike_G+1","Strike_G","Strike_G","Strike_G","Survivor","Neutralize","Cloak And Dagger","Cloak And Dagger","Heel Hook","All Out Attack+1","Crippling Poison","Noxious Fumes","Deadly Poison","Blade Dance","Envenom","Riddle With Holes","Noxious Fumes","Skewer","Bouncing Flask+1","Deflect+1","Poisoned Stab"],"relics":["Ring of the Snake","StoneCalendar","Gambling Chip","Snake Skull","Toxic Egg 2","Runic Pyramid"],"potions_floor_usage":[10,16,17,22],"damage_taken":[{"damage":6,"enemies":"Small Slimes","floor":1,"turns":4},{"damage":0,"enemies":"2 Louse","floor":3,"turns":2},{"damage":0,"enemies":"Cultist","floor":4,"turns":4},{"damage":12,"enemies":"Large Slime","floor":5,"turns":7},{"damage":16,"enemies":"Gremlin Nob","floor":10,"turns":5},{"damage":0,"enemies":"3 Louse","floor":13,"turns":3},{"damage":13,"enemies":"The Guardian","floor":16,"turns":8},{"damage":22,"enemies":"2 Thieves","floor":18,"turns":5},{"damage":6,"enemies":"3 Byrds","floor":20,"turns":3},{"damage":4,"enemies":"Centurion and Healer","floor":21,"turns":6},{"damage":21,"enemies":"Cultist and Chosen","floor":22,"turns":6},{"damage":26,"enemies":"Snecko","floor":24,"turns":4},{"damage":24,"enemies":"Shelled Parasite and Fungi","floor":25,"turns":4}],"seed_played":"-7647260123785277672","potions_obtained":[{"floor":3,"key":"GhostInAJar"},{"floor":5,"key":"Poison Potion"},{"floor":16,"key":"Fruit Juice"},{"floor":18,"key":"Fire Potion"},{"floor":20,"key":"GamblersBrew"},{"floor":22,"key":"SpeedPotion"}],"is_trial":false,"path_per_floor":["M","?","M","M","M","R","?","R","T","E","R","$","M","?","R","B",null,"M","$","M","M","M","R","M"],"character_chosen":"THE_SILENT","items_purchased":["Noxious Fumes","Deadly Poison","Noxious Fumes"],"campfire_rested":4,"item_purchase_floors":[12,12,19],"current_hp_per_floor":[64,39,39,39,27,27,13,34,34,18,39,39,39,39,60,47,75,53,53,47,43,22,44,18,0],"gold":111,"neow_bonus":"","is_prod":false,"is_daily":false,"chose_seed":false,"campfire_upgraded":1,"win_rate":0,"timestamp":1535082587,"path_taken":["M","?","M","M","M","R","?","R","T","E","R","$","M","?","R","BOSS","M","$","M","?","M","R","M","M"],"build_version":"2018-08-23","purchased_purges":0,"victory":false,"max_hp_per_floor":[70,70,70,70,70,70,70,70,70,70,70,70,70,70,70,70,75,75,75,75,75,75,75,75,75],"card_choices":[{"not_picked":["Dagger Spray","Quick Slash"],"picked":"Cloak And Dagger","floor":1},{"not_picked":["Deflect","Dash"],"picked":"Cloak And Dagger","floor":3},{"not_picked":["Deflect","Eviscerate"],"picked":"Heel Hook","floor":4},{"not_picked":["Setup","Dagger Spray"],"picked":"All Out Attack","floor":5},{"not_picked":["Finisher","Slice"],"picked":"Crippling Poison","floor":10},{"not_picked":["Skewer","Dodge and Roll"],"picked":"Blade Dance","floor":13},{"not_picked":["Tools of the Trade","Grand Finale"],"picked":"Envenom","floor":16},{"not_picked":["Skewer+1","Dagger Throw"],"picked":"Riddle With Holes","floor":18},{"not_picked":["All Out Attack","Backstab+1"],"picked":"Skewer","floor":20},{"not_picked":["Outmaneuver+1","Setup+1"],"picked":"Bouncing Flask+1","floor":21},{"not_picked":["Dodge and Roll+1","Well Laid Plans+1"],"picked":"Deflect+1","floor":22},{"not_picked":["Skewer","Setup+1"],"picked":"Poisoned Stab","floor":24}],"player_experience":273995,"relics_obtained":[{"floor":9,"key":"Gambling Chip"},{"floor":10,"key":"Snake Skull"}],"event_choices":[{"event_name":"Scrap Ooze","player_choice":"success","floor":2,"damage_taken":25},{"event_name":"Shining Light","player_choice":"Entered Light","floor":7,"damage_taken":0},{"event_name":"WeMeetAgain","player_choice":"Gold","floor":14,"damage_taken":0}],"is_beta":false,"boss_relics":[{"not_picked":["Philosopher\u0027s Stone","Tiny House"],"picked":"Runic Pyramid"}],"items_purged_floors":[],"is_endless":false,"potions_floor_spawned":[3,5,16,18,20,22],"killed_by":"Shelled Parasite and Fungi","ascension_level":3}