{"gold_per_floor":[116,22,37,54,54,54,82,82,159,171,185,185,218,231,231,304,304,315,148,159,174,99,99,132,132,159,171,183],"floor_reached":28,"playtime":1652,"items_purged":["Strike_R"],"score":447,"play_id":"a693aa93-c874-498e-b3c9-f99be69260bc","local_time":"20180818004826","is_ascension_mode":true,"campfire_choices":[{"data":"Clothesline","floor":6.0,"key":"SMITH"},{"data":"Feed","floor":8.0,"key":"SMITH"},{"data":"Flame Barrier","floor":12.0,"key":"SMITH"},{"data":"Whirlwind","floor":15.0,"key":"SMITH"},{"data":"True Grit","floor":23.0,"key":"SMITH"},{"floor":25,"key":"DIG"},{"floor":27,"key":"DIG"}],"neow_cost":"PERCENT_DAMAGE","seed_source_timestamp":67235355363020,"circlet_count":0,"master_deck":["Strike_R","Strike_R","Strike_R","Defend_R","Defend_R","Defend_R","Defend_R","Bash","AscendersBane","Shrug It Off","Carnage+1","True Grit+1","Clothesline+1","Flame Barrier+1","Feed+1","Twin Strike","Whirlwind+1","Reaper","Clothesline","Inflame","Reckless Charge","Spot Weakness"],"special_seed":0,"relics":["Burning Blood","Pen Nib","Smiling Mask","Bag of Preparation","Runic Pyramid","Shovel","Singing Bowl","MawBank","Toxic Egg 2"],"potions_floor_usage":[24,28],"damage_taken":[{"damage":1.0,"enemies":"Cultist","floor":1.0,"turns":3.0},{"damage":6.0,"enemies":"Jaw Worm","floor":3.0,"turns":6.0},{"damage":0.0,"enemies":"2 Louse","floor":4.0,"turns":2.0},{"damage":11.0,"enemies":"Lagavulin","floor":7.0,"turns":8.0},{"damage":12.0,"enemies":"Exordium Wildlife","floor":10.0,"turns":5.0},{"damage":0.0,"enemies":"Looter","floor":11.0,"turns":1.0},{"damage":24.0,"enemies":"Gremlin Nob","floor":13.0,"turns":4.0},{"damage":1.0,"enemies":"2 Fungi Beasts","floor":14.0,"turns":3.0},{"damage":34.0,"enemies":"The Guardian","floor":16.0,"turns":15.0},{"damage":18.0,"enemies":"Shell Parasite","floor":18.0,"turns":8.0},{"damage":0.0,"enemies":"Chosen","floor":20.0,"turns":5.0},{"damage":18.0,"enemies":"Snake Plant","floor":21.0,"turns":4.0},{"damage":53,"enemies":"Gremlin Leader","floor":24,"turns":9},{"damage":63,"enemies":"Book of Stabbing","floor":28,"turns":5}],"seed_played":"-2136581038494832182","potions_obtained":[{"floor":3.0,"key":"Regen Potion"},{"floor":4.0,"key":"Ancient Potion"},{"floor":10.0,"key":"SpeedPotion"},{"floor":13.0,"key":"Dexterity Potion"},{"floor":16.0,"key":"LiquidBronze"},{"floor":24,"key":"SteroidPotion"}],"is_trial":false,"path_per_floor":["M","$","M","M","?","R","E","R","T","M","M","R","E","M","R","B",null,"M","$","M","M","?","R","E","R","T","R"],"character_chosen":"IRONCLAD","items_purchased":["Carnage","True Grit","Inflame","Reckless Charge"],"campfire_rested":0,"item_purchase_floors":[2,2,19,19],"current_hp_per_floor":[63,63,63,69,69,69,79,79,79,77,83,83,65,74,74,46,84,72,72,82,74,74,74,43,43,43,43,0],"gold":183,"neow_bonus":"TWENTY_PERCENT_HP_BONUS","is_prod":false,"is_daily":false,"chose_seed":false,"campfire_upgraded":5,"win_rate":0,"timestamp":1534578506,"path_taken":["M","?","?","M","?","R","E","R","T","M","M","R","E","M","R","BOSS","M","$","M","M","?","R","E","R","T","R","E"],"build_version":"2018-08-16","purchased_purges":1,"victory":false,"max_hp_per_floor":[89,89,89,89,89,89,89,89,89,93,93,93,93,97,97,97,97,97,97,101,105,105,105,109,109,109,109,109],"card_choices":[{"not_picked":["Thunderclap","Flex"],"picked":"Shrug It Off","floor":1.0},{"not_picked":["Sword Boomerang","Thunderclap"],"picked":"Clothesline","floor":3.0},{"not_picked":["Dark Embrace","Dual Wield"],"picked":"Flame Barrier","floor":4.0},{"not_picked":["Clothesline","Impervious"],"picked":"Feed","floor":7.0},{"not_picked":["Warcry","Clash"],"picked":"Twin Strike","floor":10.0},{"not_picked":["Sever Soul","Intimidate","Second Wind"],"picked":"SKIP","floor":11.0},{"not_picked":["Havoc","Perfected Strike"],"picked":"Whirlwind","floor":13.0},{"not_picked":["Headbutt","Intimidate","Thunderclap"],"picked":"SKIP","floor":14.0},{"not_picked":["Fiend Fire","Double Tap"],"picked":"Reaper","floor":16.0},{"not_picked":["Heavy Blade","Perfected Strike"],"picked":"Clothesline","floor":18.0},{"not_picked":["Pommel Strike","Heavy Blade","Body Slam"],"picked":"SKIP","floor":20.0},{"not_picked":["Power Through","Searing Blow","Sword Boomerang+1"],"picked":"SKIP","floor":21.0},{"not_picked":["Body Slam","Offering"],"picked":"Spot Weakness","floor":24}],"player_experience":506737,"relics_obtained":[{"floor":7.0,"key":"Pen Nib"},{"floor":9.0,"key":"Smiling Mask"},{"floor":13.0,"key":"Bag of Preparation"},{"floor":24,"key":"Shovel"},{"floor":25,"key":"Singing Bowl"},{"floor":26,"key":"MawBank"},{"floor":27,"key":"Toxic Egg 2"}],"event_choices":[{"event_name":"Living Wall","player_choice":"Grow","floor":5.0,"damage_taken":0.0},{"event_name":"Beggar","player_choice":"Gave Gold","floor":22.0,"damage_taken":0.0}],"is_beta":false,"boss_relics":[{"not_picked":["Runic Dome","Black Star"],"picked":"Runic Pyramid"}],"items_purged_floors":[19],"is_endless":false,"potions_floor_spawned":[3,4,10,13,16,18,21,24],"killed_by":"Book of Stabbing","ascension_level":14}