{"gold_per_floor":[119,194,17,30,205,238,253,283,354,383,135,10,30,41,41,138,138,156,156,156,6,20,20,33,68,68,97,97,114,126,78,78,182,182,200,275,275,287,112,0,16,16,16,28,54,70,70,84,84,84],"floor_reached":50,"playtime":3426,"items_purged":["Strike_R","Strike_R","Strike_R","Strike_R","Doubt"],"score":582,"play_id":"3758b751-dac8-4dcb-aff1-89be7bf95649","local_time":"20180804014830","is_ascension_mode":false,"campfire_choices":[{"data":"True Grit","floor":15,"key":"SMITH"},{"data":"RitualDagger","floor":23,"key":"SMITH"},{"data":"Body Slam","floor":32,"key":"SMITH"},{"data":"Twin Strike","floor":42,"key":"SMITH"},{"data":"Clothesline","floor":47,"key":"SMITH"},{"data":"Clothesline","floor":49,"key":"SMITH"}],"neow_cost":"NONE","seed_source_timestamp":997701255145783,"circlet_count":0,"master_deck":["Strike_R","Defend_R","Defend_R","Defend_R","Defend_R+1","Bash+1","Twin Strike+1","Anger","True Grit+1","Body Slam+1","Cleave","Clothesline+1","Shrug It Off+1","Clothesline+1","Clothesline+1","RitualDagger+1","Necronomicurse","Shrug It Off+1","Body Slam+1","True Grit+1","Cleave+1","Flex+1","Warcry+1","Flex+1","Armaments+1","Flex+1","Flex+1"],"relics":["Burning Blood","Sundial","Blood Vial","Pear","Regal Pillow","Vajra","Velvet Choker","Necronomicon","War Paint","Blue Candle","Darkstone Periapt","Coffee Dripper","Toxic Egg 2","Red Mask","Paper Frog","Orichalcum"],"potions_floor_usage":[10,10,16,27,33,50,50,50],"damage_taken":[{"damage":0,"enemies":"Small Slimes","floor":1,"turns":5},{"damage":0,"enemies":"Jaw Worm","floor":4,"turns":3},{"damage":24,"enemies":"3 Sentries","floor":6,"turns":11},{"damage":1,"enemies":"Cultist","floor":7,"turns":3},{"damage":25,"enemies":"Gremlin Nob","floor":8,"turns":4},{"damage":19,"enemies":"Lagavulin","floor":10,"turns":6},{"damage":4,"enemies":"Blue Slaver","floor":13,"turns":4},{"damage":13,"enemies":"Exordium Thugs","floor":14,"turns":6},{"damage":29,"enemies":"The Guardian","floor":16,"turns":11},{"damage":0,"enemies":"3 Byrds","floor":18,"turns":5},{"damage":6,"enemies":"Chosen","floor":22,"turns":3},{"damage":5,"enemies":"3 Cultists","floor":24,"turns":5},{"damage":8,"enemies":"Book of Stabbing","floor":25,"turns":5},{"damage":19,"enemies":"Slavers","floor":27,"turns":6},{"damage":2,"enemies":"Cultist and Chosen","floor":29,"turns":5},{"damage":1,"enemies":"Snake Plant","floor":30,"turns":3},{"damage":69,"enemies":"Champ","floor":33,"turns":9},{"damage":6,"enemies":"Flame Bruiser 1 Orb","floor":35,"turns":4},{"damage":1,"enemies":"3 Darklings","floor":38,"turns":4},{"damage":25,"enemies":"Spire Growth","floor":41,"turns":4},{"damage":0,"enemies":"Sphere and 2 Shapes","floor":44,"turns":3},{"damage":23,"enemies":"Nemesis","floor":45,"turns":7},{"damage":0,"enemies":"Transient","floor":46,"turns":5},{"damage":0,"enemies":"Spire Growth","floor":48,"turns":3},{"damage":83,"enemies":"Time Eater","floor":50,"turns":10}],"seed_played":"5662948280907938991","potions_obtained":[{"floor":4,"key":"FearPotion"},{"floor":6,"key":"FearPotion"},{"floor":8,"key":"EssenceOfSteel"},{"floor":25,"key":"Block Potion"},{"floor":27,"key":"FearPotion"},{"floor":29,"key":"Regen Potion"},{"floor":35,"key":"Energy Potion"},{"floor":44,"key":"Weak Potion"},{"floor":48,"key":"EssenceOfSteel"}],"is_trial":false,"path_per_floor":["M","?","$","M","?","E","M","E","T","E","$","$","M","M","R","B",null,"M","?","?","$","M","R","M","E","T","E","?","M","M","$","R","B",null,"M","?","?","M","$","?","M","R","T","M","E","M","R","M","R"],"character_chosen":"IRONCLAD","items_purchased":["Anger","True Grit","Vajra","SpeedPotion"],"campfire_rested":0,"item_purchase_floors":[3,3,11,31],"current_hp_per_floor":[80,69,69,75,75,57,62,43,53,42,42,42,46,41,41,20,90,90,84,68,68,70,70,73,73,73,62,62,68,75,75,75,28,90,90,81,81,88,88,88,71,71,71,79,64,72,72,80,80,0],"gold":84,"neow_bonus":"UPGRADE_CARD","is_prod":false,"is_daily":false,"chose_seed":false,"campfire_upgraded":6,"win_rate":0,"timestamp":1533372510,"path_taken":["M","?","$","M","?","E","M","E","T","E","?","$","M","?","R","BOSS","M","?","?","$","?","R","M","E","T","E","?","M","M","$","R","BOSS","M","?","?","M","$","?","?","R","T","M","E","?","R","M","R","BOSS"],"build_version":"2018-08-02","purchased_purges":5,"victory":false,"max_hp_per_floor":[80,80,80,80,80,80,80,80,90,90,90,90,90,90,90,90,90,90,90,90,90,90,90,90,90,90,90,90,90,90,90,90,90,90,90,90,90,90,90,90,90,90,90,90,90,90,90,90,90,90],"card_choices":[{"not_picked":["Havoc","Feel No Pain"],"picked":"Twin Strike","floor":1},{"not_picked":["Wild Strike","Hemokinesis"],"picked":"Body Slam","floor":4},{"not_picked":["Flex","Exhume"],"picked":"Cleave","floor":6},{"not_picked":["Pummel","Second Wind","Heavy Blade"],"picked":"SKIP","floor":7},{"not_picked":["Clash","Warcry","Rupture"],"picked":"SKIP","floor":8},{"not_picked":["Rage","Body Slam"],"picked":"Clothesline","floor":10},{"not_picked":["Anger","Headbutt"],"picked":"Shrug It Off","floor":13},{"not_picked":["Flex","Corruption"],"picked":"Clothesline","floor":14},{"not_picked":["Perfected Strike","Iron Wave"],"picked":"Clothesline+1","floor":18},{"not_picked":["Heavy Blade","Searing Blow"],"picked":"Shrug It Off+1","floor":22},{"not_picked":["Thunderclap+1","Wild Strike"],"picked":"Body Slam+1","floor":24},{"not_picked":["Iron Wave","Searing Blow"],"picked":"True Grit+1","floor":25},{"not_picked":["Combust","Wild Strike+1"],"picked":"Cleave+1","floor":27},{"not_picked":["Warcry","Dark Embrace"],"picked":"Flex+1","floor":29},{"not_picked":["Havoc+1","Iron Wave"],"picked":"Warcry+1","floor":30},{"not_picked":["Wild Strike","Rage"],"picked":"Flex+1","floor":35},{"not_picked":["Shrug It Off+1","Havoc+1"],"picked":"Armaments+1","floor":38},{"not_picked":["Seeing Red+1","Power Through+1","Spot Weakness+1"],"picked":"SKIP","floor":41},{"not_picked":["Evolve+1","Perfected Strike"],"picked":"Flex+1","floor":44},{"not_picked":["Armaments+1","Cleave","Pummel"],"picked":"SKIP","floor":45},{"not_picked":["Juggernaut","Dropkick+1"],"picked":"Flex+1","floor":46},{"not_picked":["Burning Pact+1","Power Through+1","Evolve"],"picked":"SKIP","floor":48}],"player_experience":287729,"relics_obtained":[{"floor":6,"key":"Sundial"},{"floor":8,"key":"Blood Vial"},{"floor":9,"key":"Pear"},{"floor":10,"key":"Regal Pillow"},{"floor":20,"key":"Necronomicon"},{"floor":25,"key":"War Paint"},{"floor":26,"key":"Blue Candle"},{"floor":27,"key":"Darkstone Periapt"},{"floor":43,"key":"Paper Frog"},{"floor":45,"key":"Orichalcum"}],"event_choices":[{"event_name":"World of Goop","player_choice":"Gather Gold","floor":2,"damage_taken":0},{"event_name":"Liars Game","player_choice":"agreed","floor":5,"damage_taken":0},{"event_name":"Nest","player_choice":"Joined the Cult","floor":19,"damage_taken":0},{"event_name":"Cursed Tome","player_choice":"Obtained Book","floor":20,"damage_taken":0},{"event_name":"Vampires","player_choice":"Ignored","floor":28,"damage_taken":0},{"event_name":"FaceTrader","player_choice":"Touch","floor":36,"damage_taken":0},{"event_name":"WeMeetAgain","player_choice":"Potion","floor":37,"damage_taken":0},{"event_name":"Tomb of Lord Red Mask","player_choice":"Paid","floor":40,"damage_taken":0}],"is_beta":false,"boss_relics":[{"not_picked":["Astrolabe","Busted Crown"],"picked":"Velvet Choker"},{"not_picked":["Philosopher\u0027s Stone","Pandora\u0027s Box"],"picked":"Coffee Dripper"}],"items_purged_floors":[3,11,12,21,39],"is_endless":false,"potions_floor_spawned":[4,6,8,25,27,29,35,44,46,48],"killed_by":"Time Eater","ascension_level":0}