{"gold_per_floor":[113,113,129,229,252,288,363,407,407,432,432,432,471,496,496,619,619,642,148,148,148,148,183,183,183,206,206,226,226,240,240,240,337,337,354,409,429,37,54,54,54,54,81,81,116,216,216,251,251,251],"floor_reached":51,"playtime":2565,"items_purged":["Strike_R"],"score":812,"play_id":"04af6e43-401b-41f0-bf0c-0e41a96d78be","local_time":"20190413234333","is_ascension_mode":false,"campfire_choices":[{"floor":11,"key":"REST"},{"data":"Armaments","floor":15,"key":"SMITH"},{"floor":24,"key":"REST"},{"data":"Armaments","floor":29,"key":"SMITH"},{"data":"Limit Break","floor":32,"key":"SMITH"},{"data":"Dark Embrace","floor":40,"key":"SMITH"},{"data":"Panacea","floor":42,"key":"SMITH"},{"data":"Bash","floor":44,"key":"SMITH"},{"floor":49,"key":"DIG"}],"neow_cost":"NONE","seed_source_timestamp":131182640916200,"circlet_count":0,"master_deck":["Defend_R","Defend_R","Defend_R","Defend_R","Bash+1","Iron Wave","Spot Weakness","Headbutt","Spot Weakness","Clothesline","Armaments+1","Headbutt","Limit Break+1","Feel No Pain","Shrug It Off","Armaments+1","Inflame","Limit Break","Bite","Bite","Bite","Bite","Power Through","Headbutt","Dark Embrace+1","Pommel Strike+1","Clothesline","True Grit+1","Panacea+1","Reaper","Power Through+1"],"relics":["Burning Blood","Bloody Idol","Juzu Bracelet","StoneCalendar","Sundial","Letter Opener","Matryoshka","Philosopher\u0027s Stone","Happy Flower","Bag of Marbles","Blood Vial","Bronze Scales","Enchiridion","Smiling Mask","Ornamental Fan","Coffee Dripper","Bird Faced Urn","Orichalcum","Lantern","Centennial Puzzle","Strawberry","Shovel","Red Skull","Bag of Preparation"],"potions_floor_usage":[0,7,8,8,13,16,16,23,28,33,36,45,45,50],"damage_taken":[{"damage":1,"enemies":"Cultist","floor":1,"turns":4},{"damage":0,"enemies":"2 Louse","floor":3,"turns":3},{"damage":1,"enemies":"Jaw Worm","floor":5,"turns":3},{"damage":31,"enemies":"3 Sentries","floor":6,"turns":8},{"damage":17,"enemies":"3 Sentries","floor":7,"turns":6},{"damage":32,"enemies":"Gremlin Nob","floor":8,"turns":4},{"damage":11,"enemies":"Exordium Thugs","floor":10,"turns":5},{"damage":15,"enemies":"3 Sentries","floor":13,"turns":7},{"damage":7,"enemies":"3 Louse","floor":14,"turns":4},{"damage":14,"enemies":"Hexaghost","floor":16,"turns":9},{"damage":15,"enemies":"3 Byrds","floor":18,"turns":5},{"damage":51,"enemies":"Slavers","floor":23,"turns":6},{"damage":19,"enemies":"2 Thieves","floor":28,"turns":2},{"damage":8,"enemies":"Cultist and Chosen","floor":30,"turns":6},{"damage":25,"enemies":"Collector","floor":33,"turns":6},{"damage":1,"enemies":"Orb Walker","floor":35,"turns":2},{"damage":2,"enemies":"2 Orb Walkers","floor":36,"turns":4},{"damage":0,"enemies":"3 Shapes","floor":37,"turns":4},{"damage":21,"enemies":"Spire Growth","floor":39,"turns":5},{"damage":24,"enemies":"Reptomancer","floor":45,"turns":7},{"damage":0,"enemies":"Mind Bloom Boss Battle","floor":46,"turns":6},{"damage":14,"enemies":"Giant Head","floor":48,"turns":6},{"damage":23,"enemies":"Donu and Deca","floor":50,"turns":7}],"seed_played":"-1299031840875357799","potions_obtained":[{"floor":0,"key":"Fruit Juice"},{"floor":0,"key":"BloodPotion"},{"floor":0,"key":"GamblersBrew"},{"floor":1,"key":"Poison Potion"},{"floor":7,"key":"EssenceOfSteel"},{"floor":8,"key":"Swift Potion"},{"floor":13,"key":"PowerPotion"},{"floor":23,"key":"GamblersBrew"},{"floor":30,"key":"PowerPotion"},{"floor":35,"key":"Weak Potion"},{"floor":36,"key":"Fire Potion"},{"floor":37,"key":"Explosive Potion"},{"floor":45,"key":"GamblersBrew"}],"is_trial":false,"path_per_floor":["M","?","M","?","M","E","?","E","T","M","R","?","E","M","R","B",null,"M","$","?","?","?","E","R","?","T","?","M","R","M","T","R","B",null,"M","?","M","$","M","R","?","R","T","R","E","?","?","E","R","B",null],"character_chosen":"IRONCLAD","items_purchased":["Shrug It Off","Armaments","Inflame","Happy Flower","Block Potion","Fire Potion","Orichalcum","Lantern","Panacea"],"campfire_rested":2,"item_purchase_floors":[19,19,19,19,19,19,38,38,38],"current_hp_per_floor":[85,64,70,70,75,50,39,21,21,16,41,41,32,31,31,23,85,76,76,76,76,76,36,61,59,59,43,47,47,59,59,59,49,59,59,59,59,59,51,51,51,51,56,56,66,66,66,65,65,66],"gold":251,"neow_bonus":"THREE_SMALL_POTIONS","is_prod":false,"is_daily":false,"chose_seed":false,"campfire_upgraded":6,"win_rate":1,"timestamp":1555224213,"path_taken":["M","?","M","?","M","E","?","E","T","M","R","?","E","M","R","BOSS","M","$","?","?","?","E","R","?","T","?","M","R","M","?","R","BOSS","M","?","M","$","M","R","?","R","T","R","E","?","?","E","R","BOSS"],"build_version":"2019-01-23","purchased_purges":1,"victory":true,"max_hp_per_floor":[85,85,85,85,85,85,85,85,85,85,85,85,85,85,85,85,85,85,85,85,85,85,85,85,59,59,59,59,59,59,59,59,59,59,59,59,59,59,59,59,59,59,59,59,66,66,66,66,66,66],"card_choices":[{"not_picked":["Searing Blow","Clash"],"picked":"Iron Wave","floor":1},{"not_picked":["Body Slam","Heavy Blade","Dual Wield"],"picked":"SKIP","floor":3},{"not_picked":["Body Slam","Heavy Blade","Dual Wield"],"picked":"SKIP","floor":3},{"not_picked":["Iron Wave","Dropkick"],"picked":"Spot Weakness","floor":5},{"not_picked":["Shrug It Off","Impervious"],"picked":"Headbutt","floor":6},{"not_picked":["Brutality","Pommel Strike"],"picked":"Spot Weakness","floor":8},{"not_picked":["Entrench","Fire Breathing"],"picked":"Clothesline","floor":10},{"not_picked":["True Grit","Thunderclap"],"picked":"Armaments","floor":13},{"not_picked":["Anger","Body Slam"],"picked":"Headbutt","floor":14},{"not_picked":["Demon Form","Brutality"],"picked":"Limit Break","floor":16},{"not_picked":["Flex","Intimidate"],"picked":"Feel No Pain","floor":18},{"not_picked":["Sword Boomerang","Warcry","Cleave"],"picked":"SKIP","floor":23},{"not_picked":["Heavy Blade","Pummel"],"picked":"Power Through","floor":28},{"not_picked":["Havoc","Rupture"],"picked":"Headbutt","floor":30},{"not_picked":["Demon Form","Limit Break"],"picked":"Dark Embrace","floor":33},{"not_picked":["Warcry+1","Whirlwind"],"picked":"Pommel Strike+1","floor":35},{"not_picked":["Twin Strike","Combust+1"],"picked":"Clothesline","floor":36},{"not_picked":["Shrug It Off","Sword Boomerang+1"],"picked":"True Grit+1","floor":37},{"not_picked":["Searing Blow","Combust+1","Armaments"],"picked":"SKIP","floor":39},{"not_picked":["Perfected Strike+1","Ghostly Armor"],"picked":"Reaper","floor":45},{"not_picked":["Warcry+1","Shrug It Off+1"],"picked":"Power Through+1","floor":48}],"player_experience":339697,"relics_obtained":[{"floor":6,"key":"Juzu Bracelet"},{"floor":7,"key":"StoneCalendar"},{"floor":8,"key":"Sundial"},{"floor":9,"key":"Letter Opener"},{"floor":13,"key":"Matryoshka"},{"floor":23,"key":"Bag of Marbles"},{"floor":26,"key":"Blood Vial"},{"floor":26,"key":"Bronze Scales"},{"floor":27,"key":"Enchiridion"},{"floor":31,"key":"Smiling Mask"},{"floor":31,"key":"Ornamental Fan"},{"floor":36,"key":"Bird Faced Urn"},{"floor":43,"key":"Centennial Puzzle"},{"floor":45,"key":"Strawberry"},{"floor":46,"key":"Shovel"},{"floor":48,"key":"Red Skull"},{"floor":49,"key":"Bag of Preparation"}],"event_choices":[{"damage_healed":0,"gold_gain":0,"player_choice":"Take Damage","damage_taken":21,"relics_obtained":["Golden Idol"],"max_hp_gain":0,"max_hp_loss":0,"event_name":"Golden Idol","floor":2,"gold_loss":0},{"damage_healed":0,"gold_gain":100,"player_choice":"Pray","damage_taken":0,"max_hp_gain":0,"max_hp_loss":0,"event_name":"Golden Shrine","floor":4,"gold_loss":0},{"damage_healed":0,"gold_gain":0,"player_choice":"Searched \u00272\u0027 times","damage_taken":0,"max_hp_gain":0,"max_hp_loss":0,"event_name":"Dead Adventurer","floor":7,"gold_loss":0},{"cards_removed":["Strike_R"],"damage_healed":0,"gold_gain":0,"player_choice":"Purged","damage_taken":0,"max_hp_gain":0,"max_hp_loss":0,"event_name":"Purifier","floor":12,"gold_loss":0},{"damage_healed":0,"gold_gain":0,"player_choice":"Gave Idol","damage_taken":0,"relics_obtained":["Bloody Idol"],"max_hp_gain":0,"max_hp_loss":0,"event_name":"Forgotten Altar","floor":20,"relics_lost":["Golden Idol"],"gold_loss":0},{"damage_healed":0,"gold_gain":0,"player_choice":"Copied","damage_taken":0,"max_hp_gain":0,"max_hp_loss":0,"event_name":"Duplicator","floor":21,"gold_loss":0,"cards_obtained":["Limit Break"]},{"damage_healed":0,"gold_gain":0,"player_choice":"Ignored","damage_taken":0,"max_hp_gain":0,"max_hp_loss":0,"event_name":"Ghosts","floor":22,"gold_loss":0},{"damage_healed":0,"gold_gain":0,"player_choice":"Became a vampire","damage_taken":0,"max_hp_gain":0,"max_hp_loss":26,"event_name":"Vampires","floor":25,"gold_loss":0,"cards_obtained":["Bite","Bite","Bite","Bite","Bite"]},{"damage_healed":0,"gold_gain":0,"player_choice":"Obtained Book","damage_taken":16,"max_hp_gain":0,"max_hp_loss":0,"event_name":"Cursed Tome","floor":27,"gold_loss":0},{"damage_healed":0,"gold_gain":0,"player_choice":"Fight","damage_taken":0,"max_hp_gain":0,"max_hp_loss":0,"event_name":"Mysterious Sphere","floor":36,"gold_loss":0},{"cards_removed":["Bite"],"damage_healed":0,"gold_gain":0,"player_choice":"Removed Attack","damage_taken":0,"max_hp_gain":0,"max_hp_loss":0,"event_name":"Falling","floor":41,"gold_loss":0},{"damage_healed":0,"gold_gain":0,"player_choice":"Fight","damage_taken":0,"max_hp_gain":0,"max_hp_loss":0,"event_name":"MindBloom","floor":46,"gold_loss":0},{"damage_healed":0,"gold_gain":0,"player_choice":"Ignored","damage_taken":0,"max_hp_gain":0,"max_hp_loss":0,"event_name":"NoteForYourself","floor":47,"gold_loss":0}],"is_beta":false,"boss_relics":[{"not_picked":["Tiny House","Runic Pyramid"],"picked":"Philosopher\u0027s Stone"},{"not_picked":["Fusion Hammer","White Beast Statue"],"picked":"Coffee Dripper"}],"items_purged_floors":[19],"is_endless":false,"potions_floor_spawned":[1,7,8,13,23,30,35,36,37,45],"ascension_level":0}