{"gold_per_floor":[116,41,51,51,96,140,152,189,273,313,343,355,367,411,423,531,543,565,48,48],"floor_reached":20,"playtime":1579,"items_purged":["Defend_B","Regret"],"score":218,"play_id":"a90f986a-a4c6-4d8b-9153-97f45714e7b9","local_time":"20180722083144","is_ascension_mode":true,"campfire_choices":[{"data":"Coolheaded","floor":7,"key":"SMITH"},{"floor":13,"key":"REST"},{"data":"Rainbow","floor":15,"key":"SMITH"}],"neow_cost":"TEN_PERCENT_HP_LOSS","seed_source_timestamp":546903356344325,"circlet_count":0,"master_deck":["Strike_B","Strike_B","Strike_B","Defend_B","Defend_B","Defend_B","Zap","Dualcast","Buffer","Coolheaded+1","Gash","Go for the Eyes","Streamline","Capacitor","Rainbow+1","Force Field","Rainbow","Ball Lightning+1","Self Repair","Magnetism"],"relics":["Cracked Core","MawBank","Happy Flower","Juzu Bracelet","Meat on the Bone","Turnip","Ancient Tea Set","Kunai","Black Star","Oddly Smooth Stone"],"potions_floor_usage":[16,16,16],"damage_taken":[{"damage":0,"enemies":"Small Slimes","floor":1,"turns":4},{"damage":0,"enemies":"Cultist","floor":3,"turns":3},{"damage":17,"enemies":"3 Sentries","floor":6,"turns":10},{"damage":1,"enemies":"Lagavulin","floor":8,"turns":8},{"damage":21,"enemies":"3 Sentries","floor":10,"turns":6},{"damage":2,"enemies":"Jaw Worm","floor":11,"turns":3},{"damage":11,"enemies":"Lagavulin","floor":14,"turns":7},{"damage":40,"enemies":"The Guardian","floor":16,"turns":9},{"damage":6,"enemies":"Chosen","floor":18,"turns":7},{"damage":0,"enemies":"2 Thieves","floor":20,"turns":1}],"seed_played":"4752984546413099075","potions_obtained":[{"floor":1,"key":"Weak Potion"},{"floor":3,"key":"LiquidBronze"},{"floor":10,"key":"PowerPotion"},{"floor":16,"key":"Regen Potion"}],"is_trial":false,"path_per_floor":["M","$","M","?","T","E","R","E","T","E","M","?","R","E","R","B",null,"M","$"],"character_chosen":"DEFECT","items_purchased":["Oddly Smooth Stone","Self Repair","Magnetism"],"campfire_rested":1,"item_purchase_floors":[19,19,19],"current_hp_per_floor":[68,68,68,68,68,51,51,50,50,41,39,39,59,48,48,20,68,62,62,62],"gold":48,"neow_bonus":"THREE_RARE_CARDS","is_prod":false,"is_daily":false,"chose_seed":false,"campfire_upgraded":2,"win_rate":0,"timestamp":1532273504,"path_taken":["M","$","M","?","?","E","R","E","T","E","M","?","R","E","R","BOSS","M","$","M"],"build_version":"2018-07-19v2","purchased_purges":2,"victory":false,"max_hp_per_floor":[68,68,68,68,68,68,68,68,68,68,68,68,68,68,68,68,68,68,68,68],"card_choices":[{"not_picked":["Rainbow","Seek"],"picked":"Buffer","floor":0},{"not_picked":["Hello World","Compile Driver"],"picked":"Coolheaded","floor":1},{"not_picked":["Reprogram","Reinforced Body"],"picked":"Gash","floor":3},{"not_picked":["Steam","Coolheaded"],"picked":"Streamline","floor":6},{"not_picked":["Loop","Aggregate","Conserve Battery"],"picked":"SKIP","floor":8},{"not_picked":["Leap","Defragment"],"picked":"Capacitor","floor":10},{"not_picked":["Stack","Blizzard"],"picked":"Rainbow","floor":11},{"not_picked":["Stack","Beam Cell"],"picked":"Force Field","floor":14},{"not_picked":["Reboot","Machine Learning"],"picked":"Rainbow","floor":16},{"not_picked":["Steam+1","Beam Cell+1"],"picked":"Ball Lightning+1","floor":18}],"player_experience":112540,"relics_obtained":[{"floor":5,"key":"MawBank"},{"floor":6,"key":"Happy Flower"},{"floor":8,"key":"Juzu Bracelet"},{"floor":9,"key":"Meat on the Bone"},{"floor":10,"key":"Turnip"},{"floor":14,"key":"Kunai"}],"event_choices":[{"event_name":"Transmorgrifier","player_choice":"Transform","floor":4,"damage_taken":0},{"event_name":"Big Fish","player_choice":"Box","floor":12,"damage_taken":0}],"is_beta":false,"boss_relics":[{"not_picked":["FrozenCore","Busted Crown"],"picked":"Black Star"}],"items_purged_floors":[2,19],"is_endless":false,"potions_floor_spawned":[1,3,10,16],"killed_by":"2 Thieves","ascension_level":2}