{"gold_per_floor":[117,127,138,103,103,134,152,152,152,162,189,97,97,107,107,210,210,197,297,316,170,68,94,94,104,157,157,157,72,85,85,85,181,181,198,158,171,184,197,197,197,222,246,265,265,265,265,283,283,283],"floor_reached":51,"playtime":5014,"items_purged":["Strike_B"],"score":723,"play_id":"1b42d8ae-aa9c-4dcf-ace4-0499ce838076","local_time":"20190410203704","is_ascension_mode":true,"campfire_choices":[{"floor":8.0,"key":"REST"},{"floor":15,"key":"REST"},{"floor":24,"key":"REST"},{"floor":27,"key":"REST"},{"floor":32,"key":"REST"},{"floor":40,"key":"REST"},{"floor":47,"key":"REST"},{"floor":49,"key":"REST"}],"neow_cost":"NONE","seed_source_timestamp":0,"circlet_count":0,"master_deck":["Strike_B","Strike_B","Defend_B","Defend_B","Zap","Dualcast","Cold Snap","Chill","Reinforced Body+1","Buffer+1","FTL","Loop","Coolheaded","Biased Cognition","Sunder+1","Coolheaded+1","Finesse","Flash of Steel","Glacier","Conserve Battery+1","Rebound+1","Ball Lightning","Creative AI","Go for the Eyes","Self Repair+1","Metamorphosis","Chill"],"special_seed":0,"relics":["Cracked Core","The Courier","Shuriken","Lantern","Empty Cage","Bag of Marbles","Vajra","Turnip","Pantograph","Lizard Tail","StoneCalendar","Ancient Tea Set"],"potions_floor_usage":[16,25,33,35,42,42,50],"damage_taken":[{"damage":19.0,"enemies":"Small Slimes","floor":1.0,"turns":4.0},{"damage":9.0,"enemies":"2 Louse","floor":2.0,"turns":2.0},{"damage":0.0,"enemies":"Cultist","floor":3.0,"turns":4.0},{"damage":8.0,"enemies":"3 Sentries","floor":6.0,"turns":9.0},{"damage":4.0,"enemies":"Blue Slaver","floor":7.0,"turns":4.0},{"damage":6.0,"enemies":"2 Fungi Beasts","floor":10.0,"turns":3.0},{"damage":13.0,"enemies":"Lagavulin","floor":11.0,"turns":6.0},{"damage":0,"enemies":"Lots of Slimes","floor":14,"turns":7},{"damage":64,"enemies":"Hexaghost","floor":16,"turns":16},{"damage":18,"enemies":"2 Thieves","floor":18,"turns":4},{"damage":7,"enemies":"Shell Parasite","floor":20,"turns":5},{"damage":34,"enemies":"Book of Stabbing","floor":23,"turns":13},{"damage":12,"enemies":"Snecko","floor":25,"turns":6},{"damage":9,"enemies":"Shelled Parasite and Fungi","floor":30,"turns":6},{"damage":33,"enemies":"Automaton","floor":33,"turns":14},{"damage":6,"enemies":"3 Darklings","floor":35,"turns":7},{"damage":17,"enemies":"Orb Walker","floor":37,"turns":5},{"damage":12,"enemies":"Sphere and 2 Shapes","floor":38,"turns":8},{"damage":1,"enemies":"3 Darklings","floor":39,"turns":8},{"damage":48,"enemies":"Nemesis","floor":42,"turns":13},{"damage":20,"enemies":"Transient","floor":44,"turns":5},{"damage":37,"enemies":"Maw","floor":48,"turns":12},{"damage":30,"enemies":"Time Eater","floor":50,"turns":13}],"seed_played":"-6497010803091536578","potions_obtained":[{"floor":2.0,"key":"Energy Potion"},{"floor":3.0,"key":"Energy Potion"},{"floor":5.0,"key":"Regen Potion"},{"floor":7.0,"key":"Poison Potion"},{"floor":18,"key":"FearPotion"},{"floor":23,"key":"SneckoOil"},{"floor":33,"key":"Energy Potion"},{"floor":35,"key":"Dexterity Potion"},{"floor":38,"key":"Weak Potion"},{"floor":42,"key":"SteroidPotion"},{"floor":44,"key":"Weak Potion"}],"is_trial":false,"path_per_floor":["M","M","M","?","?","E","M","R","T","M","E","$","?","M","R","B",null,"M","?","M","$","$","E","R","M","T","R","$","?","M","T","R","B",null,"M","?","M","M","M","R","?","E","T","M","?","?","R","M","R","B",null],"character_chosen":"DEFECT","items_purchased":["Loop","Finesse","Flash of Steel","Glacier","Conserve Battery"],"campfire_rested":8,"item_purchase_floors":[12,21,21,22,22],"current_hp_per_floor":[56,47,47,65,65,57,53,75,75,69,56,56,56,56,75,16,75,57,57,50,50,50,16,38,26,26,48,48,48,39,39,61,42,75,69,69,52,40,49,71,71,33,33,23,23,23,45,18,40,45],"gold":283,"neow_bonus":"REMOVE_CARD","is_prod":false,"is_daily":false,"chose_seed":false,"campfire_upgraded":0,"win_rate":0,"timestamp":1554921424,"path_taken":["M","M","M","?","?","E","?","R","T","M","E","$","?","M","R","BOSS","M","?","?","?","$","E","R","M","T","R","$","?","M","?","R","BOSS","M","?","M","M","?","R","?","E","T","M","?","?","R","M","R","BOSS"],"build_version":"2019-01-23","purchased_purges":1,"victory":true,"max_hp_per_floor":[75,75,75,75,75,75,75,75,75,75,75,75,75,75,75,75,75,75,75,75,75,75,75,75,75,75,75,75,75,75,75,75,75,75,75,75,75,75,75,75,75,75,75,75,75,75,75,75,75,75],"card_choices":[{"not_picked":["FTL","Double Energy"],"picked":"Cold Snap","floor":1.0},{"not_picked":["Ball Lightning","Compile Driver"],"picked":"Chill","floor":2.0},{"not_picked":["Gash","Steam"],"picked":"Reinforced Body","floor":3.0},{"not_picked":["Machine Learning","Compile Driver","FTL"],"picked":"SKIP","floor":6.0},{"not_picked":["Chaos","Coolheaded","Compile Driver"],"picked":"SKIP","floor":7.0},{"not_picked":["Darkness","Turbo"],"picked":"Buffer","floor":10.0},{"not_picked":["Stack","Rip and Tear"],"picked":"FTL","floor":11.0},{"not_picked":["Compile Driver","Auto Shields"],"picked":"Coolheaded","floor":14},{"not_picked":["Buffer","Reboot"],"picked":"Biased Cognition","floor":16},{"not_picked":["Sweeping Beam+1","Stack"],"picked":"Sunder+1","floor":18},{"not_picked":["Darkness","Scrape+1"],"picked":"Coolheaded+1","floor":20},{"not_picked":["Conserve Battery","Gash"],"picked":"Rebound+1","floor":23},{"not_picked":["Static Discharge","Reinforced Body","Coolheaded"],"picked":"SKIP","floor":25},{"not_picked":["Leap","Hologram+1"],"picked":"Ball Lightning","floor":30},{"not_picked":["Amplify","Thunder Strike"],"picked":"Creative AI","floor":33},{"not_picked":["Streamline","Compile Driver"],"picked":"Go for the Eyes","floor":35},{"not_picked":["Steam+1","Consume","Static Discharge"],"picked":"SKIP","floor":37},{"not_picked":["Static Discharge+1","Coolheaded+1"],"picked":"Self Repair+1","floor":38},{"not_picked":["Rainbow","Hologram","Turbo+1"],"picked":"SKIP","floor":39},{"not_picked":["The Bomb","Deep Breath"],"picked":"Metamorphosis","floor":41},{"not_picked":["Barrage","Doom and Gloom"],"picked":"Chill","floor":42},{"not_picked":["Sweeping Beam+1","Genetic Algorithm+1","Beam Cell+1"],"picked":"SKIP","floor":44},{"not_picked":["Leap","Barrage+1","Genetic Algorithm+1"],"picked":"SKIP","floor":48}],"player_experience":438612,"relics_obtained":[{"floor":6.0,"key":"The Courier"},{"floor":9.0,"key":"Shuriken"},{"floor":11.0,"key":"Lantern"},{"floor":23,"key":"Bag of Marbles"},{"floor":26,"key":"Vajra"},{"floor":31,"key":"Pantograph"},{"floor":42,"key":"StoneCalendar"},{"floor":43,"key":"Ancient Tea Set"}],"event_choices":[{"damage_healed":18.0,"max_hp_gain":0.0,"max_hp_loss":0.0,"gold_gain":0.0,"event_name":"The Cleric","player_choice":"Healed","floor":4.0,"gold_loss":35.0,"damage_taken":0.0},{"damage_healed":0.0,"max_hp_gain":0.0,"max_hp_loss":0.0,"gold_gain":0.0,"event_name":"Lab","player_choice":"Got Potions","floor":5.0,"gold_loss":0.0,"damage_taken":0.0},{"damage_healed":0,"gold_gain":0,"player_choice":"Grow","damage_taken":0,"max_hp_gain":0,"max_hp_loss":0,"event_name":"Living Wall","floor":13,"gold_loss":0,"cards_upgraded":["Buffer"]},{"damage_healed":0,"gold_gain":100,"player_choice":"Pray","damage_taken":0,"max_hp_gain":0,"max_hp_loss":0,"event_name":"Golden Shrine","floor":19,"gold_loss":0},{"damage_healed":0,"gold_gain":0,"player_choice":"Obtained Relic","damage_taken":0,"relics_obtained":["Turnip"],"max_hp_gain":0,"max_hp_loss":0,"event_name":"Addict","floor":29,"gold_loss":85},{"damage_healed":0,"gold_gain":0,"player_choice":"Upgraded Two","damage_taken":0,"max_hp_gain":0,"max_hp_loss":0,"event_name":"Designer","floor":36,"gold_loss":40,"cards_upgraded":["Conserve Battery","Reinforced Body"]},{"damage_healed":0,"gold_gain":0,"player_choice":"Memory 1","damage_taken":0,"max_hp_gain":0,"max_hp_loss":0,"event_name":"SensoryStone","floor":41,"gold_loss":0},{"damage_healed":0,"gold_gain":0,"player_choice":"Ignored","damage_taken":0,"max_hp_gain":0,"max_hp_loss":0,"event_name":"The Moai Head","floor":45,"gold_loss":0},{"damage_healed":0,"gold_gain":0,"player_choice":"Ignored","damage_taken":0,"max_hp_gain":0,"max_hp_loss":0,"event_name":"Mysterious Sphere","floor":46,"gold_loss":0}],"is_beta":false,"boss_relics":[{"not_picked":["White Beast Statue","Philosopher\u0027s Stone"],"picked":"Empty Cage"},{"not_picked":["Velvet Choker","Runic Pyramid"],"picked":"Lizard Tail"}],"items_purged_floors":[12],"is_endless":false,"potions_floor_spawned":[2,3,7,18,23,33,35,38,42,44],"ascension_level":2}