{"gold_per_floor":[117,67,67,87,99,124,142,142,142,29,29,29,54,74,74,153,153,165,181,207,225,3,28,28,39,62,62,62,62],"floor_reached":29,"playtime":2204,"items_purged":["Strike_G"],"score":430,"play_id":"7977d196-2b95-47bb-b548-67d8a27a5683","local_time":"20180818184121","is_ascension_mode":true,"campfire_choices":[{"data":"Dodge and Roll","floor":8.0,"key":"SMITH"},{"data":"All Out Attack","floor":11.0,"key":"SMITH"},{"data":"Dash","floor":15.0,"key":"SMITH"},{"floor":24,"key":"REST"}],"neow_cost":"NONE","seed_source_timestamp":131034699443871,"circlet_count":0,"master_deck":["Defend_G","Defend_G","Defend_G","Defend_G","Defend_G","Strike_G","Strike_G","Survivor","Neutralize+1","AscendersBane","Dash+1","Masterful Stab","Dodge and Roll+1","Infinite Blades","Infinite Blades","All Out Attack+1","Dash+1","Blur","Doppelganger","PiercingWail","Backflip","Backflip","Bandage Up"],"special_seed":0,"relics":["Ring of the Snake","Vajra","Regal Pillow","Blue Candle","Bag of Preparation","Philosopher\u0027s Stone","Red Mask","Anchor","Nloth\u0027s Gift"],"potions_floor_usage":[18,18,21,23,23,29],"damage_taken":[{"damage":0.0,"enemies":"2 Louse","floor":1.0,"turns":3.0},{"damage":0.0,"enemies":"Cultist","floor":4.0,"turns":5.0},{"damage":1.0,"enemies":"Jaw Worm","floor":5.0,"turns":4.0},{"damage":1.0,"enemies":"Lagavulin","floor":6.0,"turns":7.0},{"damage":0.0,"enemies":"Gremlin Gang","floor":7.0,"turns":7.0},{"damage":19.0,"enemies":"Gremlin Nob","floor":13.0,"turns":4.0},{"damage":0.0,"enemies":"Large Slime","floor":14.0,"turns":5.0},{"damage":9,"enemies":"Hexaghost","floor":16,"turns":12},{"damage":0,"enemies":"2 Thieves","floor":18,"turns":3},{"damage":0,"enemies":"Chosen","floor":19,"turns":4},{"damage":27,"floor":20,"turns":5},{"damage":25,"enemies":"Snake Plant","floor":21,"turns":6},{"damage":20,"enemies":"Slavers","floor":23,"turns":8},{"damage":11,"enemies":"Cultist and Chosen","floor":25,"turns":9},{"damage":48,"enemies":"Book of Stabbing","floor":29,"turns":7}],"seed_played":"1338910036459898477","potions_obtained":[{"floor":4.0,"key":"Poison Potion"},{"floor":6.0,"key":"Explosive Potion"},{"floor":13.0,"key":"Fruit Juice"},{"floor":14.0,"key":"Explosive Potion"},{"floor":21,"key":"Fruit Juice"},{"floor":25,"key":"FearPotion"}],"is_trial":false,"path_per_floor":["M","?","?","M","M","E","M","R","T","$","R","?","E","M","R","B",null,"M","M","?","M","$","E","R","M","T","?","?"],"character_chosen":"THE_SILENT","items_purchased":["All Out Attack","Bandage Up","Regen Potion","Block Potion"],"campfire_rested":1,"item_purchase_floors":[10,22,22,22],"current_hp_per_floor":[59,59,59,59,58,57,57,57,57,57,57,39,25,25,25,16,57,57,57,30,10,10,9,46,39,39,39,39,0],"gold":62,"neow_bonus":"UPGRADE_CARD","is_prod":false,"is_daily":false,"chose_seed":false,"campfire_upgraded":3,"win_rate":0,"timestamp":1534642881,"path_taken":["M","?","?","M","M","E","M","R","T","$","R","?","E","M","R","BOSS","M","?","?","M","?","E","R","M","T","?","?","E"],"build_version":"2018-08-16","purchased_purges":1,"victory":false,"max_hp_per_floor":[66,66,66,66,66,66,66,66,66,66,66,66,71,71,71,71,71,71,71,71,76,76,76,76,76,76,76,76,76],"card_choices":[{"not_picked":["Dagger Spray","Flying Knee"],"picked":"Dash","floor":1.0},{"not_picked":["Bane","Blade Dance"],"picked":"Masterful Stab","floor":4.0},{"not_picked":["Acrobatics","Underhanded Strike"],"picked":"Dodge and Roll","floor":5.0},{"not_picked":["Dodge and Roll","Predator"],"picked":"Infinite Blades","floor":6.0},{"not_picked":["Backflip","Night Terror"],"picked":"Infinite Blades","floor":7.0},{"not_picked":["Finisher","Heel Hook"],"picked":"Dash","floor":13.0},{"not_picked":["Poisoned Stab","Bouncing Flask"],"picked":"Blur","floor":14.0},{"not_picked":["Venomology","Grand Finale"],"picked":"Doppelganger","floor":16},{"not_picked":["Slice","Terror"],"picked":"PiercingWail","floor":18},{"not_picked":["Poisoned Stab","Choke","Outmaneuver"],"picked":"SKIP","floor":19},{"not_picked":["Catalyst","Flechettes+1"],"picked":"Backflip","floor":20},{"not_picked":["Wraith Form v2","Outmaneuver"],"picked":"Backflip","floor":21},{"not_picked":["Deadly Poison","Dagger Spray+1","Quick Slash"],"picked":"SKIP","floor":23},{"not_picked":["Outmaneuver","Flying Knee","Setup"],"picked":"SKIP","floor":25}],"player_experience":514035,"relics_obtained":[{"floor":6.0,"key":"Vajra"},{"floor":9.0,"key":"Regal Pillow"},{"floor":13.0,"key":"Bag of Preparation"},{"floor":20,"key":"Red Mask"},{"floor":23,"key":"Anchor"},{"floor":26,"key":"Ancient Tea Set"}],"event_choices":[{"event_name":"The Cleric","player_choice":"Card Removal","floor":2.0,"damage_taken":0.0},{"event_name":"Living Wall","player_choice":"Grow","floor":3.0,"damage_taken":0.0},{"event_name":"Scrap Ooze","player_choice":"success","floor":12.0,"damage_taken":18.0},{"event_name":"Masked Bandits","player_choice":"Fought Bandits","floor":20,"damage_taken":0},{"event_name":"Purifier","player_choice":"One Purge","floor":27,"damage_taken":0},{"event_name":"N\u0027loth","player_choice":"Traded a Ancient Tea Set","floor":28,"damage_taken":0}],"is_beta":false,"boss_relics":[{"not_picked":["Pandora\u0027s Box","Snecko Eye"],"picked":"Philosopher\u0027s Stone"}],"items_purged_floors":[10],"is_endless":false,"potions_floor_spawned":[4,6,13,14,16,21,25],"killed_by":"Book of Stabbing","ascension_level":14}