{"gold_per_floor":[210,0,11,25,38,38,73,90,113,125,156,156,175,208,208,331,331,350,35,58,72,92,128,128,92,92,113,28,278,278,309,309,435,435,455,7,340,1339,1356,1356,1381,1381,1449,1484,1484,1509,1521,137,137,137],"floor_reached":51,"playtime":4401,"items_purged":["Crippling Poison","Normality"],"score":1382,"play_id":"f75fd3ac-2466-4274-beef-df88befd2a5f","local_time":"20180809171942","is_ascension_mode":true,"campfire_choices":[{"data":"Neutralize","floor":6.0,"key":"SMITH"},{"data":"Noxious Fumes","floor":15.0,"key":"SMITH"},{"data":"After Image","floor":24.0,"key":"SMITH"},{"data":"Footwork","floor":30.0,"key":"SMITH"},{"floor":32.0,"key":"REST"},{"floor":40.0,"key":"REST"},{"floor":42.0,"key":"REST"},{"floor":45.0,"key":"REST"},{"floor":49,"key":"REST"}],"neow_cost":"NONE","seed_source_timestamp":1484457179212459,"circlet_count":0,"master_deck":["Survivor","Neutralize+1","AscendersBane","Backstab","Sucker Punch","Dagger Throw","PiercingWail","Noxious Fumes+1","Footwork+1","Endless Agony","Dagger Spray","After Image+1","Bane","Slice","Backflip","Slice","Slice","Bouncing Flask","Sucker Punch","Terror","Blade Dance","Backstab+1","Finesse","Deflect+1","Slice","Malaise+1","Noxious Fumes","Dodge and Roll","Backflip+1","Escape Plan","Tools of the Trade","Backflip","Backflip+1","Dodge and Roll+1","Footwork+1","Prepared+1","Blur","Adrenaline","Backflip","Flash of Steel","Well Laid Plans","Backstab","Doppelganger"],"special_seed":0,"relics":["Ring of the Snake","Vajra","Dream Catcher","Anchor","Omamori","Centennial Puzzle","Pandora\u0027s Box","Regal Pillow","Boot","Mango","Mercury Hourglass","Oddly Smooth Stone","Fusion Hammer","TwistedFunnel","Singing Bowl","Snake Skull","The Courier","Pantograph","Happy Flower","Orichalcum","Tiny Chest","War Paint","Tingsha","Blood Vial"],"potions_floor_usage":[50],"damage_taken":[{"damage":0.0,"enemies":"Cultist","floor":1.0,"turns":5.0},{"damage":0.0,"enemies":"Small Slimes","floor":3.0,"turns":2.0},{"damage":0.0,"enemies":"2 Louse","floor":4.0,"turns":1.0},{"damage":5.0,"enemies":"Lots of Slimes","floor":5.0,"turns":5.0},{"damage":5.0,"enemies":"Gremlin Nob","floor":7.0,"turns":4.0},{"damage":14.0,"enemies":"Exordium Thugs","floor":8.0,"turns":4.0},{"damage":0.0,"enemies":"3 Louse","floor":10.0,"turns":3.0},{"damage":0.0,"enemies":"3 Sentries","floor":11.0,"turns":6.0},{"damage":0.0,"enemies":"2 Fungi Beasts","floor":13.0,"turns":2.0},{"damage":12.0,"enemies":"Gremlin Nob","floor":14.0,"turns":4.0},{"damage":19.0,"enemies":"Hexaghost","floor":16.0,"turns":11.0},{"damage":4.0,"enemies":"Shell Parasite","floor":18.0,"turns":3.0},{"damage":0.0,"enemies":"Chosen","floor":20.0,"turns":2.0},{"damage":11.0,"enemies":"Snecko","floor":21.0,"turns":4.0},{"damage":0.0,"enemies":"Cultist and Chosen","floor":22.0,"turns":5.0},{"damage":3.0,"enemies":"Book of Stabbing","floor":23.0,"turns":4.0},{"damage":0.0,"enemies":"Centurion and Healer","floor":27.0,"turns":4.0},{"damage":0.0,"enemies":"Gremlin Leader","floor":31.0,"turns":6.0},{"damage":37.0,"enemies":"Champ","floor":33.0,"turns":13.0},{"damage":32.0,"enemies":"3 Darklings","floor":35.0,"turns":5.0},{"damage":0.0,"enemies":"3 Shapes","floor":39.0,"turns":3.0},{"damage":22.0,"enemies":"Nemesis","floor":41.0,"turns":7.0},{"damage":2.0,"enemies":"2 Orb Walkers","floor":44.0,"turns":5.0},{"damage":14.0,"enemies":"Giant Head","floor":46.0,"turns":9.0},{"damage":13.0,"enemies":"Maw","floor":47.0,"turns":7.0},{"damage":1,"enemies":"Donu and Deca","floor":50,"turns":9}],"seed_played":"-9165488543415991371","potions_obtained":[{"floor":1.0,"key":"Block Potion"},{"floor":4.0,"key":"Weak Potion"},{"floor":7.0,"key":"SpeedPotion"},{"floor":22.0,"key":"Ancient Potion"},{"floor":23.0,"key":"Ancient Potion"},{"floor":31.0,"key":"Poison Potion"},{"floor":33.0,"key":"SteroidPotion"},{"floor":44.0,"key":"Block Potion"},{"floor":47.0,"key":"SpeedPotion"}],"is_trial":false,"path_per_floor":["M","$","M","M","M","R","E","M","T","M","E","?","M","E","R","B",null,"M","$","M","M","M","E","R","$","T","M","?","?","R","E","R","B",null,"M","$","?","?","M","R","E","R","T","E","R","E","M","$","R","B"],"character_chosen":"THE_SILENT","items_purchased":["Vajra","Sucker Punch","Regal Pillow","Finesse","Noxious Fumes","TwistedFunnel","Singing Bowl","Adrenaline","Backflip","Flash of Steel","SkillPotion","Orichalcum","Tiny Chest","War Paint","Tingsha","Well Laid Plans","Backstab","Blood Vial","Doppelganger"],"campfire_rested":5,"item_purchase_floors":[2,2,19,19,25,36,36,48,48,48,48,48,48,48,48,48,48,48,48],"current_hp_per_floor":[63,63,63,63,58,58,53,39,39,39,39,39,39,27,27,8,51,47,47,47,36,36,33,33,33,47,47,47,47,47,47,79,42,70,38,38,38,38,38,76,54,79,79,79,81,67,56,56,85,84],"gold":137,"neow_bonus":"HUNDRED_GOLD","is_prod":false,"is_daily":false,"chose_seed":false,"campfire_upgraded":4,"win_rate":0,"timestamp":1533860382,"path_taken":["M","?","M","M","M","R","E","M","T","M","E","?","M","E","R","BOSS","M","$","M","M","M","E","R","$","T","M","?","?","R","E","R","BOSS","M","$","?","?","M","R","E","R","T","E","R","E","M","$","R","BOSS"],"build_version":"2018-08-02","purchased_purges":2,"victory":true,"max_hp_per_floor":[70,70,70,70,70,70,70,70,70,70,70,65,65,65,65,65,65,65,65,65,65,65,65,65,65,79,79,79,79,79,79,79,79,79,79,79,79,79,79,79,79,79,79,81,81,81,83,83,85,85],"card_choices":[{"not_picked":["Cloak And Dagger","Flying Knee"],"picked":"Backstab","floor":1.0},{"not_picked":["Acrobatics","Deadly Poison"],"picked":"Dagger Throw","floor":3.0},{"not_picked":["Dagger Throw","Poisoned Stab"],"picked":"PiercingWail","floor":4.0},{"not_picked":["Underhanded Strike","Tools of the Trade"],"picked":"Noxious Fumes","floor":5.0},{"not_picked":["Acrobatics","Blade Dance","Underhanded Strike"],"picked":"SKIP","floor":7.0},{"not_picked":["PiercingWail","Slice"],"picked":"Footwork","floor":8.0},{"not_picked":["Slice","Terror"],"picked":"Endless Agony","floor":10.0},{"not_picked":["Distraction","Finisher","Bane"],"picked":"SKIP","floor":11.0},{"not_picked":["Accuracy","Expertise","Concentrate"],"picked":"SKIP","floor":13.0},{"not_picked":["PiercingWail","Dagger Throw"],"picked":"Dagger Spray","floor":14.0},{"not_picked":["Night Terror","Envenom"],"picked":"After Image","floor":16.0},{"not_picked":["Acrobatics","Expertise+1"],"picked":"Backstab+1","floor":18.0},{"not_picked":["Acrobatics","Outmaneuver+1"],"picked":"Deflect+1","floor":20.0},{"not_picked":["Sucker Punch+1","Quick Slash"],"picked":"Slice","floor":21.0},{"not_picked":["Calculated Gamble","Dagger Throw","Choke"],"picked":"SKIP","floor":22.0},{"not_picked":["Sucker Punch","Calculated Gamble"],"picked":"Malaise","floor":23.0},{"not_picked":["Blade Dance","Backstab"],"picked":"Dodge and Roll","floor":27.0},{"not_picked":["Deadly Poison","Backstab"],"picked":"Backflip","floor":31.0},{"not_picked":["Outmaneuver","Concentrate"],"picked":"Escape Plan","floor":32.0},{"not_picked":["Malaise","Phantasmal Killer"],"picked":"Tools of the Trade","floor":33.0},{"not_picked":["Dagger Spray","Accuracy+1","Concentrate"],"picked":"SKIP","floor":35.0},{"not_picked":["Bane+1","Dagger Throw"],"picked":"Backflip","floor":39.0},{"not_picked":["Dodge and Roll","Deflect+1"],"picked":"Backflip+1","floor":40.0},{"not_picked":["Backflip","Quick Slash"],"picked":"Dodge and Roll+1","floor":41.0},{"not_picked":["Deadly Poison+1","Finisher+1"],"picked":"Footwork+1","floor":42.0},{"not_picked":["Calculated Gamble+1","Distraction+1","Terror+1"],"picked":"Singing Bowl","floor":44.0},{"not_picked":["PiercingWail","Deflect"],"picked":"Prepared+1","floor":45.0},{"not_picked":["Acrobatics","Slice+1"],"picked":"Blur","floor":46.0},{"not_picked":["PiercingWail+1","Acrobatics+1","Sucker Punch"],"picked":"Singing Bowl","floor":47.0},{"not_picked":["Riddle With Holes+1","Bullet Time","Concentrate+1"],"picked":"Singing Bowl","floor":49}],"player_experience":406148,"relics_obtained":[{"floor":7.0,"key":"Dream Catcher"},{"floor":9.0,"key":"Anchor"},{"floor":11.0,"key":"Omamori"},{"floor":14.0,"key":"Centennial Puzzle"},{"floor":23.0,"key":"Boot"},{"floor":26.0,"key":"Mango"},{"floor":31.0,"key":"Oddly Smooth Stone"},{"floor":41.0,"key":"Snake Skull"},{"floor":43.0,"key":"The Courier"},{"floor":44.0,"key":"Pantograph"},{"floor":46.0,"key":"Happy Flower"}],"event_choices":[{"event_name":"Golden Idol","player_choice":"Lose Max HP","floor":12.0,"damage_taken":0.0},{"event_name":"Addict","player_choice":"Obtained Relic","floor":28.0,"damage_taken":0.0},{"event_name":"Golden Shrine","player_choice":"Desecrate","floor":29.0,"damage_taken":0.0},{"event_name":"The Moai Head","player_choice":"Gave Idol","floor":37.0,"damage_taken":0.0},{"event_name":"MindBloom","player_choice":"Gold","floor":38.0,"damage_taken":0.0}],"is_beta":false,"boss_relics":[{"not_picked":["Velvet Choker","Tiny House"],"picked":"Pandora\u0027s Box"},{"not_picked":["WristBlade","Eternal Feather"],"picked":"Fusion Hammer"}],"items_purged_floors":[19,48],"is_endless":false,"potions_floor_spawned":[1,4,7,10,14,22,23,31,33,44,47],"ascension_level":11}