{"gold_per_floor":[109,109,124,124,124,124,152,152,199,219,12,45,45,59,59,157,157,174,174,174,189,189,199,159,186,186,186,206,7,26,40,40,137,137,156,156,176,149,149,149,168,195,268,298,313,330,330,343,343,343],"floor_reached":50,"playtime":1671,"items_purged":[],"score":582,"play_id":"25385421-b3fc-4db2-9000-a6124ba575e5","local_time":"20190410152512","is_ascension_mode":false,"campfire_choices":[{"data":"Bash","floor":6.0,"key":"SMITH"},{"data":"Perfected Strike","floor":8.0,"key":"SMITH"},{"data":"Thunderclap","floor":13.0,"key":"SMITH"},{"data":"Pommel Strike","floor":15.0,"key":"SMITH"},{"floor":27.0,"key":"RECALL"},{"data":"Perfected Strike","floor":32.0,"key":"SMITH"},{"data":"Shrug It Off","floor":40.0,"key":"SMITH"},{"data":"Clothesline","floor":47.0,"key":"SMITH"},{"data":"Pommel Strike","floor":49.0,"key":"SMITH"}],"neow_cost":"NONE","seed_source_timestamp":0,"circlet_count":0,"master_deck":["Strike_R+1","Strike_R","Strike_R","Strike_R","Strike_R","Defend_R","Defend_R+1","Defend_R","Defend_R+1","Bash+1","Thunderclap+1","Anger+1","Perfected Strike+1","Shrug It Off+1","Pommel Strike+1","Twin Strike+1","Pommel Strike+1","Flex+1","Perfected Strike+1","Perfected Strike+1","Shrug It Off+1","True Grit+1","Pommel Strike+1","Pommel Strike+1","Shrug It Off+1","Clothesline+1"],"special_seed":0,"relics":["Burning Blood","Question Card","Whetstone","Lee\u0027s Waffle","Oddly Smooth Stone","Coffee Dripper","War Paint","Toxic Egg 2","DollysMirror","Sozu","Kunai","Red Skull"],"potions_floor_usage":[],"damage_taken":[{"damage":3.0,"enemies":"2 Louse","floor":1.0,"turns":4.0},{"damage":6.0,"enemies":"Cultist","floor":3.0,"turns":3.0},{"damage":35.0,"enemies":"Lagavulin","floor":7.0,"turns":5.0},{"damage":6.0,"enemies":"Jaw Worm","floor":10.0,"turns":2.0},{"damage":11.0,"enemies":"3 Sentries","floor":12.0,"turns":7.0},{"damage":10.0,"enemies":"Looter","floor":14.0,"turns":2.0},{"damage":35.0,"enemies":"The Guardian","floor":16.0,"turns":9.0},{"damage":12.0,"enemies":"3 Byrds","floor":18.0,"turns":6.0},{"damage":9.0,"enemies":"2 Thieves","floor":21.0,"turns":3.0},{"damage":8.0,"enemies":"Centurion and Healer","floor":23.0,"turns":4.0},{"damage":0.0,"enemies":"Gremlin Leader","floor":25.0,"turns":4.0},{"damage":1.0,"enemies":"Cultist and Chosen","floor":28.0,"turns":4.0},{"damage":0.0,"enemies":"Snake Plant","floor":30.0,"turns":1.0},{"damage":0.0,"enemies":"Snecko","floor":31.0,"turns":3.0},{"damage":70.0,"enemies":"Champ","floor":33.0,"turns":8.0},{"damage":8.0,"enemies":"3 Shapes","floor":35.0,"turns":3.0},{"damage":0.0,"enemies":"Orb Walker","floor":37.0,"turns":1.0},{"damage":6.0,"enemies":"Sphere and 2 Shapes","floor":41.0,"turns":3.0},{"damage":38.0,"enemies":"Giant Head","floor":42.0,"turns":6.0},{"damage":34.0,"enemies":"Nemesis","floor":44.0,"turns":5.0},{"damage":15.0,"enemies":"Spire Growth","floor":45.0,"turns":3.0},{"damage":0.0,"enemies":"3 Darklings","floor":46.0,"turns":4.0},{"damage":1.0,"enemies":"Jaw Worm Horde","floor":48.0,"turns":2.0},{"damage":45,"enemies":"Donu and Deca","floor":50,"turns":4}],"seed_played":"4565576544783416428","potions_obtained":[{"floor":0.0,"key":"Dexterity Potion"},{"floor":0.0,"key":"AttackPotion"},{"floor":0.0,"key":"SneckoOil"},{"floor":2.0,"key":"SkillPotion"},{"floor":12.0,"key":"FairyPotion"},{"floor":14.0,"key":"Fire Potion"},{"floor":16.0,"key":"PowerPotion"},{"floor":30.0,"key":"Ancient Potion"}],"is_trial":false,"path_per_floor":["M","?","M","$","T","R","E","R","T","M","$","E","R","M","R","B",null,"M","$","?","M","?","M","?","E","T","R","M","$","M","M","R","B",null,"M","$","M","$","?","R","M","E","T","E","M","M","R","M","R","B"],"character_chosen":"IRONCLAD","items_purchased":["Lee\u0027s Waffle","DollysMirror","True Grit+1"],"campfire_rested":0,"item_purchase_floors":[11,29,38],"current_hp_per_floor":[80,80,80,80,80,80,51,51,51,51,87,82,82,78,78,49,87,81,81,64,61,61,59,59,65,65,65,70,70,76,82,82,18,92,90,90,92,92,92,92,92,60,60,32,23,29,29,34,34,0],"gold":343,"neow_bonus":"THREE_SMALL_POTIONS","is_prod":false,"is_daily":false,"chose_seed":false,"campfire_upgraded":8,"win_rate":0,"timestamp":1554935112,"path_taken":["M","?","M","$","?","R","E","R","T","M","$","E","R","M","R","BOSS","M","$","?","M","?","?","?","E","T","R","M","$","M","M","R","BOSS","M","$","M","$","?","R","M","E","T","E","M","M","R","?","R","BOSS"],"build_version":"2019-01-23","purchased_purges":0,"victory":false,"max_hp_per_floor":[80,80,80,80,80,80,80,80,80,80,87,87,87,87,87,87,87,87,87,92,92,92,92,92,92,92,92,92,92,92,92,92,92,92,92,92,92,92,92,92,92,92,92,92,92,92,92,92,92,92],"card_choices":[{"not_picked":["Uppercut","Entrench"],"picked":"Thunderclap","floor":1.0},{"not_picked":["Battle Trance","Whirlwind"],"picked":"Anger","floor":3.0},{"not_picked":["Immolate","Heavy Blade"],"picked":"Perfected Strike","floor":7.0},{"not_picked":["Searing Blow","Evolve","Flex"],"picked":"Shrug It Off","floor":10.0},{"not_picked":["Offering","Heavy Blade","Second Wind","Burning Pact"],"picked":"SKIP","floor":12.0},{"not_picked":["Shrug It Off","Burning Pact","Body Slam"],"picked":"Pommel Strike","floor":14.0},{"not_picked":["Clash","Rage+1","True Grit","Bloodletting"],"picked":"SKIP","floor":18.0},{"not_picked":["Sentinel+1","Body Slam","Thunderclap+1"],"picked":"Twin Strike","floor":21.0},{"not_picked":["Shrug It Off","Sword Boomerang","Iron Wave"],"picked":"Pommel Strike+1","floor":23.0},{"not_picked":["Battle Trance","Heavy Blade+1","Rupture","Armaments+1"],"picked":"SKIP","floor":25.0},{"not_picked":["Whirlwind","Armaments+1","Rupture"],"picked":"Flex+1","floor":28.0},{"not_picked":["Rampage","Iron Wave","Second Wind+1"],"picked":"Perfected Strike","floor":30.0},{"not_picked":["Evolve","Double Tap+1","Blood for Blood","Dual Wield+1"],"picked":"SKIP","floor":31.0},{"not_picked":["Infernal Blade+1","Entrench+1","Iron Wave","Cleave"],"picked":"SKIP","floor":35.0},{"not_picked":["Anger","Havoc+1","Flex+1"],"picked":"Shrug It Off+1","floor":37.0},{"not_picked":["Limit Break+1","Burning Pact+1","Anger+1","Flame Barrier+1"],"picked":"SKIP","floor":41.0},{"not_picked":["Armaments+1","Havoc+1","Power Through+1","Body Slam+1"],"picked":"SKIP","floor":42.0},{"not_picked":["Feel No Pain","Ghostly Armor+1","Double Tap+1"],"picked":"Pommel Strike","floor":44.0},{"not_picked":["Carnage+1","Wild Strike+1","True Grit+1"],"picked":"Shrug It Off+1","floor":45.0},{"not_picked":["Second Wind+1","Infernal Blade+1","Shockwave+1"],"picked":"Clothesline","floor":46.0},{"not_picked":["Dual Wield+1","Body Slam+1","Anger","Iron Wave"],"picked":"SKIP","floor":48.0}],"player_experience":516498,"relics_obtained":[{"floor":7.0,"key":"Question Card"},{"floor":9.0,"key":"Whetstone"},{"floor":12.0,"key":"Oddly Smooth Stone"},{"floor":25.0,"key":"War Paint"},{"floor":26.0,"key":"Toxic Egg 2"},{"floor":42.0,"key":"Kunai"},{"floor":44.0,"key":"Red Skull"}],"event_choices":[{"damage_healed":0.0,"max_hp_gain":0.0,"max_hp_loss":0.0,"gold_gain":0.0,"event_name":"Lab","player_choice":"Got Potions","floor":2.0,"gold_loss":0.0,"damage_taken":0.0},{"damage_healed":0.0,"max_hp_gain":5.0,"max_hp_loss":0.0,"gold_gain":0.0,"event_name":"Forgotten Altar","player_choice":"Shed Blood","floor":20.0,"gold_loss":0.0,"damage_taken":22.0},{"damage_healed":0.0,"max_hp_gain":0.0,"max_hp_loss":0.0,"gold_gain":0.0,"event_name":"The Mausoleum","player_choice":"Ignored","floor":22.0,"gold_loss":0.0,"damage_taken":0.0},{"damage_healed":0.0,"max_hp_gain":0.0,"max_hp_loss":0.0,"gold_gain":0.0,"event_name":"Designer","player_choice":"Upgrade","floor":24.0,"gold_loss":40.0,"damage_taken":0.0,"cards_upgraded":["Twin Strike"]},{"damage_healed":0.0,"max_hp_gain":0.0,"max_hp_loss":0.0,"gold_gain":0.0,"event_name":"Duplicator","player_choice":"Copied","floor":39.0,"gold_loss":0.0,"damage_taken":0.0,"cards_obtained":["Pommel Strike"]}],"is_beta":false,"boss_relics":[{"not_picked":["Eternal Feather","White Beast Statue"],"picked":"Coffee Dripper"},{"not_picked":["Calling Bell","Tiny House"],"picked":"Sozu"}],"items_purged_floors":[],"is_endless":false,"potions_floor_spawned":[3,12,14,16,18,25,28,30,41,48],"killed_by":"Donu and Deca","ascension_level":0}