{"gold_per_floor":[10,110,130,141,141,141,170,170,217,228,228,240,275,46,46,141,141,152,77,77,77,97,132,142,159,241,253,266,301,301,8,8,105,105,125,142,156,156,156,156,191,191,216,244,6,38,56,88,88,88],"floor_reached":51,"playtime":5302,"items_purged":[],"score":1194,"play_id":"bcfa3415-cdcf-48ac-ae27-545da8452264","local_time":"20180728203920","is_ascension_mode":true,"campfire_choices":[{"data":"Zap","floor":6,"key":"SMITH"},{"data":"Seek","floor":8,"key":"SMITH"},{"floor":15,"key":"REST"},{"data":"Defragment","floor":30,"key":"SMITH"},{"data":"Coolheaded","floor":32,"key":"SMITH"},{"data":"Defragment","floor":40,"key":"SMITH"},{"data":"Seek","floor":49,"key":"SMITH"}],"neow_cost":"NO_GOLD","seed_source_timestamp":458864632668009,"circlet_count":0,"master_deck":["Defend_B","Defend_B","Defend_B+1","Defend_B","Zap+1","Dualcast+1","Electrodynamics","Chill","Ball Lightning","Chill","Hyperbeam","Seek+1","Conserve Battery","Genetic Algorithm","Defragment+1","Steam+1","Core Surge","Steam","Bite","Bite","Bite+1","Bite","Cold Snap+1","Coolheaded+1","Go for the Eyes+1","Auto Shields","Conserve Battery","Glacier","Biased Cognition","Seek+1","Ball Lightning+1","Thunder Strike","Finesse","Deep Breath","Panache","Defragment+1","Conserve Battery","Heatsinks+1","Coolheaded+1","Storm"],"relics":["FrozenCore","Vajra","Happy Flower","Nunchaku","Runic Capacitor","Coffee Dripper","Pen Nib","Letter Opener","Thread and Needle","War Paint","Emotion Chip","Question Card","Whetstone","Regal Pillow","Dodecahedron","Dead Branch","Mummified Hand"],"potions_floor_usage":[7,12,16,23,29,29,39,39,50,50,50],"damage_taken":[{"damage":0,"enemies":"Jaw Worm","floor":1,"turns":3},{"damage":0,"enemies":"Cultist","floor":3,"turns":4},{"damage":0,"enemies":"2 Louse","floor":4,"turns":2},{"damage":6,"enemies":"Gremlin Nob","floor":7,"turns":3},{"damage":1,"enemies":"Exordium Thugs","floor":10,"turns":3},{"damage":3,"enemies":"Large Slime","floor":12,"turns":4},{"damage":2,"enemies":"Lagavulin","floor":13,"turns":5},{"damage":5,"enemies":"The Guardian","floor":16,"turns":10},{"damage":16,"enemies":"Spheric Guardian","floor":18,"turns":4},{"damage":0,"enemies":"Chosen","floor":22,"turns":4},{"damage":17,"enemies":"Book of Stabbing","floor":23,"turns":5},{"damage":1,"enemies":"Centurion and Healer","floor":24,"turns":6},{"damage":7,"enemies":"Sentry and Sphere","floor":25,"turns":5},{"damage":0,"enemies":"Snecko","floor":27,"turns":4},{"damage":0,"enemies":"3 Cultists","floor":28,"turns":2},{"damage":5,"enemies":"Gremlin Leader","floor":29,"turns":5},{"damage":0,"enemies":"Automaton","floor":33,"turns":8},{"damage":9,"enemies":"3 Darklings","floor":35,"turns":2},{"damage":0,"enemies":"3 Shapes","floor":36,"turns":3},{"damage":0,"enemies":"Sphere and 2 Shapes","floor":37,"turns":3},{"damage":0,"floor":39,"turns":5},{"damage":0,"enemies":"Nemesis","floor":41,"turns":7},{"damage":0,"enemies":"Giant Head","floor":44,"turns":8},{"damage":0,"enemies":"Nemesis","floor":46,"turns":5},{"damage":0,"enemies":"Maw","floor":47,"turns":8},{"damage":0,"enemies":"2 Orb Walkers","floor":48,"turns":4},{"damage":6,"enemies":"Time Eater","floor":50,"turns":13}],"seed_played":"-5340804188077189527","potions_obtained":[{"floor":1,"key":"Swift Potion"},{"floor":7,"key":"GamblersBrew"},{"floor":10,"key":"Fruit Juice"},{"floor":13,"key":"Fruit Juice"},{"floor":22,"key":"FearPotion"},{"floor":24,"key":"EssenceOfSteel"},{"floor":27,"key":"Swift Potion"},{"floor":28,"key":"Swift Potion"},{"floor":37,"key":"Weak Potion"},{"floor":41,"key":"Weak Potion"},{"floor":46,"key":"FearPotion"},{"floor":48,"key":"Swift Potion"}],"is_trial":false,"path_per_floor":["M","?","M","M","?","R","E","R","T","M","?","M","E","$","R","B",null,"M","?","?","?","M","E","M","M","T","M","M","E","R","$","R","B",null,"M","M","M","?","?","R","E","?","T","E","$","E","M","E","R","B"],"character_chosen":"DEFECT","items_purchased":["Runic Capacitor","Steam","Biased Cognition","War Paint","Dodecahedron"],"campfire_rested":1,"item_purchase_floors":[14,14,31,31,45],"current_hp_per_floor":[75,75,75,75,75,75,69,69,69,68,53,55,53,53,77,77,83,67,67,59,59,59,50,59,58,58,59,59,58,58,58,58,59,59,50,56,56,46,56,56,59,59,59,59,59,59,59,59,59,57],"gold":88,"neow_bonus":"THREE_RARE_CARDS","is_prod":false,"is_daily":false,"chose_seed":false,"campfire_upgraded":6,"win_rate":0,"timestamp":1532835560,"path_taken":["M","?","M","M","?","R","E","R","T","?","?","M","E","?","R","BOSS","M","?","?","?","M","E","M","?","T","M","M","E","R","$","R","BOSS","M","M","M","?","?","R","E","?","T","E","$","E","M","E","R","BOSS"],"build_version":"2018-07-26","purchased_purges":0,"victory":true,"max_hp_per_floor":[75,75,75,75,75,75,75,75,75,75,75,80,80,80,80,85,85,85,85,59,59,59,59,59,59,59,59,59,59,59,59,59,59,59,59,59,59,59,59,59,59,59,59,59,59,59,59,59,59,59],"card_choices":[{"not_picked":["Core Surge","Creative AI"],"picked":"Electrodynamics","floor":0},{"not_picked":["Chaos","Barrage"],"picked":"Chill","floor":1},{"not_picked":["Gash","Turbo"],"picked":"Ball Lightning","floor":3},{"not_picked":["Leap","Redo"],"picked":"Chill","floor":4},{"not_picked":["Rebound","Fusion"],"picked":"Seek","floor":7},{"not_picked":["Hologram","Undo"],"picked":"Conserve Battery","floor":10},{"not_picked":["Scrape","Fusion"],"picked":"Genetic Algorithm","floor":12},{"not_picked":["Thunder Strike","Beam Cell"],"picked":"Defragment","floor":13},{"not_picked":["Thunder Strike","Amplify"],"picked":"Core Surge","floor":16},{"not_picked":["Chill+1","Stack"],"picked":"Steam","floor":18},{"not_picked":["Rebound+1","Undo"],"picked":"Cold Snap","floor":22},{"not_picked":["Cold Snap","Gash+1"],"picked":"Coolheaded","floor":23},{"not_picked":["Conserve Battery","Barrage+1"],"picked":"Go for the Eyes+1","floor":24},{"not_picked":["Rebound","Ball Lightning+1"],"picked":"Auto Shields","floor":25},{"not_picked":["Meteor Strike","Rip and Tear+1","Static Discharge"],"picked":"SKIP","floor":27},{"not_picked":["Darkness+1","Barrage"],"picked":"Conserve Battery","floor":28},{"not_picked":["Tempest","Rebound"],"picked":"Glacier","floor":29},{"not_picked":["Multi-Cast","Fission"],"picked":"Seek","floor":33},{"not_picked":["Gash","Fusion"],"picked":"Ball Lightning+1","floor":35},{"not_picked":["Turbo+1","Sweeping Beam","Ball Lightning"],"picked":"SKIP","floor":36},{"not_picked":["Streamline+1","Ball Lightning"],"picked":"Thunder Strike","floor":37},{"not_picked":["Jack Of All Trades","Panache"],"picked":"Finesse","floor":38},{"not_picked":["Dramatic Entrance","Purity"],"picked":"Deep Breath","floor":38},{"not_picked":["Enlightenment","Apotheosis"],"picked":"Panache","floor":38},{"not_picked":["Stack","Beam Cell"],"picked":"Defragment","floor":39},{"not_picked":["Beam Cell+1","Sunder+1","Blizzard"],"picked":"SKIP","floor":41},{"not_picked":["Melter+1","Gash+1","Rip and Tear"],"picked":"Conserve Battery","floor":44},{"not_picked":["Blizzard+1","Sweeping Beam","Rebound"],"picked":"Heatsinks+1","floor":46},{"not_picked":["Leap+1","Skim+1","Sweeping Beam"],"picked":"Coolheaded+1","floor":47},{"not_picked":["Seek","Multi-Cast","Genetic Algorithm+1"],"picked":"Storm","floor":48}],"player_experience":234340,"relics_obtained":[{"floor":7,"key":"Vajra"},{"floor":9,"key":"Happy Flower"},{"floor":13,"key":"Nunchaku"},{"floor":23,"key":"Pen Nib"},{"floor":26,"key":"Letter Opener"},{"floor":29,"key":"Thread and Needle"},{"floor":39,"key":"Emotion Chip"},{"floor":41,"key":"Question Card"},{"floor":43,"key":"Whetstone"},{"floor":44,"key":"Regal Pillow"},{"floor":46,"key":"Dead Branch"},{"floor":48,"key":"Mummified Hand"}],"event_choices":[{"event_name":"Golden Shrine","player_choice":"Pray","floor":2,"damage_taken":0},{"event_name":"Transmorgrifier","player_choice":"Transform","floor":5,"damage_taken":0},{"event_name":"Shining Light","player_choice":"Entered Light","floor":11,"damage_taken":0},{"event_name":"Beggar","player_choice":"Gave Gold","floor":19,"damage_taken":0},{"event_name":"Vampires","player_choice":"Became a vampire","floor":20,"damage_taken":0},{"event_name":"Addict","player_choice":"Ignored","floor":21,"damage_taken":0},{"event_name":"SensoryStone","player_choice":"Memory 3","floor":38,"damage_taken":0},{"event_name":"MindBloom","player_choice":"Fight","floor":39,"damage_taken":0},{"event_name":"Falling","player_choice":"Removed Attack","floor":42,"damage_taken":0}],"is_beta":false,"boss_relics":[{"not_picked":["Velvet Choker","Runic Pyramid"],"picked":"Coffee Dripper"},{"not_picked":["Lizard Tail","Astrolabe"],"picked":"FrozenCore"}],"items_purged_floors":[],"is_endless":false,"potions_floor_spawned":[1,7,10,13,22,24,27,28,37,41,46,48],"ascension_level":5}