{"gold_per_floor":[110,128,78,98,117,117,130,130,178,197,197,208,208,225,225,225],"floor_reached":16,"playtime":1548,"items_purged":[],"score":110,"play_id":"70285bb4-8c22-4d22-9d11-cf8243dd57c8","local_time":"20180916112053","is_ascension_mode":true,"campfire_choices":[{"data":"Riddle With Holes","floor":6,"key":"SMITH"},{"data":"Cloak And Dagger","floor":8,"key":"SMITH"},{"data":"Blade Dance","floor":11,"key":"SMITH"},{"data":"Bullet Time","floor":13,"key":"SMITH"},{"data":"Blade Dance","floor":15,"key":"SMITH"}],"neow_cost":"NONE","seed_source_timestamp":443480207929842,"circlet_count":0,"master_deck":["Defend_G","Defend_G","Defend_G","Defend_G","Defend_G","Strike_G","Strike_G","Strike_G","Strike_G","Strike_G","Survivor","Neutralize","Poisoned Stab","Blade Dance+1","Riddle With Holes+1","Dagger Throw","Cloak And Dagger+1","Blade Dance+1","Bullet Time+1","Blade Dance"],"relics":["Ring of the Snake","Lantern","Centennial Puzzle"],"potions_floor_usage":[16,16],"damage_taken":[{"damage":1,"enemies":"Jaw Worm","floor":1,"turns":4},{"damage":2,"enemies":"Cultist","floor":2,"turns":4},{"damage":0,"enemies":"2 Louse","floor":4,"turns":2},{"damage":4,"enemies":"Red Slaver","floor":5,"turns":4},{"damage":6,"enemies":"Looter","floor":7,"turns":3},{"damage":0,"enemies":"Blue Slaver","floor":10,"turns":3},{"damage":7,"enemies":"Exordium Wildlife","floor":12,"turns":5},{"damage":11,"enemies":"Gremlin Gang","floor":14,"turns":4},{"damage":51,"enemies":"The Guardian","floor":16,"turns":8}],"seed_played":"7478217554127318560","potions_obtained":[{"floor":5,"key":"SkillPotion"},{"floor":7,"key":"GhostInAJar"},{"floor":14,"key":"FairyPotion"}],"is_trial":false,"path_per_floor":["M","M","$","M","M","R","M","R","T","M","R","M","R","M","R"],"character_chosen":"THE_SILENT","items_purchased":["PowerPotion"],"campfire_rested":0,"item_purchase_floors":[3],"current_hp_per_floor":[69,67,67,67,63,63,57,57,57,57,57,50,50,39,39,0],"gold":225,"neow_bonus":"RANDOM_COMMON_RELIC","is_prod":false,"is_daily":false,"chose_seed":false,"campfire_upgraded":5,"win_rate":0,"timestamp":1537114853,"path_taken":["M","M","$","M","M","R","M","R","T","M","R","M","R","M","R","BOSS"],"build_version":"2018-09-06","purchased_purges":0,"victory":false,"max_hp_per_floor":[70,70,70,70,70,70,70,70,70,70,70,70,70,70,70,70],"card_choices":[{"not_picked":["Deflect","PiercingWail"],"picked":"Poisoned Stab","floor":1},{"not_picked":["Dodge and Roll","Bane"],"picked":"Blade Dance","floor":2},{"not_picked":["PiercingWail","Night Terror"],"picked":"Riddle With Holes","floor":4},{"not_picked":["Eviscerate","Setup"],"picked":"Dagger Throw","floor":5},{"not_picked":["Setup","Prepared"],"picked":"Cloak And Dagger","floor":7},{"not_picked":["Riddle With Holes","Quick Slash"],"picked":"Blade Dance","floor":10},{"not_picked":["Prepared","PiercingWail"],"picked":"Bullet Time","floor":12},{"not_picked":["Expertise","Underhanded Strike"],"picked":"Blade Dance","floor":14}],"player_experience":358050,"relics_obtained":[{"floor":9,"key":"Centennial Puzzle"}],"event_choices":[],"is_beta":false,"boss_relics":[],"items_purged_floors":[],"is_endless":false,"potions_floor_spawned":[5,7,10,12,14],"killed_by":"The Guardian","ascension_level":3}