{"gold_per_floor":[111,36,47,58,72,72,72,101,101,101,118,118,118,149,149,251,251,262,361,378,76,76,76,87,113,188,205,218,252,252,262,262,262],"floor_reached":33,"playtime":2115,"items_purged":["Strike_G"],"score":371,"play_id":"4b03ac1c-610b-4d25-9b19-d419fcdf220f","local_time":"20190113162041","is_ascension_mode":true,"campfire_choices":[{"data":"Catalyst","floor":6,"key":"SMITH"},{"data":"Crippling Poison","floor":13,"key":"SMITH"},{"data":"Blur","floor":15,"key":"SMITH"},{"data":"Noxious Fumes","floor":23,"key":"SMITH"},{"floor":30,"key":"REST"},{"data":"Glass Knife","floor":32,"key":"SMITH"}],"neow_cost":"NONE","seed_source_timestamp":404702657671304,"circlet_count":0,"master_deck":["Defend_G","Defend_G","Defend_G","Defend_G","Strike_G","Strike_G","Survivor","Neutralize","Deadly Poison","Distraction","Catalyst+1","Escape Plan","Blur+1","Crippling Poison+1","Poisoned Stab","Glass Knife+1","Blur","Riddle With Holes","Deadly Poison","Noxious Fumes+1","Backflip+1","Dash","Die Die Die","Deadly Poison","Deadly Poison","Deadly Poison"],"relics":["Ring of the Serpent","Omamori","Anchor","Blood Vial","Ornamental Fan","TheAbacus","Red Mask","Pear","Centennial Puzzle"],"potions_floor_usage":[14,14,28,29,33],"damage_taken":[{"damage":0,"enemies":"Cultist","floor":1,"turns":4},{"damage":4,"enemies":"2 Louse","floor":3,"turns":3},{"damage":6,"enemies":"Small Slimes","floor":4,"turns":4},{"damage":5,"enemies":"2 Fungi Beasts","floor":5,"turns":3},{"damage":19,"enemies":"Lagavulin","floor":8,"turns":4},{"damage":0,"enemies":"Blue Slaver","floor":11,"turns":4},{"damage":2,"enemies":"3 Sentries","floor":14,"turns":11},{"damage":2,"enemies":"The Guardian","floor":16,"turns":6},{"damage":6,"enemies":"Shell Parasite","floor":18,"turns":6},{"damage":11,"enemies":"Spheric Guardian","floor":20,"turns":5},{"damage":0,"enemies":"Centurion and Healer","floor":24,"turns":5},{"damage":29,"enemies":"Masked Bandits","floor":25,"turns":5},{"damage":5,"enemies":"Snake Plant","floor":27,"turns":4},{"damage":7,"enemies":"Cultist and Chosen","floor":28,"turns":5},{"damage":16,"enemies":"Gremlin Leader","floor":29,"turns":6},{"damage":0,"enemies":"3 Cultists","floor":31,"turns":5},{"damage":54,"enemies":"Collector","floor":33,"turns":5}],"seed_played":"1084182241203474742","potions_obtained":[{"floor":4,"key":"Ancient Potion"},{"floor":5,"key":"SkillPotion"},{"floor":8,"key":"AttackPotion"},{"floor":16,"key":"Ancient Potion"},{"floor":25,"key":"Explosive Potion"},{"floor":27,"key":"PowerPotion"}],"is_trial":false,"path_per_floor":["M","$","M","M","M","R","?","E","T","?","M","?","R","E","R","B",null,"M","?","M","$","?","R","M","?","T","M","M","E","R","M","R","B"],"character_chosen":"THE_SILENT","items_purchased":["Deadly Poison","Noxious Fumes","TheAbacus"],"campfire_rested":1,"item_purchase_floors":[21,21,21],"current_hp_per_floor":[70,70,66,60,55,55,48,29,29,29,31,48,48,48,48,48,65,61,61,52,52,52,52,54,27,37,34,29,15,39,41,41,0],"gold":262,"neow_bonus":"RANDOM_COMMON_RELIC","is_prod":false,"is_daily":false,"chose_seed":false,"campfire_upgraded":5,"win_rate":0,"timestamp":1547418041,"path_taken":["M","?","?","M","M","R","?","E","T","?","?","?","R","E","R","BOSS","M","?","M","$","?","R","M","?","T","M","M","E","R","M","R","BOSS"],"build_version":"2019-01-10","purchased_purges":1,"victory":false,"max_hp_per_floor":[70,70,70,70,70,70,70,70,70,70,70,70,70,70,70,70,70,70,70,70,70,70,70,70,70,80,80,80,80,80,80,80,80],"card_choices":[{"not_picked":["Underhanded Strike","Dagger Throw"],"picked":"Deadly Poison","floor":1},{"not_picked":["Dagger Throw","Tactician"],"picked":"Distraction","floor":3},{"not_picked":["Distraction","Dagger Throw"],"picked":"Catalyst","floor":4},{"not_picked":["Underhanded Strike","All Out Attack"],"picked":"Escape Plan","floor":5},{"not_picked":["Bouncing Flask","Dodge and Roll"],"picked":"Blur","floor":8},{"not_picked":["Prepared","PiercingWail"],"picked":"Crippling Poison","floor":11},{"not_picked":["Die Die Die","Finisher"],"picked":"Poisoned Stab","floor":14},{"not_picked":["Bullet Time","Venomology"],"picked":"Glass Knife","floor":16},{"not_picked":["Blade Dance","Bane"],"picked":"Blur","floor":18},{"not_picked":["Flying Knee","Underhanded Strike"],"picked":"Riddle With Holes","floor":20},{"not_picked":["Bane","Slice"],"picked":"Backflip+1","floor":24},{"not_picked":["Dagger Spray","Escape Plan"],"picked":"Dash","floor":25},{"not_picked":["Prepared","Dagger Spray+1"],"picked":"Die Die Die","floor":27},{"not_picked":["PiercingWail+1","Cloak And Dagger"],"picked":"Deadly Poison","floor":28},{"not_picked":["Outmaneuver","Glass Knife"],"picked":"Deadly Poison","floor":29},{"not_picked":["Reflex+1","Underhanded Strike"],"picked":"Deadly Poison","floor":31}],"player_experience":685437,"relics_obtained":[{"floor":8,"key":"Anchor"},{"floor":9,"key":"Blood Vial"},{"floor":14,"key":"Ornamental Fan"},{"floor":25,"key":"Red Mask"},{"floor":26,"key":"Pear"},{"floor":29,"key":"Centennial Puzzle"}],"event_choices":[{"cards_removed":["Strike_G"],"damage_healed":0,"gold_gain":0,"player_choice":"Card Removal","damage_taken":7,"max_hp_gain":0,"max_hp_loss":0,"event_name":"Golden Wing","floor":7,"gold_loss":0},{"cards_removed":["Strike_G"],"damage_healed":0,"gold_gain":0,"player_choice":"Purged","damage_taken":0,"max_hp_gain":0,"max_hp_loss":0,"event_name":"Purifier","floor":10,"gold_loss":0},{"damage_healed":17,"gold_gain":0,"player_choice":"Healed and dodged fight","damage_taken":0,"max_hp_gain":0,"max_hp_loss":0,"event_name":"Mushrooms","floor":12,"gold_loss":0,"cards_obtained":["Parasite"]},{"damage_healed":0,"gold_gain":99,"player_choice":"Stole From Cult","damage_taken":0,"max_hp_gain":0,"max_hp_loss":0,"event_name":"Nest","floor":19,"gold_loss":0},{"cards_removed":["Defend_G"],"damage_healed":0,"gold_gain":0,"player_choice":"Elegance","damage_taken":0,"max_hp_gain":0,"max_hp_loss":0,"event_name":"Back to Basics","floor":22,"gold_loss":0},{"damage_healed":0,"gold_gain":0,"player_choice":"Fought Bandits","damage_taken":0,"max_hp_gain":0,"max_hp_loss":0,"event_name":"Masked Bandits","floor":25,"gold_loss":0}],"is_beta":false,"boss_relics":[{"not_picked":["Fusion Hammer","Coffee Dripper"],"picked":"Ring of the Serpent"}],"items_purged_floors":[2],"is_endless":false,"potions_floor_spawned":[4,5,8,16,25,27],"killed_by":"Collector","ascension_level":5}