{"gold_per_floor":[111,122,135,148,162,162,62,62,62,62,72,72,82,102,102,102],"floor_reached":16,"playtime":961,"items_purged":[],"score":110,"play_id":"c71288b8-f6df-468d-be0f-3907dc3e48cd","local_time":"20180923210647","is_ascension_mode":true,"campfire_choices":[{"data":"Caltrops","floor":6,"key":"SMITH"},{"data":"Calculated Gamble","floor":8,"key":"SMITH"},{"data":"Neutralize","floor":10,"key":"SMITH"},{"floor":15,"key":"REST"}],"neow_cost":"","seed_source_timestamp":205344889724366,"circlet_count":0,"master_deck":["Defend_G","Defend_G","Defend_G","Defend_G","Defend_G","Strike_G","Strike_G","Strike_G","Strike_G","Strike_G","Survivor","Neutralize+1","Calculated Gamble+1","Cloak And Dagger","Caltrops+1","Caltrops","Outmaneuver","Cloak And Dagger","Footwork","Noxious Fumes+1","Deadly Poison","Deflect"],"relics":["Ring of the Snake","Bottled Flame"],"potions_floor_usage":[13,14],"damage_taken":[{"damage":0,"enemies":"2 Louse","floor":1,"turns":5},{"damage":11,"enemies":"Cultist","floor":2,"turns":5},{"damage":0,"enemies":"Small Slimes","floor":3,"turns":4},{"damage":12,"enemies":"3 Louse","floor":4,"turns":4},{"damage":4,"enemies":"Looter","floor":5,"turns":4},{"damage":0,"enemies":"Red Slaver","floor":11,"turns":4},{"damage":15,"enemies":"3 Louse","floor":13,"turns":3},{"damage":3,"enemies":"Large Slime","floor":14,"turns":4},{"damage":54,"enemies":"Slime Boss","floor":16,"turns":9}],"seed_played":"3790066186022772793","potions_obtained":[{"floor":1,"key":"Regen Potion"},{"floor":2,"key":"SpeedPotion"},{"floor":3,"key":"FearPotion"},{"floor":11,"key":"Energy Potion"},{"floor":13,"key":"Explosive Potion"}],"is_trial":false,"path_per_floor":["M","M","M","M","M","R","$","R","T","R","M","?","M","M","R"],"character_chosen":"THE_SILENT","items_purchased":["Cloak And Dagger","Footwork"],"campfire_rested":1,"item_purchase_floors":[7,7],"current_hp_per_floor":[70,59,59,47,43,43,43,43,43,43,43,43,28,25,46,0],"gold":102,"neow_bonus":"","is_prod":false,"is_daily":false,"chose_seed":false,"campfire_upgraded":3,"win_rate":0,"timestamp":1537754807,"path_taken":["M","M","M","M","M","R","$","R","T","R","M","?","M","M","R","BOSS"],"build_version":"2018-09-20","purchased_purges":0,"victory":false,"max_hp_per_floor":[70,70,70,70,70,70,70,70,70,70,70,70,70,70,70,70],"card_choices":[{"not_picked":["Slice","Dagger Throw"],"picked":"Calculated Gamble","floor":1},{"not_picked":["Endless Agony","Dagger Throw"],"picked":"Cloak And Dagger","floor":2},{"not_picked":["Flying Knee","Skewer"],"picked":"Caltrops","floor":3},{"not_picked":["Slice","Phantasmal Killer"],"picked":"Caltrops","floor":4},{"not_picked":["Deflect","Terror"],"picked":"Outmaneuver","floor":5},{"not_picked":["Dagger Throw","Deadly Poison"],"picked":"Noxious Fumes","floor":11},{"not_picked":["Outmaneuver","Deflect"],"picked":"Deadly Poison","floor":13},{"not_picked":["Bane","Riddle With Holes"],"picked":"Deflect","floor":14}],"player_experience":382220,"relics_obtained":[{"floor":9,"key":"Bottled Flame"}],"event_choices":[{"event_name":"Upgrade Shrine","player_choice":"Upgraded","floor":12,"damage_taken":0}],"is_beta":false,"boss_relics":[],"items_purged_floors":[],"is_endless":false,"potions_floor_spawned":[1,2,3,11,13],"killed_by":"Slime Boss","ascension_level":3}