{"gold_per_floor":[109,121,121,121,137,137,168,243,270,270,280,280,313,324,324,397,397,416,416,397,35,53,53,53,53,98,98,15,48,48,65,65,65],"floor_reached":33,"playtime":2198,"items_purged":["Strike_R"],"score":475,"play_id":"118423d4-c6cf-4625-8491-e029ba5c73f9","local_time":"20190404002046","is_ascension_mode":true,"campfire_choices":[{"data":"Bash","floor":6.0,"key":"SMITH"},{"data":"Body Slam","floor":12.0,"key":"SMITH"},{"floor":15.0,"key":"REST"},{"floor":23,"key":"REST"},{"data":"Corruption","floor":25,"key":"SMITH"},{"data":"Ghostly","floor":27,"key":"SMITH"},{"floor":32,"key":"REST"}],"neow_cost":"NONE","seed_source_timestamp":0,"circlet_count":0,"master_deck":["AscendersBane","Strike_R","Strike_R+1","Strike_R","Strike_R","Defend_R","Defend_R","Defend_R","Defend_R","Bash+1","Metallicize","Cleave+1","Metallicize","Shrug It Off","Twin Strike","Body Slam+1","Corruption+1","Offering","Iron Wave","Entrench","Iron Wave","Whirlwind","Ghostly+1","Ghostly","Ghostly","Ghostly","Ghostly","Spot Weakness","Iron Wave","Inflame"],"special_seed":0,"relics":["Burning Blood","Anchor","Ancient Tea Set","Bottled Lightning","Whetstone","Potion Belt","Eternal Feather","MutagenicStrength","Mercury Hourglass","Pear"],"potions_floor_usage":[16,33],"damage_taken":[{"damage":2.0,"enemies":"Jaw Worm","floor":1.0,"turns":6.0},{"damage":0.0,"enemies":"2 Louse","floor":2.0,"turns":4.0},{"damage":0.0,"enemies":"Small Slimes","floor":5.0,"turns":3.0},{"damage":25.0,"enemies":"Gremlin Nob","floor":7.0,"turns":5.0},{"damage":6.0,"enemies":"3 Louse","floor":11.0,"turns":2.0},{"damage":18.0,"enemies":"Lagavulin","floor":13.0,"turns":6.0},{"damage":7.0,"enemies":"Exordium Thugs","floor":14.0,"turns":4.0},{"damage":48,"enemies":"Slime Boss","floor":16,"turns":12},{"damage":30,"enemies":"3 Byrds","floor":18,"turns":7},{"damage":19,"enemies":"2 Thieves","floor":20,"turns":4},{"damage":23,"enemies":"Shelled Parasite and Fungi","floor":22,"turns":5},{"damage":25,"enemies":"Gremlin Leader","floor":29,"turns":10},{"damage":20,"enemies":"Snecko","floor":31,"turns":7},{"damage":70,"enemies":"Collector","floor":33,"turns":11}],"seed_played":"6746882864410706051","potions_obtained":[{"floor":1.0,"key":"Strength Potion"},{"floor":5.0,"key":"Dexterity Potion"},{"floor":7.0,"key":"AttackPotion"},{"floor":18,"key":"Dexterity Potion"},{"floor":22,"key":"Block Potion"}],"is_trial":false,"path_per_floor":["M","M","?","?","M","R","E","?","T","?","M","R","E","M","R","B",null,"M","?","M","$","M","R","?","R","T","R","$","E","$","M","R","B"],"character_chosen":"IRONCLAD","items_purchased":["Mercury Hourglass","Iron Wave","Spot Weakness","Iron Wave"],"campfire_rested":3,"item_purchase_floors":[21,21,28,28],"current_hp_per_floor":[76,80,77,82,85,85,66,55,55,55,55,55,43,42,67,25,70,46,46,33,33,16,53,42,42,42,42,42,33,33,19,52,0],"gold":65,"neow_bonus":"RANDOM_COMMON_RELIC","is_prod":false,"is_daily":false,"chose_seed":false,"campfire_upgraded":4,"win_rate":0,"timestamp":1554351646,"path_taken":["M","M","?","?","M","R","E","?","T","?","?","R","E","M","R","BOSS","M","?","M","$","M","R","?","R","T","R","$","E","?","?","R","BOSS"],"build_version":"2019-01-23","purchased_purges":1,"victory":false,"max_hp_per_floor":[80,80,80,85,85,85,85,85,85,85,85,85,85,85,85,85,85,85,85,85,85,85,85,42,42,42,42,42,52,52,52,52,52],"card_choices":[{"not_picked":["Uppercut","Clash"],"picked":"Metallicize","floor":1.0},{"not_picked":["Metallicize","Shrug It Off"],"picked":"Cleave","floor":2.0},{"not_picked":["Clash","Warcry"],"picked":"Metallicize","floor":5.0},{"not_picked":["Heavy Blade","Berserk"],"picked":"Shrug It Off","floor":7.0},{"not_picked":["Pummel","Anger"],"picked":"Body Slam","floor":11.0},{"not_picked":["Hemokinesis","Anger"],"picked":"Corruption","floor":13.0},{"not_picked":["Rage","Bloodletting","Wild Strike"],"picked":"SKIP","floor":14.0},{"not_picked":["Bludgeon","Exhume"],"picked":"Offering","floor":16},{"not_picked":["Body Slam","Thunderclap"],"picked":"Iron Wave","floor":18},{"not_picked":["Reckless Charge","Wild Strike"],"picked":"Entrench","floor":20},{"not_picked":["Anger","Cleave+1"],"picked":"Whirlwind","floor":22},{"not_picked":["Ghostly Armor","Searing Blow"],"picked":"Inflame","floor":29},{"not_picked":["Searing Blow+1","Perfected Strike","Metallicize"],"picked":"SKIP","floor":31}],"player_experience":2062164,"relics_obtained":[{"floor":7.0,"key":"Bottled Lightning"},{"floor":9.0,"key":"Whetstone"},{"floor":13.0,"key":"Potion Belt"},{"floor":29,"key":"Pear"}],"event_choices":[{"damage_healed":0.0,"max_hp_gain":0.0,"max_hp_loss":0.0,"gold_gain":0.0,"event_name":"Scrap Ooze","player_choice":"Success","floor":3.0,"gold_loss":0.0,"damage_taken":3.0,"relics_obtained":["Ancient Tea Set"]},{"damage_healed":0.0,"max_hp_gain":5.0,"max_hp_loss":0.0,"gold_gain":0.0,"event_name":"Big Fish","player_choice":"Donut","floor":4.0,"gold_loss":0.0,"damage_taken":0.0},{"damage_healed":0.0,"max_hp_gain":0.0,"max_hp_loss":0.0,"gold_gain":75.0,"event_name":"World of Goop","player_choice":"Gather Gold","floor":8.0,"gold_loss":0.0,"damage_taken":11.0},{"damage_healed":0.0,"max_hp_gain":0.0,"max_hp_loss":0.0,"gold_gain":0.0,"event_name":"Match and Keep!","player_choice":"1 cards matched","floor":10.0,"gold_loss":0.0,"damage_taken":0.0,"cards_obtained":["Twin Strike"]},{"damage_healed":0,"gold_gain":0,"player_choice":"Inject Mutagens","damage_taken":0,"relics_obtained":["MutagenicStrength"],"max_hp_gain":0,"max_hp_loss":0,"event_name":"Drug Dealer","floor":19,"gold_loss":0},{"damage_healed":0,"gold_gain":0,"player_choice":"Became a Ghost","damage_taken":0,"max_hp_gain":0,"max_hp_loss":43,"event_name":"Ghosts","floor":24,"gold_loss":0,"cards_obtained":["Ghostly","Ghostly","Ghostly","Ghostly","Ghostly"]}],"is_beta":false,"boss_relics":[{"not_picked":["Snecko Eye","Lizard Tail"],"picked":"Eternal Feather"}],"items_purged_floors":[21],"is_endless":false,"potions_floor_spawned":[1,5,7,18,22],"killed_by":"Collector","ascension_level":13}