{"gold_per_floor":[363,363,363,38,38,38,76,76,103,146,161,182,182,207,207,337,337,358,433,458,998,799,799,823,854,854,189,189,213,213,236,236,361,361,379,162,495,508,526,526],"floor_reached":40,"playtime":2591,"items_purged":["Strike_R","Strike_R","Strike_R","Defend_R"],"score":698,"play_id":"88188b33-3eca-4f19-969f-d86c8e251e62","local_time":"20180806212710","is_ascension_mode":true,"campfire_choices":[{"data":"Bash","floor":6.0,"key":"SMITH"},{"floor":8.0,"key":"REST"},{"data":"Disarm","floor":15.0,"key":"SMITH"},{"floor":23,"key":"REST"},{"floor":28,"key":"REST"},{"data":"Whirlwind","floor":30,"key":"SMITH"},{"data":"Metallicize","floor":32,"key":"SMITH"}],"neow_cost":"TEN_PERCENT_HP_LOSS","seed_source_timestamp":1241135560011330,"circlet_count":0,"master_deck":["Defend_R","Bash+1","Disarm+1","Flash of Steel","Anger","Ghostly Armor","True Grit","Metallicize+1","Ghostly Armor","Impervious","Sword Boomerang+1","Shrug It Off+1","Wild Strike+1","Dropkick+1","True Grit","Cleave","Body Slam+1","Corruption","Whirlwind+1","Inflame","Pommel Strike+1","Sentinel+1","Feed","Sentinel+1","Burning Pact","Clash+1","Clash+1"],"special_seed":0,"relics":["Burning Blood","Shuriken","Orichalcum","Bag of Preparation","Centennial Puzzle","Ancient Tea Set","Blood Vial","Astrolabe","Pen Nib","StoneCalendar","Torii","Runic Dome"],"potions_floor_usage":[25,25,29,33],"damage_taken":[{"damage":15.0,"enemies":"Small Slimes","floor":1.0,"turns":5.0},{"damage":25.0,"enemies":"Lagavulin","floor":7.0,"turns":6.0},{"damage":13.0,"enemies":"3 Sentries","floor":10.0,"turns":6.0},{"damage":0.0,"enemies":"Jaw Worm","floor":11.0,"turns":4.0},{"damage":0.0,"enemies":"2 Louse","floor":12.0,"turns":3.0},{"damage":18.0,"enemies":"Exordium Wildlife","floor":14.0,"turns":4.0},{"damage":0.0,"enemies":"Hexaghost","floor":16.0,"turns":8.0},{"damage":0.0,"enemies":"Chosen","floor":18.0,"turns":4.0},{"damage":8.0,"enemies":"Spheric Guardian","floor":20.0,"turns":4.0},{"damage":14,"enemies":"Centurion and Healer","floor":24,"turns":8},{"damage":22,"enemies":"Slavers","floor":25,"turns":6},{"damage":1,"enemies":"3 Cultists","floor":29,"turns":3},{"damage":0,"enemies":"Snake Plant","floor":31,"turns":4},{"damage":18,"enemies":"Collector","floor":33,"turns":6},{"damage":6,"enemies":"Flame Bruiser 1 Orb","floor":35,"turns":3},{"damage":0,"enemies":"3 Shapes","floor":38,"turns":4},{"damage":31,"enemies":"Transient","floor":39,"turns":5},{"damage":56,"enemies":"Nemesis","floor":40,"turns":6}],"seed_played":"-1896489715636036776","potions_obtained":[{"floor":1.0,"key":"Strength Potion"},{"floor":10.0,"key":"Ancient Potion"},{"floor":16.0,"key":"Dexterity Potion"},{"floor":24,"key":"EssenceOfSteel"},{"floor":31,"key":"EssenceOfSteel"},{"floor":33,"key":"BloodPotion"},{"floor":35,"key":"GamblersBrew"}],"is_trial":false,"path_per_floor":["M","?","T","$","?","R","E","R","T","E","M","M","?","M","R","B",null,"M","?","M","?","$","R","M","E","T","$","R","M","R","M","R","B",null,"M","$","?","M","M"],"character_chosen":"IRONCLAD","items_purchased":["Orichalcum","Flash of Steel","True Grit","Cleave","Whirlwind","Inflame","BloodPotion","Torii","Burning Pact"],"campfire_rested":3,"item_purchase_floors":[4,4,22,22,27,27,27,27,36],"current_hp_per_floor":[63,45,45,45,38,38,19,40,40,33,39,45,42,32,32,40,64,72,65,65,16,16,37,31,17,17,17,38,52,52,60,60,50,67,72,72,72,75,50,0],"gold":526,"neow_bonus":"TWO_FIFTY_GOLD","is_prod":false,"is_daily":false,"chose_seed":false,"campfire_upgraded":4,"win_rate":0,"timestamp":1533616030,"path_taken":["M","?","?","$","?","R","E","R","T","E","M","M","?","?","R","BOSS","M","?","M","?","$","R","M","E","T","$","R","M","R","M","R","BOSS","M","$","?","M","M","E"],"build_version":"2018-08-02","purchased_purges":4,"victory":false,"max_hp_per_floor":[72,72,72,72,72,72,72,72,72,72,72,72,72,72,72,72,72,72,72,72,72,72,72,72,72,72,72,72,72,72,72,72,72,72,75,75,75,75,75,75],"card_choices":[{"not_picked":["Blood for Blood","Flex"],"picked":"Disarm","floor":1.0},{"not_picked":["True Grit","Berserk"],"picked":"Anger","floor":7.0},{"not_picked":["Entrench","Rage"],"picked":"Ghostly Armor","floor":10.0},{"not_picked":["Clash","Reckless Charge"],"picked":"True Grit","floor":11.0},{"not_picked":["Perfected Strike","Body Slam"],"picked":"Metallicize","floor":12.0},{"not_picked":["Entrench","Wild Strike"],"picked":"Ghostly Armor","floor":14.0},{"not_picked":["Exhume","Berserk"],"picked":"Impervious","floor":16.0},{"not_picked":["Wild Strike+1","Iron Wave+1"],"picked":"Dropkick+1","floor":18.0},{"not_picked":["Havoc+1","Armaments","Perfected Strike"],"picked":"SKIP","floor":20},{"not_picked":["Entrench","Berserk"],"picked":"Body Slam+1","floor":24},{"not_picked":["Havoc","Shrug It Off"],"picked":"Corruption","floor":25},{"not_picked":["Fire Breathing","Whirlwind"],"picked":"Pommel Strike+1","floor":29},{"not_picked":["Armaments","Heavy Blade"],"picked":"Sentinel+1","floor":31},{"not_picked":["Demon Form","Brutality"],"picked":"Feed","floor":33},{"not_picked":["Shrug It Off+1","Armaments"],"picked":"Sentinel+1","floor":35},{"not_picked":["Body Slam","Seeing Red+1"],"picked":"Clash+1","floor":38},{"not_picked":["Rage+1","Clothesline+1"],"picked":"Clash+1","floor":39}],"player_experience":332755,"relics_obtained":[{"floor":3.0,"key":"Shuriken"},{"floor":7.0,"key":"Bag of Preparation"},{"floor":9.0,"key":"Centennial Puzzle"},{"floor":10.0,"key":"Ancient Tea Set"},{"floor":25,"key":"Pen Nib"},{"floor":26,"key":"StoneCalendar"}],"event_choices":[{"event_name":"Golden Idol","player_choice":"Take Damage","floor":2.0,"damage_taken":0.0},{"event_name":"Golden Wing","player_choice":"Card Removal","floor":5.0,"damage_taken":0.0},{"event_name":"Scrap Ooze","player_choice":"success","floor":13.0,"damage_taken":3.0},{"event_name":"FaceTrader","player_choice":"Touch","floor":19.0,"damage_taken":0.0},{"event_name":"Knowing Skull","player_choice":"GOLD GOLD GOLD GOLD GOLD GOLD ","floor":21,"damage_taken":0},{"event_name":"The Moai Head","player_choice":"Gave Idol","floor":37,"damage_taken":0}],"is_beta":false,"boss_relics":[{"not_picked":["Busted Crown","Orrery"],"picked":"Astrolabe"},{"not_picked":["Snecko Eye","Empty Cage"],"picked":"Runic Dome"}],"items_purged_floors":[4,22,27,36],"is_endless":false,"potions_floor_spawned":[1,10,16,24,31,33,35],"killed_by":"Nemesis","ascension_level":9}