{"gold_per_floor":[118,136,136,30,30,30,58,58,58,58,76,76,88,100,100,205,205,222,222,240,240,200,200,218,218,242,254],"floor_reached":27,"playtime":2445,"items_purged":[],"score":266,"play_id":"7484f331-f010-4fc5-a8eb-26ce47179fc4","local_time":"20190331115115","is_ascension_mode":true,"campfire_choices":[{"data":"Envenom","floor":6,"key":"SMITH"},{"floor":8,"key":"REST"},{"floor":15,"key":"DIG"},{"floor":23,"key":"REST"},{"floor":25,"key":"DIG"}],"neow_cost":"PERCENT_DAMAGE","seed_source_timestamp":1127384189483068,"circlet_count":0,"master_deck":["Defend_G","Defend_G","Defend_G","Defend_G","Defend_G","Strike_G","Strike_G","Strike_G","Survivor","Neutralize+1","Envenom+1","Well Laid Plans","Noxious Fumes","Infinite Blades","Deflect","Bouncing Flask","Poisoned Stab","Poisoned Stab+1","Deadly Poison","Burst","Riddle With Holes+1","Deflect","Escape Plan"],"relics":["Ring of the Snake","Ancient Tea Set","Shovel","Bottled Lightning","Ornamental Fan","Eternal Feather","Boot","MawBank"],"potions_floor_usage":[21],"damage_taken":[{"damage":1,"enemies":"Small Slimes","floor":1,"turns":5},{"damage":2,"enemies":"Jaw Worm","floor":2,"turns":7},{"damage":25,"enemies":"Lagavulin","floor":7,"turns":6},{"damage":0,"enemies":"2 Louse","floor":11,"turns":3},{"damage":4,"enemies":"Red Slaver","floor":13,"turns":5},{"damage":6,"enemies":"Looter","floor":14,"turns":4},{"damage":29,"enemies":"The Guardian","floor":16,"turns":9},{"damage":40,"enemies":"3 Byrds","floor":18,"turns":6},{"damage":26,"enemies":"Shell Parasite","floor":20,"turns":5},{"damage":21,"enemies":"Snake Plant","floor":21,"turns":3},{"damage":3,"enemies":"Snecko","floor":24,"turns":4},{"damage":73,"enemies":"Cultist and Chosen","floor":27,"turns":5}],"seed_played":"5412682148070286362","potions_obtained":[{"floor":7,"key":"Ancient Potion"},{"floor":13,"key":"SmokeBomb"},{"floor":18,"key":"Ancient Potion"},{"floor":24,"key":"Ancient Potion"}],"is_trial":false,"path_per_floor":["M","M","?","$","?","R","E","R","T","?","M","T","M","M","R","B",null,"M","?","M","M","?","R","M","R","T","M"],"character_chosen":"THE_SILENT","items_purchased":["Infinite Blades","Deflect"],"campfire_rested":2,"item_purchase_floors":[4,4],"current_hp_per_floor":[48,46,39,39,39,39,14,35,35,58,58,58,54,48,48,19,57,17,70,44,23,23,56,53,65,65,0],"gold":254,"neow_bonus":"THREE_RARE_CARDS","is_prod":false,"is_daily":false,"chose_seed":false,"campfire_upgraded":1,"win_rate":0,"timestamp":1554051075,"path_taken":["M","M","?","$","?","R","E","R","T","?","M","?","M","M","R","BOSS","M","?","M","?","?","R","M","R","T","?"],"build_version":"2019-01-23","purchased_purges":0,"victory":false,"max_hp_per_floor":[70,70,70,70,70,70,70,70,70,70,70,70,70,70,70,70,70,70,70,70,70,70,70,70,70,70,70],"card_choices":[{"not_picked":["Adrenaline","Phantasmal Killer"],"picked":"Envenom","floor":0},{"not_picked":["Backflip","Flying Knee"],"picked":"Well Laid Plans","floor":1},{"not_picked":["Quick Slash","Setup"],"picked":"Noxious Fumes","floor":2},{"not_picked":["PiercingWail","Underhanded Strike"],"picked":"Skewer","floor":7},{"not_picked":["Dagger Throw","Deflect"],"picked":"Poisoned Stab","floor":11},{"not_picked":["Dodge and Roll","Predator"],"picked":"Poisoned Stab","floor":13},{"not_picked":["Acrobatics","Flechettes"],"picked":"Deadly Poison","floor":14},{"not_picked":["Glass Knife","Bullet Time"],"picked":"Burst","floor":16},{"not_picked":["Backflip","Deflect+1"],"picked":"Riddle With Holes+1","floor":18},{"not_picked":["Dagger Spray","Poisoned Stab"],"picked":"Deflect","floor":20},{"not_picked":["Riddle With Holes","Choke"],"picked":"Escape Plan","floor":24}],"player_experience":782528,"relics_obtained":[{"floor":7,"key":"Ancient Tea Set"},{"floor":9,"key":"Shovel"},{"floor":12,"key":"Bottled Lightning"},{"floor":15,"key":"Ornamental Fan"},{"floor":25,"key":"Boot"},{"floor":26,"key":"MawBank"}],"event_choices":[{"cards_removed":["Strike_G"],"damage_healed":0,"gold_gain":0,"player_choice":"Card Removal","damage_taken":7,"max_hp_gain":0,"max_hp_loss":0,"event_name":"Golden Wing","floor":3,"gold_loss":0},{"damage_healed":0,"gold_gain":0,"cards_transformed":["Strike_G"],"player_choice":"Change","damage_taken":0,"max_hp_gain":0,"max_hp_loss":0,"event_name":"Living Wall","floor":5,"gold_loss":0,"cards_obtained":["Bouncing Flask"]},{"damage_healed":23,"gold_gain":0,"player_choice":"Banana","damage_taken":0,"max_hp_gain":0,"max_hp_loss":0,"event_name":"Big Fish","floor":10,"gold_loss":0},{"cards_removed":["Skewer"],"damage_healed":53,"gold_gain":0,"player_choice":"Offered Uncommon","damage_taken":0,"max_hp_gain":0,"max_hp_loss":0,"event_name":"Bonfire Elementals","floor":19,"gold_loss":0},{"damage_healed":0,"gold_gain":0,"player_choice":"Upgraded Two","damage_taken":0,"max_hp_gain":0,"max_hp_loss":0,"event_name":"Designer","floor":22,"gold_loss":40,"cards_upgraded":["Neutralize","Poisoned Stab"]}],"is_beta":false,"boss_relics":[{"not_picked":["Tiny House","Snecko Eye"],"picked":"Eternal Feather"}],"items_purged_floors":[],"is_endless":false,"potions_floor_spawned":[7,13,18,21,24],"killed_by":"Cultist and Chosen","ascension_level":5}