{"gold_per_floor":[364,539,554,7,82,111,111,137,137,137,156,156,32,61,61,159,159,169,169,19,19],"floor_reached":21,"playtime":1185,"items_purged":["Doubt","Strike_B","Strike_B"],"score":232,"play_id":"fce6acfe-82bb-4502-a0ad-8ecc7fb4ed1f","local_time":"20180725175831","is_ascension_mode":true,"campfire_choices":[{"data":"Tempest","floor":7,"key":"SMITH"},{"floor":10,"key":"REST"},{"floor":12,"key":"REST"},{"floor":15,"key":"REST"}],"neow_cost":"TEN_PERCENT_HP_LOSS","seed_source_timestamp":194149399769757,"circlet_count":0,"master_deck":["Strike_B","Strike_B","Defend_B","Defend_B+1","Defend_B","Defend_B","Zap","Dualcast","Steam+1","Go for the Eyes","Tempest+1","Rip and Tear","Capacitor","Undo","Steam","BootSequence","Chaos","Steam","Chill","Conserve Battery","Reboot","Compile Driver+1","Go for the Eyes"],"relics":["Cracked Core","Runic Capacitor","Art of War","Darkstone Periapt","Dream Catcher","War Paint","Dodecahedron","Runic Pyramid"],"potions_floor_usage":[8,14],"damage_taken":[{"damage":0,"enemies":"2 Louse","floor":1,"turns":3},{"damage":0,"enemies":"Small Slimes","floor":3,"turns":3},{"damage":18,"enemies":"Gremlin Nob","floor":6,"turns":3},{"damage":29,"enemies":"3 Sentries","floor":8,"turns":5},{"damage":0,"enemies":"Cultist","floor":11,"turns":4},{"damage":10,"enemies":"Gremlin Nob","floor":14,"turns":4},{"damage":1,"enemies":"The Guardian","floor":16,"turns":10},{"damage":0,"enemies":"Spheric Guardian","floor":18,"turns":3},{"damage":77,"floor":21,"turns":5}],"seed_played":"-4903384076991979793","potions_obtained":[{"floor":6,"key":"SkillPotion"},{"floor":8,"key":"Energy Potion"},{"floor":16,"key":"FearPotion"}],"is_trial":false,"path_per_floor":["M","?","M","$","?","E","R","E","T","R","M","R","$","E","R","B",null,"M","?","$"],"character_chosen":"DEFECT","items_purchased":["Runic Capacitor","Tempest","Art of War","Rip and Tear","Steam","Go for the Eyes"],"campfire_rested":3,"item_purchase_floors":[4,4,4,4,13,20],"current_hp_per_floor":[68,68,68,68,57,39,39,10,10,30,30,50,50,40,60,59,68,68,68,68,0],"gold":19,"neow_bonus":"TWO_FIFTY_GOLD","is_prod":false,"is_daily":false,"chose_seed":false,"campfire_upgraded":1,"win_rate":0,"timestamp":1532566711,"path_taken":["M","?","M","$","?","E","R","E","T","R","M","R","$","E","R","BOSS","M","?","$","?"],"build_version":"2018-07-19v2","purchased_purges":3,"victory":false,"max_hp_per_floor":[68,68,68,68,68,68,68,68,68,68,68,68,68,68,68,68,68,68,68,68,68],"card_choices":[{"not_picked":["Static Discharge","Double Energy"],"picked":"Steam","floor":1},{"not_picked":["Doom and Gloom","Hologram"],"picked":"Go for the Eyes","floor":3},{"not_picked":["Redo","Amplify"],"picked":"Capacitor","floor":6},{"not_picked":["Doom and Gloom","Rebound"],"picked":"Undo","floor":8},{"not_picked":["Sunder","Reinforced Body"],"picked":"Steam","floor":10},{"not_picked":["Double Energy","Streamline"],"picked":"BootSequence","floor":11},{"not_picked":["Reinforced Body","Heatsinks"],"picked":"Chaos","floor":12},{"not_picked":["Beam Cell","FTL"],"picked":"Chill","floor":14},{"not_picked":["Coolheaded","Rebound"],"picked":"Conserve Battery","floor":15},{"not_picked":["Hyperbeam","Multi-Cast"],"picked":"Reboot","floor":16},{"not_picked":["Loop","Conserve Battery+1"],"picked":"Compile Driver+1","floor":18}],"player_experience":194078,"relics_obtained":[{"floor":6,"key":"Darkstone Periapt"},{"floor":8,"key":"Dream Catcher"},{"floor":9,"key":"War Paint"},{"floor":14,"key":"Dodecahedron"}],"event_choices":[{"event_name":"Liars Game","player_choice":"agreed","floor":2,"damage_taken":0},{"event_name":"World of Goop","player_choice":"Gather Gold","floor":5,"damage_taken":0},{"event_name":"Ghosts","player_choice":"Ignored","floor":19,"damage_taken":0}],"is_beta":false,"boss_relics":[{"not_picked":["White Beast Statue","Snecko Eye"],"picked":"Runic Pyramid"}],"items_purged_floors":[4,13,20],"is_endless":false,"potions_floor_spawned":[6,8,16],"ascension_level":4}