{"gold_per_floor":[114,84,102,119,119,119,9,22,22,56,7,25,37,70,70,170,170,188,288,288,88,88,88,71,91,91,111,111,111,127,143,143,238,238,250,12,22,122,139,169,169],"floor_reached":41,"playtime":3040,"items_purged":["Doubt"],"score":694,"play_id":"dc665607-aa68-4d58-9d05-cb5d11a99f64","local_time":"20190403205102","is_ascension_mode":true,"campfire_choices":[{"data":"Cloak And Dagger","floor":6.0,"key":"SMITH"},{"data":"Accuracy","floor":15.0,"key":"SMITH"},{"floor":23,"key":"DIG"},{"floor":28,"key":"REST"},{"floor":32,"key":"REST"}],"neow_cost":"CURSE","seed_source_timestamp":0,"circlet_count":0,"master_deck":["Defend_G","Defend_G","Defend_G","Defend_G","Defend_G","Survivor+1","Neutralize","Cloak And Dagger+1","Dagger Throw","Blade Dance","Accuracy+1","Blade Dance","Cloak And Dagger","Backflip","Accuracy","Leg Sweep","Finisher","Adrenaline","Backflip","Infinite Blades+1","Bite","Bite","Bite","Bite","Bite","Cloak And Dagger","Escape Plan","Adrenaline","Backflip+1","Necronomicurse","Flying Knee","Adrenaline","Escape Plan","Blade Dance+1","Accuracy+1","Backflip","Outmaneuver","Accuracy+1","Prepared+1","Phantasmal Killer+1","Parasite","Blade Dance+1","Leg Sweep+1"],"special_seed":0,"relics":["Ring of the Snake","Dodecahedron","Bottled Flame","Sozu","Shovel","Frozen Egg 2","Vajra","Kunai","Ancient Tea Set","Darkstone Periapt","Necronomicon","Orrery","Toxic Egg 2","Tingsha","Orichalcum"],"potions_floor_usage":[19,19],"damage_taken":[{"damage":1.0,"enemies":"Cultist","floor":1.0,"turns":5.0},{"damage":5.0,"enemies":"Jaw Worm","floor":3.0,"turns":6.0},{"damage":1.0,"enemies":"Small Slimes","floor":4.0,"turns":5.0},{"damage":0.0,"enemies":"3 Louse","floor":8.0,"turns":4.0},{"damage":9.0,"enemies":"3 Sentries","floor":10.0,"turns":8.0},{"damage":3.0,"enemies":"Exordium Wildlife","floor":12.0,"turns":6.0},{"damage":0.0,"enemies":"Looter","floor":13.0,"turns":4.0},{"damage":7.0,"enemies":"Gremlin Nob","floor":14.0,"turns":3.0},{"damage":25.0,"enemies":"The Guardian","floor":16.0,"turns":13.0},{"damage":0,"enemies":"3 Byrds","floor":18,"turns":4},{"damage":1,"enemies":"Colosseum Slavers","floor":19,"turns":4},{"damage":33,"enemies":"Colosseum Nobs","floor":19,"turns":6},{"damage":15,"enemies":"2 Thieves","floor":24,"turns":5},{"damage":13,"enemies":"3 Cultists","floor":25,"turns":5},{"damage":3,"enemies":"Centurion and Healer","floor":27,"turns":7},{"damage":14,"enemies":"Shelled Parasite and Fungi","floor":30,"turns":4},{"damage":7,"enemies":"Sentry and Sphere","floor":31,"turns":4},{"damage":33,"enemies":"Automaton","floor":33,"turns":10},{"damage":37,"enemies":"3 Shapes","floor":35,"turns":4},{"damage":22,"enemies":"3 Darklings","floor":37,"turns":4},{"damage":0,"enemies":"Mind Bloom Boss Battle","floor":38,"turns":4},{"damage":34,"enemies":"Writhing Mass","floor":39,"turns":6},{"damage":1,"enemies":"Giant Head","floor":40,"turns":6},{"damage":55,"enemies":"Sphere and 2 Shapes","floor":41,"turns":3}],"seed_played":"1210077649279330292","potions_obtained":[{"floor":2.0,"key":"Block Potion"},{"floor":2.0,"key":"AttackPotion"},{"floor":8.0,"key":"Regen Potion"},{"floor":12.0,"key":"Poison Potion"},{"floor":14.0,"key":"SkillPotion"},{"floor":16.0,"key":"AttackPotion"}],"is_trial":false,"path_per_floor":["M","?","M","M","?","R","$","M","T","E","$","M","M","E","R","B",null,"M","?","?","$","?","R","M","M","T","M","R","?","M","M","R","B",null,"M","$","M","?","M","E","M"],"character_chosen":"THE_SILENT","items_purchased":["Accuracy","Backflip","Vajra","Cloak And Dagger","Toxic Egg 2"],"campfire_rested":2,"item_purchase_floors":[7,11,21,21,36],"current_hp_per_floor":[83,83,78,77,60,60,60,60,60,51,51,48,48,46,46,23,69,71,41,41,41,41,41,40,39,39,48,73,63,57,56,83,65,84,53,53,37,43,25,38,0],"gold":169,"neow_bonus":"TWENTY_PERCENT_HP_BONUS","is_prod":false,"is_daily":false,"chose_seed":false,"campfire_upgraded":2,"win_rate":0,"timestamp":1554342662,"path_taken":["M","?","?","?","?","R","?","M","T","E","?","?","M","E","R","BOSS","M","?","?","?","?","R","M","M","T","M","R","?","M","M","R","BOSS","M","$","M","?","M","E","M"],"build_version":"2019-01-23","purchased_purges":1,"victory":false,"max_hp_per_floor":[84,84,84,84,84,84,84,84,84,84,84,84,84,84,84,84,84,84,84,84,84,84,84,84,84,84,84,84,90,90,90,90,90,90,90,90,90,90,96,96,96],"card_choices":[{"not_picked":["Dagger Throw","Outmaneuver"],"picked":"Cloak And Dagger","floor":1.0},{"not_picked":["Underhanded Strike","PiercingWail"],"picked":"Dagger Throw","floor":3.0},{"not_picked":["Flying Knee","Setup"],"picked":"Blade Dance","floor":4.0},{"not_picked":["Eviscerate","Poisoned Stab"],"picked":"Blade Dance","floor":8.0},{"not_picked":["All Out Attack","Escape Plan"],"picked":"Cloak And Dagger","floor":10.0},{"not_picked":["Skewer","Terror"],"picked":"Accuracy","floor":12.0},{"not_picked":["Dagger Spray","Dodge and Roll"],"picked":"Leg Sweep","floor":13.0},{"not_picked":["Burst","Dodge and Roll"],"picked":"Finisher","floor":14.0},{"not_picked":["Wraith Form v2","Phantasmal Killer"],"picked":"Adrenaline","floor":16.0},{"not_picked":["Slice","Dagger Throw+1"],"picked":"Backflip","floor":18},{"not_picked":["Tactician","Cloak And Dagger"],"picked":"Infinite Blades","floor":19},{"not_picked":["Dodge and Roll","Flying Knee"],"picked":"Escape Plan","floor":24},{"not_picked":["Heel Hook","Acrobatics"],"picked":"Adrenaline","floor":25},{"not_picked":["Bane+1","Catalyst+1"],"picked":"Backflip+1","floor":27},{"not_picked":["Poisoned Stab","Masterful Stab+1","Catalyst"],"picked":"SKIP","floor":30},{"not_picked":["Concentrate+1","Poisoned Stab+1"],"picked":"Flying Knee","floor":31},{"not_picked":["Grand Finale","Wraith Form v2+1"],"picked":"Adrenaline","floor":33},{"not_picked":["Dodge and Roll","Slice"],"picked":"Escape Plan","floor":34},{"not_picked":["All Out Attack","Quick Slash+1"],"picked":"Blade Dance+1","floor":34},{"not_picked":["PiercingWail","Tactician"],"picked":"Accuracy+1","floor":34},{"not_picked":["Dodge and Roll","Sucker Punch+1"],"picked":"Backflip","floor":34},{"not_picked":["Choke","Underhanded Strike"],"picked":"Outmaneuver","floor":34},{"not_picked":["Poisoned Stab","Dodge and Roll"],"picked":"Accuracy+1","floor":35},{"not_picked":["Quick Slash+1","Slice+1"],"picked":"Prepared+1","floor":37},{"not_picked":["Quick Slash+1","Dodge and Roll+1"],"picked":"Phantasmal Killer+1","floor":38},{"not_picked":["Acrobatics+1","PiercingWail+1"],"picked":"Blade Dance+1","floor":39},{"not_picked":["Caltrops+1","Dagger Spray+1"],"picked":"Leg Sweep+1","floor":40}],"player_experience":784973,"relics_obtained":[{"floor":9.0,"key":"Dodecahedron"},{"floor":10.0,"key":"Bottled Flame"},{"floor":14.0,"key":"Blood Vial"},{"floor":19,"key":"Shovel"},{"floor":19,"key":"Frozen Egg 2"},{"floor":23,"key":"Ancient Tea Set"},{"floor":26,"key":"Darkstone Periapt"},{"floor":29,"key":"Necronomicon"},{"floor":38,"key":"Tingsha"},{"floor":40,"key":"Orichalcum"}],"event_choices":[{"damage_healed":0.0,"max_hp_gain":0.0,"max_hp_loss":0.0,"gold_gain":0.0,"event_name":"The Woman in Blue","player_choice":"Bought 2 Potions","floor":2.0,"gold_loss":0.0,"damage_taken":0.0},{"damage_healed":0.0,"max_hp_gain":0.0,"max_hp_loss":0.0,"gold_gain":0.0,"event_name":"Shining Light","player_choice":"Entered Light","floor":5.0,"gold_loss":0.0,"damage_taken":17.0,"cards_upgraded":["Strike_G","Survivor"]},{"damage_healed":0,"gold_gain":0,"player_choice":"Fight","damage_taken":0,"max_hp_gain":0,"max_hp_loss":0,"event_name":"Colosseum","floor":19,"gold_loss":0},{"damage_healed":0,"gold_gain":0,"player_choice":"Fought Nobs","damage_taken":0,"max_hp_gain":0,"max_hp_loss":0,"event_name":"Colosseum","floor":19,"gold_loss":0},{"damage_healed":0,"gold_gain":0,"player_choice":"Became a vampire (Vial)","damage_taken":0,"max_hp_gain":0,"max_hp_loss":0,"event_name":"Vampires","floor":20,"relics_lost":["Blood Vial"],"gold_loss":0,"cards_obtained":["Bite","Bite","Bite","Bite","Bite"]},{"damage_healed":0,"gold_gain":0,"player_choice":"Opened","damage_taken":0,"relics_obtained":["Kunai"],"max_hp_gain":0,"max_hp_loss":0,"event_name":"The Mausoleum","floor":22,"gold_loss":0},{"damage_healed":0,"gold_gain":0,"player_choice":"Obtained Book","damage_taken":16,"max_hp_gain":0,"max_hp_loss":0,"event_name":"Cursed Tome","floor":29,"gold_loss":0},{"damage_healed":0,"gold_gain":0,"player_choice":"Fight","damage_taken":0,"max_hp_gain":0,"max_hp_loss":0,"event_name":"MindBloom","floor":38,"gold_loss":0}],"is_beta":false,"boss_relics":[{"not_picked":["Runic Dome","Philosopher\u0027s Stone"],"picked":"Sozu"},{"not_picked":["Black Star","White Beast Statue"],"picked":"Orrery"}],"items_purged_floors":[7],"is_endless":false,"potions_floor_spawned":[8,12,14,16,25,27,31,33,38],"killed_by":"Sphere and 2 Shapes","ascension_level":5}