{"gold_per_floor":[110,110,123,137,137,163,88,88,159,136,168,168,494,444,444,444],"floor_reached":16,"playtime":1009,"items_purged":["Defend_B"],"score":128,"play_id":"8fd2c190-27c5-4fc3-8c18-900638fe1ff0","local_time":"20180722072932","is_ascension_mode":true,"campfire_choices":[{"floor":12,"key":"REST"},{"floor":15,"key":"REST"}],"neow_cost":"","seed_source_timestamp":543741629257672,"circlet_count":0,"master_deck":["Strike_B","Strike_B+1","Defend_B+1","Defend_B","Defend_B","Zap","Dualcast","Genetic Algorithm","Gash","Hologram"],"relics":["Cracked Core","Juzu Bracelet","Dodecahedron","Boot","Old Coin"],"potions_floor_usage":[6,6,16,16],"damage_taken":[{"damage":2,"enemies":"Jaw Worm","floor":1,"turns":3},{"damage":0,"enemies":"Cultist","floor":3,"turns":3},{"damage":0,"enemies":"2 Louse","floor":4,"turns":3},{"damage":28,"enemies":"Lagavulin","floor":6,"turns":9},{"damage":18,"enemies":"3 Sentries","floor":11,"turns":8},{"damage":14,"enemies":"Gremlin Nob","floor":13,"turns":4},{"damage":39,"enemies":"Hexaghost","floor":16,"turns":9}],"seed_played":"6853885110746045397","potions_obtained":[{"floor":1,"key":"LiquidBronze"},{"floor":4,"key":"PowerPotion"},{"floor":11,"key":"Block Potion"},{"floor":13,"key":"Ancient Potion"}],"is_trial":false,"path_per_floor":["M","?","M","M","?","E","$","?","T","?","E","R","E","?","R"],"character_chosen":"DEFECT","items_purchased":[],"campfire_rested":2,"item_purchase_floors":[],"current_hp_per_floor":[73,58,58,58,51,23,23,23,23,23,5,27,13,13,35,0],"gold":444,"neow_bonus":"","is_prod":false,"is_daily":false,"chose_seed":false,"campfire_upgraded":0,"win_rate":0,"timestamp":1532269772,"path_taken":["M","?","?","M","?","E","$","?","T","?","E","R","E","?","R","BOSS"],"build_version":"2018-07-19v2","purchased_purges":1,"victory":false,"max_hp_per_floor":[75,75,75,75,75,75,75,75,75,75,75,75,75,75,75,75],"card_choices":[{"not_picked":["Chaos","Sweeping Beam"],"picked":"Genetic Algorithm","floor":1},{"not_picked":["Glacier","Sweeping Beam","Redo"],"picked":"SKIP","floor":3},{"not_picked":["Auto Shields","Coolheaded"],"picked":"Gash","floor":4},{"not_picked":["Force Field","Lockon","Amplify"],"picked":"SKIP","floor":6},{"not_picked":["Storm","Cold Snap"],"picked":"Hologram","floor":11},{"not_picked":["Blizzard","Undo","Compile Driver"],"picked":"SKIP","floor":13}],"player_experience":109408,"relics_obtained":[{"floor":6,"key":"Juzu Bracelet"},{"floor":9,"key":"Dodecahedron"},{"floor":11,"key":"Boot"},{"floor":13,"key":"Old Coin"}],"event_choices":[{"event_name":"Shining Light","player_choice":"Entered Light","floor":2,"damage_taken":0},{"event_name":"Golden Wing","player_choice":"Card Removal","floor":5,"damage_taken":0},{"event_name":"Liars Game","player_choice":"disagreed","floor":8,"damage_taken":0},{"event_name":"World of Goop","player_choice":"Left","floor":10,"damage_taken":0},{"event_name":"The Cleric","player_choice":"Card Removal","floor":14,"damage_taken":0}],"is_beta":false,"boss_relics":[],"items_purged_floors":[7],"is_endless":false,"potions_floor_spawned":[1,4,11,13],"killed_by":"Hexaghost","ascension_level":2}