{"gold_per_floor":[116,116,191,161,174,189,189,189,189,229,229,254,277,277,277,396,396,414,414,414,11,110,110,126,126,126,126,126,141,141],"floor_reached":30,"playtime":1495,"items_purged":["Injury"],"score":308,"play_id":"9808027c-1957-4c6f-9fc0-4d6e747c4296","local_time":"20190129224000","is_ascension_mode":true,"campfire_choices":[{"data":"Finisher","floor":7,"key":"SMITH"},{"floor":15,"key":"REST"},{"data":"Mind Blast","floor":23,"key":"SMITH"},{"floor":27,"key":"REST"}],"neow_cost":"NONE","seed_source_timestamp":484524292895712,"circlet_count":0,"master_deck":["Defend_G","Defend_G","Defend_G","Defend_G","Defend_G","Strike_G","Strike_G","Strike_G","Strike_G","Strike_G","Survivor","Neutralize","Finisher+1","Slice","Leg Sweep","Infinite Blades","Sucker Punch","Deflect","Tools of the Trade","Caltrops+1","Necronomicurse","Infinite Blades","Deflect","Blade Dance","Mind Blast+1","Slice","Slice","Writhe","Cloak And Dagger"],"relics":["Ring of the Snake","NeowsBlessing","Juzu Bracelet","Bloody Idol","Sundial","Orichalcum","White Beast Statue","Necronomicon","Letter Opener","Snake Skull"],"potions_floor_usage":[10,10,10,10,13,16,24,25,25,30],"damage_taken":[{"damage":0,"enemies":"Jaw Worm","floor":1,"turns":1},{"damage":0,"enemies":"Small Slimes","floor":5,"turns":1},{"damage":0,"enemies":"Cultist","floor":6,"turns":1},{"damage":17,"enemies":"3 Sentries","floor":10,"turns":8},{"damage":2,"enemies":"2 Fungi Beasts","floor":12,"turns":4},{"damage":0,"enemies":"3 Louse","floor":13,"turns":5},{"damage":46,"enemies":"The Guardian","floor":16,"turns":18},{"damage":10,"enemies":"3 Byrds","floor":18,"turns":8},{"damage":16,"enemies":"Spheric Guardian","floor":24,"turns":5},{"damage":8,"enemies":"Book of Stabbing","floor":25,"turns":3},{"damage":32,"enemies":"Snecko","floor":29,"turns":6},{"damage":13,"enemies":"Centurion and Healer","floor":30,"turns":3}],"seed_played":"-6993672350092731021","potions_obtained":[{"floor":1,"key":"SteroidPotion"},{"floor":4,"key":"EntropicBrew"},{"floor":4,"key":"SkillPotion"},{"floor":10,"key":"Fire Potion"},{"floor":18,"key":"Poison Potion"},{"floor":24,"key":"Strength Potion"},{"floor":29,"key":"Fire Potion"}],"is_trial":false,"path_per_floor":["M","?","?","?","M","M","R","?","T","E","?","M","M","?","R","B",null,"M","?","?","$","?","R","M","E","T","R","?","M","M"],"character_chosen":"THE_SILENT","items_purchased":["Infinite Blades","Deflect","Blade Dance","Mind Blast","Slice"],"campfire_rested":2,"item_purchase_floors":[21,21,21,21,21],"current_hp_per_floor":[70,45,34,34,34,34,34,34,34,17,17,15,15,38,59,13,56,46,30,30,30,35,35,24,16,16,37,37,10,0],"gold":141,"neow_bonus":"THREE_ENEMY_KILL","is_prod":false,"is_daily":false,"chose_seed":false,"campfire_upgraded":2,"win_rate":0,"timestamp":1548823200,"path_taken":["M","?","?","?","M","M","R","?","T","E","?","M","M","?","R","BOSS","M","?","?","$","?","R","M","E","T","R","?","M","M"],"build_version":"2019-01-23","purchased_purges":1,"victory":false,"max_hp_per_floor":[70,70,70,70,70,70,70,70,70,70,70,70,70,70,70,70,70,70,70,70,70,70,70,70,70,70,70,70,70,70],"card_choices":[{"not_picked":["Concentrate","Poisoned Stab"],"picked":"Finisher","floor":1},{"not_picked":["Prepared","Dodge and Roll"],"picked":"Slice","floor":5},{"not_picked":["Acrobatics","Underhanded Strike"],"picked":"Leg Sweep","floor":6},{"not_picked":["Dodge and Roll","Blade Dance"],"picked":"Infinite Blades","floor":10},{"not_picked":["Tactician","Bane"],"picked":"Sucker Punch","floor":12},{"not_picked":["Underhanded Strike","Sucker Punch"],"picked":"Deflect","floor":13},{"not_picked":["Malaise","Grand Finale"],"picked":"Tools of the Trade","floor":16},{"not_picked":["Poisoned Stab","Terror"],"picked":"Caltrops+1","floor":18},{"not_picked":["Well Laid Plans","Sucker Punch"],"picked":"Slice","floor":24},{"not_picked":["Flying Knee","Blur"],"picked":"Cloak And Dagger","floor":29}],"player_experience":743794,"relics_obtained":[{"floor":9,"key":"Sundial"},{"floor":10,"key":"Orichalcum"},{"floor":19,"key":"Necronomicon"},{"floor":26,"key":"Letter Opener"}],"event_choices":[{"damage_healed":0,"gold_gain":0,"player_choice":"Success","damage_taken":25,"relics_obtained":["Juzu Bracelet"],"max_hp_gain":0,"max_hp_loss":0,"event_name":"Scrap Ooze","floor":2,"gold_loss":0},{"damage_healed":0,"gold_gain":75,"player_choice":"Gather Gold","damage_taken":11,"max_hp_gain":0,"max_hp_loss":0,"event_name":"World of Goop","floor":3,"gold_loss":0},{"damage_healed":0,"gold_gain":0,"player_choice":"Bought 2 Potions","damage_taken":0,"max_hp_gain":0,"max_hp_loss":0,"event_name":"The Woman in Blue","floor":4,"gold_loss":0},{"damage_healed":0,"gold_gain":0,"player_choice":"Take Wound","damage_taken":0,"relics_obtained":["Golden Idol"],"max_hp_gain":0,"max_hp_loss":0,"event_name":"Golden Idol","floor":8,"gold_loss":0,"cards_obtained":["Injury"]},{"damage_healed":0,"gold_gain":0,"player_choice":"Ignored","damage_taken":0,"max_hp_gain":0,"max_hp_loss":0,"event_name":"Shining Light","floor":11,"gold_loss":0},{"damage_healed":23,"gold_gain":0,"player_choice":"Banana","damage_taken":0,"max_hp_gain":0,"max_hp_loss":0,"event_name":"Big Fish","floor":14,"gold_loss":0},{"damage_healed":0,"gold_gain":0,"player_choice":"Obtained Book","damage_taken":16,"max_hp_gain":0,"max_hp_loss":0,"event_name":"Cursed Tome","floor":19,"gold_loss":0},{"damage_healed":0,"gold_gain":0,"player_choice":"Gave Idol","damage_taken":0,"relics_obtained":["Bloody Idol"],"max_hp_gain":0,"max_hp_loss":0,"event_name":"Forgotten Altar","floor":20,"relics_lost":["Golden Idol"],"gold_loss":0},{"damage_healed":0,"gold_gain":99,"player_choice":"Stole From Cult","damage_taken":0,"max_hp_gain":0,"max_hp_loss":0,"event_name":"Nest","floor":22,"gold_loss":0},{"damage_healed":0,"gold_gain":0,"player_choice":"Opened","damage_taken":0,"relics_obtained":["Snake Skull"],"max_hp_gain":0,"max_hp_loss":0,"event_name":"The Mausoleum","floor":28,"gold_loss":0,"cards_obtained":["Writhe"]}],"is_beta":false,"boss_relics":[{"not_picked":["Philosopher\u0027s Stone","HoveringKite"],"picked":"White Beast Statue"}],"items_purged_floors":[21],"is_endless":false,"potions_floor_spawned":[1,5,10,18,24,25,29],"killed_by":"Centurion and Healer","ascension_level":5}