{"gold_per_floor":[360,360,374,374,394,394,426,426,426,426],"floor_reached":10,"playtime":351,"items_purged":[],"score":79,"play_id":"8a49e507-00c2-4106-9414-00619200dc3b","local_time":"20181229011035","is_ascension_mode":true,"campfire_choices":[{"data":"True Grit","floor":6,"key":"SMITH"},{"data":"Fiend Fire","floor":8,"key":"SMITH"}],"neow_cost":"PERCENT_DAMAGE","seed_source_timestamp":565065365661379,"circlet_count":0,"master_deck":["Strike_R","Strike_R","Strike_R","Strike_R","Strike_R","Defend_R","Defend_R","Defend_R","Bash","True Grit+1","Evolve","Swift Strike","Injury","Headbutt","Fiend Fire+1"],"relics":["Burning Blood","Mummified Hand","Matryoshka"],"potions_floor_usage":[7],"damage_taken":[{"damage":7,"enemies":"2 Louse","floor":1,"turns":4},{"damage":4,"enemies":"Cultist","floor":3,"turns":4},{"damage":12,"enemies":"Jaw Worm","floor":5,"turns":3},{"damage":40,"enemies":"Gremlin Nob","floor":7,"turns":5},{"damage":19,"enemies":"Lots of Slimes","floor":10,"turns":2}],"seed_played":"-4853618083316117387","potions_obtained":[{"floor":3,"key":"Weak Potion"},{"floor":5,"key":"GamblersBrew"}],"is_trial":false,"path_per_floor":["M","?","M","?","M","R","E","R","T","M"],"character_chosen":"IRONCLAD","items_purchased":[],"campfire_rested":0,"item_purchase_floors":[],"current_hp_per_floor":[55,55,57,57,51,51,17,17,17,0],"gold":426,"neow_bonus":"TWO_FIFTY_GOLD","is_prod":false,"is_daily":false,"chose_seed":false,"campfire_upgraded":2,"win_rate":0,"timestamp":1546013435,"path_taken":["M","?","?","?","?","R","E","R","T","M"],"build_version":"2018-12-20","purchased_purges":0,"victory":false,"max_hp_per_floor":[80,80,80,80,80,80,80,80,80,80],"card_choices":[{"not_picked":["Reckless Charge","Rupture"],"picked":"True Grit","floor":1},{"not_picked":["Entrench","Pommel Strike"],"picked":"Evolve","floor":3},{"not_picked":["Thunderclap","Second Wind"],"picked":"Headbutt","floor":5},{"not_picked":["Headbutt","Shrug It Off"],"picked":"Fiend Fire","floor":7}],"player_experience":72612,"relics_obtained":[{"floor":7,"key":"Mummified Hand"},{"floor":9,"key":"Matryoshka"}],"event_choices":[{"cards_removed":["Defend_R"],"damage_healed":0,"gold_gain":0,"player_choice":"Purged","damage_taken":0,"max_hp_gain":0,"max_hp_loss":0,"event_name":"Purifier","floor":2,"gold_loss":0},{"damage_healed":0,"gold_gain":0,"player_choice":"2 cards matched","damage_taken":0,"max_hp_gain":0,"max_hp_loss":0,"event_name":"Match and Keep!","floor":4,"gold_loss":0,"cards_obtained":["Swift Strike","Injury"]}],"is_beta":false,"boss_relics":[],"items_purged_floors":[],"is_endless":false,"potions_floor_spawned":[3,5],"killed_by":"Lots of Slimes","ascension_level":4}