{"gold_per_floor":[11,31,31,45,55,55,67,67,67,67,103,28,64,78,78,171,171,192,211,230,155,181,181,202,202,232,232,246,259,259,29,29,120,120,138,162,181,1,0,0,39,39,110,110,133,133,166,178],"floor_reached":48,"playtime":2775,"items_purged":["Injury","Strike_B"],"score":975,"play_id":"ea077486-6c05-477f-95f4-7b77cbc545ec","local_time":"20181222200912","is_ascension_mode":true,"campfire_choices":[{"data":"Zap","floor":6.0,"key":"SMITH"},{"data":"Auto Shields","floor":10.0,"key":"SMITH"},{"floor":15.0,"key":"REST"},{"data":"Buffer","floor":23.0,"key":"SMITH"},{"data":"Creative AI","floor":25.0,"key":"SMITH"},{"data":"All For One","floor":27.0,"key":"SMITH"},{"floor":30.0,"key":"REST"},{"floor":32.0,"key":"REST"},{"data":"Capacitor","floor":40,"key":"SMITH"},{"data":"Capacitor","floor":42,"key":"SMITH"},{"data":"Seek","floor":44,"key":"SMITH"},{"data":"All For One","floor":46,"key":"SMITH"}],"neow_cost":"NO_GOLD","seed_source_timestamp":0,"circlet_count":0,"master_deck":["Strike_B","Strike_B","Defend_B","Defend_B","Defend_B","Defend_B","Zap+1","Dualcast","AscendersBane","Go for the Eyes+1","Tempest+1","Ball Lightning","Auto Shields+1","Cold Snap","Creative AI+1","All For One+1","Rip and Tear","Buffer+1","Ball Lightning","Ball Lightning","Defragment+1","Steam+1","Auto Shields+1","Leap","Seek+1","Steam","Go for the Eyes+1","Capacitor+1","Capacitor+1","All For One+1","Glacier"],"special_seed":0,"relics":["Cracked Core","StoneCalendar","Golden Idol","Mango","Nunchaku","Pocketwatch","Sozu","Pen Nib","Tiny Chest","War Paint","Nuclear Battery","Red Mask","DataDisk","Darkstone Periapt","MawBank"],"potions_floor_usage":[],"damage_taken":[{"damage":2.0,"enemies":"Jaw Worm","floor":1.0,"turns":4.0},{"damage":0.0,"enemies":"Cultist","floor":2.0,"turns":4.0},{"damage":1.0,"enemies":"Small Slimes","floor":4.0,"turns":3.0},{"damage":3.0,"enemies":"Looter","floor":5.0,"turns":2.0},{"damage":0.0,"enemies":"Blue Slaver","floor":7.0,"turns":3.0},{"damage":23.0,"enemies":"Gremlin Nob","floor":11.0,"turns":4.0},{"damage":29.0,"enemies":"Lagavulin","floor":13.0,"turns":6.0},{"damage":0.0,"enemies":"Large Slime","floor":14.0,"turns":3.0},{"damage":7.0,"enemies":"Slime Boss","floor":16.0,"turns":7.0},{"damage":0.0,"enemies":"Chosen","floor":18.0,"turns":4.0},{"damage":16.0,"enemies":"2 Thieves","floor":19.0,"turns":3.0},{"damage":12.0,"enemies":"Snecko","floor":20.0,"turns":4.0},{"damage":0.0,"enemies":"Shelled Parasite and Fungi","floor":24.0,"turns":4.0},{"damage":11.0,"enemies":"Centurion and Healer","floor":28.0,"turns":6.0},{"damage":15.0,"enemies":"Snake Plant","floor":29.0,"turns":4.0},{"damage":67.0,"enemies":"Collector","floor":33.0,"turns":10.0},{"damage":3,"enemies":"Orb Walker","floor":35,"turns":3},{"damage":0,"enemies":"3 Shapes","floor":36,"turns":4},{"damage":6,"enemies":"Sphere and 2 Shapes","floor":37,"turns":5},{"damage":0,"enemies":"Giant Head","floor":41,"turns":9},{"damage":0,"enemies":"Maw","floor":45,"turns":7},{"damage":50,"enemies":"2 Orb Walkers","floor":47,"turns":5},{"damage":30,"enemies":"Reptomancer","floor":48,"turns":2}],"seed_played":"-2286694459617646403","potions_obtained":[{"floor":2.0,"key":"Dexterity Potion"},{"floor":7.0,"key":"Dexterity Potion"}],"is_trial":false,"path_per_floor":["M","M","?","M","M","R","M","?","T","R","E","$","E","M","R","B",null,"M","M","M","?","T","R","M","R","T","R","M","M","R","$","R","B",null,"M","M","M","$","?","R","E","R","T","R","M","R","E","M"],"character_chosen":"DEFECT","items_purchased":["Leap","War Paint","Capacitor"],"campfire_rested":3,"item_purchase_floors":[31,31,38],"current_hp_per_floor":[62,62,62,61,58,58,58,58,72,72,49,49,20,20,45,38,73,73,57,45,45,45,45,45,45,45,45,34,19,44,44,69,2,64,61,61,55,55,55,55,55,55,55,55,55,55,5,0],"gold":178,"neow_bonus":"ONE_RARE_RELIC","is_prod":false,"is_daily":false,"chose_seed":false,"campfire_upgraded":9,"win_rate":0,"timestamp":1545538152,"path_taken":["M","M","?","M","M","R","M","?","T","R","E","$","E","M","R","BOSS","M","M","?","?","?","R","?","R","T","R","M","M","R","$","R","BOSS","M","M","M","?","?","R","E","R","T","R","M","R","E","M"],"build_version":"2018-12-20","purchased_purges":2,"victory":false,"max_hp_per_floor":[71,71,71,71,71,71,71,71,85,85,85,85,85,85,85,85,85,85,85,85,85,85,85,85,85,85,85,85,85,85,85,85,85,85,85,85,85,85,85,85,85,85,85,85,85,85,85,85],"card_choices":[{"not_picked":["Sweeping Beam","Fusion"],"picked":"Go for the Eyes","floor":1.0},{"not_picked":["Barrage","Chaos"],"picked":"Tempest","floor":2.0},{"not_picked":["Coolheaded","Hologram"],"picked":"Ball Lightning","floor":4.0},{"not_picked":["Turbo","Stack"],"picked":"Auto Shields","floor":5.0},{"not_picked":["Hologram","Sweeping Beam"],"picked":"Cold Snap","floor":7.0},{"not_picked":["Conserve Battery","Hello World"],"picked":"Creative AI","floor":11.0},{"not_picked":["Hologram","Doom and Gloom"],"picked":"All For One","floor":13.0},{"not_picked":["Conserve Battery","Streamline"],"picked":"Rip and Tear","floor":14.0},{"not_picked":["Seek","Meteor Strike"],"picked":"Buffer","floor":16.0},{"not_picked":["Leap","Gash"],"picked":"Ball Lightning","floor":18.0},{"not_picked":["Turbo","Barrage"],"picked":"Ball Lightning","floor":19.0},{"not_picked":["Cold Snap","Go for the Eyes"],"picked":"Defragment+1","floor":20.0},{"not_picked":["Turbo","Beam Cell","Streamline"],"picked":"SKIP","floor":24.0},{"not_picked":["Machine Learning","Lockon"],"picked":"Steam","floor":28.0},{"not_picked":["Hello World","Compile Driver"],"picked":"Auto Shields+1","floor":29.0},{"not_picked":["Reboot","Fission"],"picked":"Seek","floor":33.0},{"not_picked":["Stack","Hologram"],"picked":"Steam","floor":35},{"not_picked":["Gash","Cold Snap"],"picked":"Go for the Eyes+1","floor":36},{"not_picked":["Consume","Rebound"],"picked":"Capacitor","floor":37},{"not_picked":["Amplify","Turbo+1"],"picked":"All For One","floor":41},{"not_picked":["Rebound","Coolheaded","Hello World"],"picked":"SKIP","floor":45},{"not_picked":["Doom and Gloom","Scrape"],"picked":"Glacier","floor":47}],"player_experience":650240,"relics_obtained":[{"floor":9.0,"key":"Mango"},{"floor":11.0,"key":"Nunchaku"},{"floor":13.0,"key":"Pocketwatch"},{"floor":22.0,"key":"Pen Nib"},{"floor":26.0,"key":"Tiny Chest"},{"floor":41,"key":"DataDisk"},{"floor":43,"key":"Darkstone Periapt"},{"floor":47,"key":"MawBank"}],"event_choices":[{"event_name":"Upgrade Shrine","player_choice":"Upgraded","floor":3.0,"damage_taken":0.0},{"event_name":"Golden Idol","player_choice":"Take Wound","floor":8.0,"damage_taken":0.0},{"event_name":"Beggar","player_choice":"Gave Gold","floor":21.0,"damage_taken":0.0},{"damage_healed":0,"gold_gain":0,"player_choice":"Paid","damage_taken":0,"relics_obtained":["Red Mask"],"max_hp_gain":0,"max_hp_loss":0,"event_name":"Tomb of Lord Red Mask","floor":39,"gold_loss":1}],"is_beta":false,"boss_relics":[{"not_picked":["White Beast Statue","Empty Cage"],"picked":"Sozu"},{"not_picked":["Velvet Choker","Astrolabe"],"picked":"Nuclear Battery"}],"items_purged_floors":[12,38],"is_endless":false,"potions_floor_spawned":[2,7,11,13,18,29,41,47],"killed_by":"Reptomancer","ascension_level":17}