{"gold_per_floor":[118,118,132,143,143,168,168,200,200,212,18,29,55,66,66,165,165,185,185,1,1,1],"floor_reached":22,"playtime":983,"items_purged":["Strike_R+1"],"score":290,"play_id":"3132da43-f85f-4434-8d03-6c8947d999d3","local_time":"20180731011556","is_ascension_mode":true,"campfire_choices":[{"data":"Bash","floor":7,"key":"SMITH"},{"floor":15,"key":"REST"}],"neow_cost":"NONE","seed_source_timestamp":652602810593750,"circlet_count":0,"master_deck":["Strike_R+1","Strike_R+1","Strike_R+1","Strike_R+1","Defend_R+1","Defend_R+1","Defend_R+1","Defend_R+1","Bash+1","Wild Strike","Iron Wave","Clothesline","Inflame","Shrug It Off","Shockwave","Cleave","Rampage","Reaper","Pommel Strike","Whirlwind","True Grit","Anger","Iron Wave","Disarm","Feel No Pain"],"relics":["Burning Blood","Boot","Omamori","Mango","Paper Frog","Bag of Preparation","Bottled Tornado","Orrery"],"potions_floor_usage":[6,8,16],"damage_taken":[{"damage":11,"enemies":"Jaw Worm","floor":1,"turns":4},{"damage":5,"enemies":"Small Slimes","floor":3,"turns":4},{"damage":0,"enemies":"2 Louse","floor":4,"turns":2},{"damage":38,"enemies":"Lagavulin","floor":6,"turns":8},{"damage":3,"enemies":"Gremlin Nob","floor":8,"turns":3},{"damage":16,"enemies":"Lots of Slimes","floor":10,"turns":4},{"damage":13,"enemies":"Large Slime","floor":12,"turns":7},{"damage":31,"enemies":"3 Sentries","floor":13,"turns":10},{"damage":6,"enemies":"Red Slaver","floor":14,"turns":4},{"damage":30,"enemies":"Hexaghost","floor":16,"turns":8},{"damage":23,"enemies":"Spheric Guardian","floor":18,"turns":4},{"damage":0,"enemies":"Chosen","floor":22,"turns":1}],"seed_played":"-5462933544597732848","potions_obtained":[{"floor":3,"key":"Dexterity Potion"},{"floor":4,"key":"Explosive Potion"},{"floor":6,"key":"FearPotion"},{"floor":8,"key":"GamblersBrew"},{"floor":12,"key":"Ancient Potion"}],"is_trial":false,"path_per_floor":["M","?","M","M","?","E","R","E","T","M","$","M","E","M","R","B",null,"M","?","$","$"],"character_chosen":"IRONCLAD","items_purchased":["Shrug It Off","Bag of Preparation","Disarm","Feel No Pain"],"campfire_rested":1,"item_purchase_floors":[11,11,20,20],"current_hp_per_floor":[67,72,73,79,79,47,47,64,64,54,54,47,22,22,51,27,81,64,64,64,64,64],"gold":1,"neow_bonus":"RANDOM_COMMON_RELIC","is_prod":false,"is_daily":false,"chose_seed":false,"campfire_upgraded":1,"win_rate":0,"timestamp":1533024956,"path_taken":["M","?","M","?","?","E","R","E","T","M","$","?","E","M","R","BOSS","M","?","?","$","?"],"build_version":"2018-07-26","purchased_purges":1,"victory":false,"max_hp_per_floor":[80,85,85,85,85,85,85,99,99,99,99,99,99,99,99,99,99,99,99,99,99,99],"card_choices":[{"not_picked":["Havoc","Power Through"],"picked":"Wild Strike","floor":1},{"not_picked":["Armaments","Cleave"],"picked":"Iron Wave","floor":3},{"not_picked":["Armaments","Carnage"],"picked":"Clothesline","floor":4},{"not_picked":["Havoc","Sword Boomerang","Clothesline"],"picked":"SKIP","floor":6},{"not_picked":["Sword Boomerang","Dropkick"],"picked":"Inflame","floor":8},{"not_picked":["Flex","Infernal Blade","Clothesline"],"picked":"SKIP","floor":10},{"not_picked":["Clash","Flex"],"picked":"Shockwave","floor":12},{"not_picked":["Rage","Dropkick"],"picked":"Cleave","floor":13},{"not_picked":["Armaments","Clothesline"],"picked":"Rampage","floor":14},{"not_picked":["Bludgeon","Barricade"],"picked":"Reaper","floor":16},{"not_picked":["Heavy Blade","Dual Wield"],"picked":"Pommel Strike","floor":17},{"not_picked":["Clash","Armaments"],"picked":"Whirlwind","floor":17},{"not_picked":["Havoc","Iron Wave"],"picked":"True Grit","floor":17},{"not_picked":["Headbutt","Dual Wield"],"picked":"Anger","floor":17},{"not_picked":["Anger","Sword Boomerang"],"picked":"Iron Wave","floor":18}],"player_experience":257765,"relics_obtained":[{"floor":6,"key":"Omamori"},{"floor":8,"key":"Mango"},{"floor":9,"key":"Paper Frog"},{"floor":13,"key":"Bottled Tornado"}],"event_choices":[{"event_name":"Big Fish","player_choice":"Donut","floor":2,"damage_taken":0},{"event_name":"Liars Game","player_choice":"disagreed","floor":5,"damage_taken":0},{"event_name":"Back to Basics","player_choice":"Simplicity","floor":19,"damage_taken":0}],"is_beta":false,"boss_relics":[{"not_picked":["Ectoplasm","Tiny House"],"picked":"Orrery"}],"items_purged_floors":[20],"is_endless":false,"potions_floor_spawned":[3,4,6,8,12],"killed_by":"Chosen","ascension_level":6}