{"gold_per_floor":[109,184,109,129,142,175,175,206,232,232,245,195,229,229,229,229],"floor_reached":16,"playtime":1332,"items_purged":["Defend_G"],"score":130,"play_id":"353ece0b-32b0-494f-aad4-5ed581333a46","local_time":"20180722013508","is_ascension_mode":true,"campfire_choices":[{"data":"Infinite Blades","floor":7,"key":"SMITH"},{"data":"Bullet Time","floor":10,"key":"SMITH"},{"data":"Neutralize","floor":15,"key":"SMITH"}],"neow_cost":"NONE","seed_source_timestamp":522150110188862,"circlet_count":0,"master_deck":["Defend_G","Defend_G","Defend_G","Defend_G","Strike_G","Strike_G","Strike_G","Survivor","Neutralize+1","Bullet Time+1","Infinite Blades+1","Backflip","Backflip"],"relics":["Ring of the Snake","Bag of Marbles","Bag of Preparation","Vajra","Boot"],"potions_floor_usage":[6,8,16],"damage_taken":[{"damage":1,"enemies":"Jaw Worm","floor":1,"turns":5},{"damage":0,"enemies":"2 Louse","floor":4,"turns":4},{"damage":0,"enemies":"Cultist","floor":5,"turns":4},{"damage":10,"enemies":"3 Sentries","floor":6,"turns":10},{"damage":14,"enemies":"Lagavulin","floor":8,"turns":8},{"damage":0,"enemies":"Large Slime","floor":11,"turns":4},{"damage":12,"enemies":"Gremlin Nob","floor":13,"turns":4},{"damage":29,"enemies":"Slime Boss","floor":16,"turns":10}],"seed_played":"-6142550307010537699","potions_obtained":[{"floor":1,"key":"PowerPotion"},{"floor":6,"key":"SpeedPotion"},{"floor":13,"key":"Fire Potion"}],"is_trial":false,"path_per_floor":["M","?","$","M","M","E","R","E","T","R","M","?","E","?","R"],"character_chosen":"THE_SILENT","items_purchased":[],"campfire_rested":0,"item_purchase_floors":[],"current_hp_per_floor":[69,58,58,58,58,48,48,34,34,34,34,34,22,22,22,0],"gold":229,"neow_bonus":"ONE_RANDOM_RARE_CARD","is_prod":false,"is_daily":false,"chose_seed":false,"campfire_upgraded":3,"win_rate":0,"timestamp":1532248508,"path_taken":["M","?","$","M","M","E","R","E","T","R","M","?","E","?","R","BOSS"],"build_version":"2018-07-19v2","purchased_purges":1,"victory":false,"max_hp_per_floor":[70,70,70,70,70,70,70,70,70,70,70,70,70,70,70,70],"card_choices":[{"not_picked":["Terror","Outmaneuver","Expertise"],"picked":"SKIP","floor":1},{"not_picked":["Tactician","Catalyst","Underhanded Strike"],"picked":"SKIP","floor":4},{"not_picked":["Accuracy","Tactician"],"picked":"Infinite Blades","floor":5},{"not_picked":["Slice","Dodge and Roll","Dagger Spray"],"picked":"SKIP","floor":6},{"not_picked":["Acrobatics","Slice"],"picked":"Backflip","floor":8},{"not_picked":["Flying Knee","PiercingWail"],"picked":"Backflip","floor":11},{"not_picked":["Predator","Poisoned Stab","Corpse Explosion"],"picked":"SKIP","floor":13}],"player_experience":92986,"relics_obtained":[{"floor":6,"key":"Bag of Marbles"},{"floor":8,"key":"Bag of Preparation"},{"floor":9,"key":"Vajra"},{"floor":13,"key":"Boot"}],"event_choices":[{"event_name":"World of Goop","player_choice":"Gather Gold","floor":2,"damage_taken":0},{"event_name":"The Cleric","player_choice":"Card Removal","floor":12,"damage_taken":0},{"event_name":"Living Wall","player_choice":"Forget","floor":14,"damage_taken":0}],"is_beta":false,"boss_relics":[],"items_purged_floors":[3],"is_endless":false,"potions_floor_spawned":[1,6,13],"killed_by":"Slime Boss","ascension_level":2}