{"gold_per_floor":[119,135,149,119,119,151,101,101,101,119,41,58,89,106,106,211,211,224,224,76,90,90,90],"floor_reached":23,"playtime":3364,"items_purged":["Defend_R"],"score":201,"play_id":"4971e912-d251-4b77-82e6-4d5638077ad6","local_time":"20180719005311","is_ascension_mode":false,"campfire_choices":[{"data":"Armaments","floor":8,"key":"SMITH"},{"floor":15,"key":"REST"}],"neow_cost":"","seed_source_timestamp":258401416809217,"circlet_count":0,"master_deck":["Strike_R","Strike_R","Strike_R","Defend_R","Defend_R","Defend_R","Bash","Warcry","Iron Wave","Infernal Blade+1","True Grit+1","Metallicize","Warcry+1","Brutality","Rupture","Offering+1","Shrug It Off+1","True Grit+1","Body Slam","Ghostly Armor+1"],"relics":["Burning Blood","Toxic Egg 2","Matryoshka","Gremlin Horn","Sozu"],"potions_floor_usage":[13,16],"damage_taken":[{"damage":7,"enemies":"Cultist","floor":1,"turns":6},{"damage":3,"enemies":"Jaw Worm","floor":2,"turns":5},{"damage":4,"enemies":"Small Slimes","floor":3,"turns":4},{"damage":5,"enemies":"Looter","floor":4,"turns":4},{"damage":50,"enemies":"Lagavulin","floor":6,"turns":11},{"damage":0,"enemies":"2 Fungi Beasts","floor":10,"turns":4},{"damage":0,"enemies":"Blue Slaver","floor":12,"turns":6},{"damage":20,"enemies":"Gremlin Nob","floor":13,"turns":5},{"damage":5,"enemies":"Exordium Thugs","floor":14,"turns":6},{"damage":44,"enemies":"The Guardian","floor":16,"turns":11},{"damage":6,"enemies":"3 Byrds","floor":18,"turns":4},{"damage":7,"enemies":"Chosen","floor":21,"turns":4},{"damage":88,"enemies":"Gremlin Leader","floor":23,"turns":4}],"seed_played":"7041649747188696548","potions_obtained":[{"floor":3,"key":"AttackPotion"},{"floor":12,"key":"LiquidBronze"},{"floor":14,"key":"GamblersBrew"}],"is_trial":false,"path_per_floor":["M","M","M","M","?","E","?","R","T","M","$","M","E","M","R","B",null,"M","?","$","M","?"],"character_chosen":"IRONCLAD","items_purchased":["Metallicize","True Grit+1","Body Slam"],"campfire_rested":1,"item_purchase_floors":[11,20,20],"current_hp_per_floor":[79,80,80,80,85,41,41,41,41,47,47,53,39,40,65,27,85,85,85,85,84,85,0],"gold":90,"neow_bonus":"","is_prod":false,"is_daily":false,"chose_seed":false,"campfire_upgraded":1,"win_rate":0.0,"timestamp":1531986791,"path_taken":["M","M","?","M","?","E","?","R","T","M","?","M","E","?","R","BOSS","M","?","?","M","?","E"],"build_version":"2018-07-12","purchased_purges":1,"victory":false,"max_hp_per_floor":[80,80,80,80,85,85,85,85,85,85,85,85,85,85,85,85,85,85,85,85,85,85,85],"card_choices":[{"not_picked":["Thunderclap","Disarm","Corruption"],"picked":"SKIP","floor":1},{"not_picked":["Anger","Flex"],"picked":"Warcry","floor":2},{"not_picked":["Berserk","Anger"],"picked":"Armaments","floor":3},{"not_picked":["Cleave","Whirlwind"],"picked":"Iron Wave","floor":4},{"not_picked":["True Grit","Corruption"],"picked":"Infernal Blade","floor":6},{"not_picked":["Anger","Iron Wave"],"picked":"True Grit+1","floor":10},{"not_picked":["Entrench+1","Iron Wave"],"picked":"Warcry+1","floor":12},{"not_picked":["Headbutt","Twin Strike"],"picked":"Brutality","floor":13},{"not_picked":["Warcry+1","Armaments+1"],"picked":"Rupture","floor":14},{"not_picked":["Berserk","Reaper"],"picked":"Offering+1","floor":16},{"not_picked":["Twin Strike+1","Armaments+1"],"picked":"Shrug It Off+1","floor":18},{"not_picked":["Thunderclap","Cleave"],"picked":"Ghostly Armor+1","floor":21}],"player_experience":0,"relics_obtained":[{"floor":6,"key":"Toxic Egg 2"},{"floor":9,"key":"Matryoshka"},{"floor":13,"key":"Gremlin Horn"}],"event_choices":[{"event_name":"Big Fish","player_choice":"Donut","floor":5,"damage_taken":0},{"event_name":"The Cleric","player_choice":"Card Removal","floor":7,"damage_taken":0},{"event_name":"Back to Basics","player_choice":"Elegance","floor":19,"damage_taken":0},{"event_name":"Bonfire Elementals","player_choice":"COMMON","floor":22,"damage_taken":0}],"boss_relics":[{"not_picked":["Astrolabe","Velvet Choker"],"picked":"Sozu"}],"items_purged_floors":[20],"is_endless":false,"potions_floor_spawned":[3,12,14,21],"killed_by":"Gremlin Leader","ascension_level":0}