{"gold_per_floor":[110,110,35,56,56,100,124,138,138,138,154,154,188,203,203,329,329,345,366,3,21,21],"floor_reached":22,"playtime":3026,"items_purged":["Injury","Shame"],"score":273,"play_id":"bcc7b9e3-238b-4939-8555-f22c591c8ce1","local_time":"20190122203125","is_ascension_mode":true,"campfire_choices":[{"floor":10,"key":"REST"},{"floor":12,"key":"REST"},{"floor":15,"key":"REST"}],"neow_cost":"CURSE","seed_source_timestamp":266479093890149,"circlet_count":0,"master_deck":["Defend_G","Defend_G","Defend_G","Defend_G","Defend_G","Strike_G","Strike_G","Strike_G","Strike_G","Strike_G","Survivor","Neutralize","Parasite","Deadly Poison","Poisoned Stab","Riddle With Holes","Bane","Deflect","Crippling Poison","Acrobatics","Setup","After Image","Doubt","Shame","Dodge and Roll","Bane","Noxious Fumes","Prepared"],"relics":["Ring of the Snake","Golden Idol","CultistMask","Mango","Peace Pipe","Pocketwatch","Calling Bell","Snake Skull","Dodecahedron","Gambling Chip","ClockworkSouvenir"],"potions_floor_usage":[6,16,19,19,22],"damage_taken":[{"damage":1,"enemies":"Jaw Worm","floor":1,"turns":6},{"damage":6,"enemies":"Cultist","floor":4,"turns":4},{"damage":56,"enemies":"3 Sentries","floor":6,"turns":14},{"damage":0,"enemies":"2 Louse","floor":7,"turns":3},{"damage":17,"enemies":"Large Slime","floor":8,"turns":5},{"damage":9,"enemies":"Gremlin Gang","floor":11,"turns":7},{"damage":32,"enemies":"Gremlin Nob","floor":13,"turns":4},{"damage":19,"enemies":"Exordium Wildlife","floor":14,"turns":3},{"damage":38,"enemies":"Hexaghost","floor":16,"turns":11},{"damage":19,"enemies":"Spheric Guardian","floor":18,"turns":7},{"damage":17,"enemies":"3 Byrds","floor":19,"turns":6},{"damage":11,"enemies":"Snecko","floor":21,"turns":5},{"damage":33,"enemies":"Shelled Parasite and Fungi","floor":22,"turns":4}],"seed_played":"1145536608157766546","potions_obtained":[{"floor":4,"key":"PowerPotion"},{"floor":6,"key":"Dexterity Potion"},{"floor":7,"key":"SpeedPotion"},{"floor":11,"key":"Ancient Potion"},{"floor":16,"key":"Fire Potion"},{"floor":18,"key":"Energy Potion"},{"floor":21,"key":"SkillPotion"}],"is_trial":false,"path_per_floor":["M","?","$","M","?","E","M","M","T","R","M","R","E","M","R","B",null,"M","M","$","M","M"],"character_chosen":"THE_SILENT","items_purchased":["Noxious Fumes","ClockworkSouvenir"],"campfire_rested":3,"item_purchase_floors":[20,20],"current_hp_per_floor":[83,83,83,77,77,35,35,18,18,47,38,67,35,16,45,7,75,56,39,39,28,0],"gold":21,"neow_bonus":"TWENTY_PERCENT_HP_BONUS","is_prod":false,"is_daily":false,"chose_seed":false,"campfire_upgraded":0,"win_rate":0,"timestamp":1548210685,"path_taken":["M","?","$","M","?","E","M","?","T","R","M","R","E","M","R","BOSS","M","M","$","M","M"],"build_version":"2019-01-17v2","purchased_purges":2,"victory":false,"max_hp_per_floor":[84,84,84,84,84,98,98,98,98,98,98,98,98,98,98,98,98,98,98,98,98,98],"card_choices":[{"not_picked":["Predator","Poisoned Stab"],"picked":"Deadly Poison","floor":1},{"not_picked":["Terror","Underhanded Strike"],"picked":"Poisoned Stab","floor":4},{"not_picked":["Deflect","Expertise"],"picked":"Riddle With Holes","floor":6},{"not_picked":["Outmaneuver","Acrobatics"],"picked":"Bane","floor":7},{"not_picked":["Eviscerate","Reflex"],"picked":"Deflect","floor":8},{"not_picked":["Accuracy","Dagger Throw"],"picked":"Crippling Poison","floor":11},{"not_picked":["Flying Knee","Slice"],"picked":"Acrobatics","floor":13},{"not_picked":["Dodge and Roll","Distraction"],"picked":"Setup","floor":14},{"not_picked":["Wraith Form v2","Unload"],"picked":"After Image","floor":16},{"not_picked":["Sucker Punch","Blade Dance"],"picked":"Dodge and Roll","floor":18},{"not_picked":["Endless Agony","Deflect"],"picked":"Bane","floor":19},{"not_picked":["Masterful Stab","Quick Slash"],"picked":"Prepared","floor":21}],"player_experience":717881,"relics_obtained":[{"floor":6,"key":"Mango"},{"floor":9,"key":"Peace Pipe"},{"floor":13,"key":"Pocketwatch"},{"floor":17,"key":"Snake Skull"},{"floor":17,"key":"Dodecahedron"},{"floor":17,"key":"Gambling Chip"}],"event_choices":[{"damage_healed":0,"gold_gain":0,"player_choice":"Take Wound","damage_taken":0,"relics_obtained":["Golden Idol"],"max_hp_gain":0,"max_hp_loss":0,"event_name":"Golden Idol","floor":2,"gold_loss":0,"cards_obtained":["Injury"]},{"damage_healed":0,"gold_gain":0,"player_choice":"Trade","damage_taken":0,"relics_obtained":["CultistMask"],"max_hp_gain":0,"max_hp_loss":0,"event_name":"FaceTrader","floor":5,"gold_loss":0}],"is_beta":false,"boss_relics":[{"not_picked":["Ring of the Serpent","Velvet Choker"],"picked":"Calling Bell"}],"items_purged_floors":[3,20],"is_endless":false,"potions_floor_spawned":[4,6,7,11,16,18,21],"killed_by":"Shelled Parasite and Fungi","ascension_level":5}