{"gold_per_floor":[110,18,30,46,59,59,84,84,84,111,111,154,178,199,199,199],"floor_reached":16,"playtime":873,"items_purged":[],"score":226,"play_id":"d83670bf-8fb5-45f2-8d31-6d648b75919b","local_time":"20180825163212","is_ascension_mode":true,"campfire_choices":[{"data":"Uppercut","floor":6.0,"key":"SMITH"},{"data":"Bash","floor":8.0,"key":"SMITH"},{"data":"Inflame","floor":15,"key":"SMITH"}],"neow_cost":"","seed_source_timestamp":729362363648646,"circlet_count":0,"master_deck":["Strike_R","Strike_R","Strike_R","Strike_R","Strike_R","Defend_R","Defend_R","Defend_R","Defend_R","Bash+1","AscendersBane","Shrug It Off","Uppercut+1","Headbutt","Clothesline","Clothesline","Ghostly Armor","Reaper","Inflame+1","Anger","Shrug It Off"],"special_seed":0,"relics":["Burning Blood","Matryoshka","Gremlin Horn","Blue Candle","Anchor","Golden Idol","Ancient Tea Set"],"potions_floor_usage":[13,16,16],"damage_taken":[{"damage":2.0,"enemies":"Cultist","floor":1.0,"turns":4.0},{"damage":8.0,"enemies":"Small Slimes","floor":3.0,"turns":4.0},{"damage":1.0,"enemies":"2 Louse","floor":4.0,"turns":4.0},{"damage":4.0,"enemies":"2 Fungi Beasts","floor":5.0,"turns":4.0},{"damage":28.0,"enemies":"Lagavulin","floor":7.0,"turns":8.0},{"damage":17.0,"enemies":"Gremlin Nob","floor":10.0,"turns":4.0},{"damage":26.0,"enemies":"Lagavulin","floor":12.0,"turns":9.0},{"damage":17,"enemies":"Exordium Thugs","floor":13,"turns":6},{"damage":1,"enemies":"Exordium Wildlife","floor":14,"turns":4},{"damage":48,"enemies":"The Guardian","floor":16,"turns":10}],"seed_played":"-7642633586938920637","potions_obtained":[{"floor":3.0,"key":"LiquidBronze"},{"floor":5.0,"key":"LiquidBronze"},{"floor":7.0,"key":"Fire Potion"},{"floor":14,"key":"LiquidBronze"}],"is_trial":false,"path_per_floor":["M","$","M","M","M","R","E","R","T","E","?","E","M","M","R"],"character_chosen":"IRONCLAD","items_purchased":["Uppercut"],"campfire_rested":0,"item_purchase_floors":[2],"current_hp_per_floor":[72,72,70,75,75,75,53,53,53,42,42,26,25,36,36,0],"gold":199,"neow_bonus":"","is_prod":false,"is_daily":false,"chose_seed":false,"campfire_upgraded":3,"win_rate":0,"timestamp":1535239932,"path_taken":["M","$","M","M","?","R","E","R","T","E","?","E","M","M","R","BOSS"],"build_version":"2018-08-16","purchased_purges":0,"victory":false,"max_hp_per_floor":[75,75,75,75,75,75,75,75,75,75,68,68,68,68,68,68],"card_choices":[{"not_picked":["Battle Trance","Headbutt"],"picked":"Shrug It Off","floor":1.0},{"not_picked":["Thunderclap","Fire Breathing"],"picked":"Headbutt","floor":3.0},{"not_picked":["Iron Wave","Bloodletting"],"picked":"Clothesline","floor":4.0},{"not_picked":["Evolve","Havoc"],"picked":"Clothesline","floor":5.0},{"not_picked":["Brutality","Dual Wield"],"picked":"Ghostly Armor","floor":7.0},{"not_picked":["Spot Weakness","Anger"],"picked":"Reaper","floor":10.0},{"not_picked":["Clash","Feel No Pain"],"picked":"Inflame","floor":12.0},{"not_picked":["Body Slam","Thunderclap"],"picked":"Anger","floor":13},{"not_picked":["Fire Breathing","Power Through"],"picked":"Shrug It Off","floor":14}],"player_experience":619740,"relics_obtained":[{"floor":7.0,"key":"Matryoshka"},{"floor":9.0,"key":"Gremlin Horn"},{"floor":9.0,"key":"Blue Candle"},{"floor":10.0,"key":"Anchor"},{"floor":12.0,"key":"Ancient Tea Set"}],"event_choices":[{"event_name":"Golden Idol","player_choice":"Lose Max HP","floor":11.0,"damage_taken":0.0}],"is_beta":false,"boss_relics":[],"items_purged_floors":[],"is_endless":false,"potions_floor_spawned":[3,5,7,12,14],"killed_by":"The Guardian","ascension_level":17}