{"gold_per_floor":[111,111,161,161,174,205,205,249,249,249,280,280,294,309,309,408,408,433,433,412,423,9,21,33,45,57,0,12,42,79,91,103,191,203,230,266,30,46,46],"floor_reached":39,"playtime":2027,"items_purged":["Strike_R"],"score":768,"play_id":"f63ad15a-2c12-4947-a6f4-fa19d232126c","local_time":"20180912232538","is_ascension_mode":true,"campfire_choices":[{"data":"Bash","floor":7.0,"key":"SMITH"},{"floor":10.0,"key":"REST"},{"data":"Metallicize","floor":15.0,"key":"SMITH"},{"data":"Pommel Strike","floor":23.0,"key":"SMITH"},{"data":"Disarm","floor":25.0,"key":"SMITH"},{"data":"Cleave","floor":28.0,"key":"SMITH"},{"data":"Rampage","floor":32.0,"key":"SMITH"}],"neow_cost":"NONE","seed_source_timestamp":1078298133714172,"circlet_count":0,"master_deck":["Strike_R","Strike_R","Strike_R","Strike_R+1","Defend_R","Defend_R","Defend_R","Defend_R","Bash+1","AscendersBane","Twin Strike+1","Twin Strike","Rampage+1","Battle Trance","Metallicize+1","Cleave+1","Disarm+1","Demon Form","Pommel Strike+1","Shrug It Off","Iron Wave","Anger","Burning Pact+1","Limit Break+1","Offering+1","Shrug It Off+1"],"special_seed":0,"relics":["Black Blood","Pen Nib","Bloody Idol","Ornamental Fan","Incense Burner","Matryoshka","Meat on the Bone","Philosopher\u0027s Stone","Tiny Chest","MawBank","Centennial Puzzle","Toxic Egg 2","Ancient Tea Set","Omamori","Lantern","Whetstone"],"potions_floor_usage":[],"damage_taken":[{"damage":4.0,"enemies":"Small Slimes","floor":1.0,"turns":4.0},{"damage":2.0,"enemies":"2 Louse","floor":5.0,"turns":4.0},{"damage":29.0,"enemies":"Gremlin Nob","floor":6.0,"turns":4.0},{"damage":32.0,"enemies":"3 Sentries","floor":8.0,"turns":9.0},{"damage":21.0,"enemies":"Gremlin Nob","floor":11.0,"turns":4.0},{"damage":0.0,"enemies":"Jaw Worm","floor":13.0,"turns":3.0},{"damage":0.0,"enemies":"Gremlin Gang","floor":14.0,"turns":5.0},{"damage":47.0,"enemies":"Slime Boss","floor":16.0,"turns":11.0},{"damage":51.0,"enemies":"3 Byrds","floor":18.0,"turns":5.0},{"damage":12.0,"enemies":"2 Thieves","floor":20.0,"turns":4.0},{"damage":44.0,"enemies":"Snake Plant","floor":21.0,"turns":4.0},{"damage":33.0,"enemies":"Snecko","floor":29.0,"turns":6.0},{"damage":51.0,"enemies":"Slavers","floor":30.0,"turns":6.0},{"damage":47.0,"enemies":"Collector","floor":33.0,"turns":8.0},{"damage":16.0,"enemies":"Orb Walker","floor":35.0,"turns":4.0},{"damage":39,"enemies":"3 Darklings","floor":38,"turns":4},{"damage":75,"enemies":"Transient","floor":39,"turns":4}],"seed_played":"-7078026591760121398","potions_obtained":[{"floor":5.0,"key":"GamblersBrew"},{"floor":13.0,"key":"AttackPotion"},{"floor":29.0,"key":"SteroidPotion"},{"floor":30.0,"key":"PowerPotion"},{"floor":35.0,"key":"SteroidPotion"}],"is_trial":false,"path_per_floor":["M","?","?","?","M","E","R","E","T","R","E","?","M","M","R","B",null,"M","?","M","M","$","R","?","R","T","?","R","M","E","?","R","B",null,"M","T","$","M"],"character_chosen":"IRONCLAD","items_purchased":["Tiny Chest","Iron Wave","Anger","MawBank","Whetstone"],"campfire_rested":1,"item_purchase_floors":[22,22,22,22,37],"current_hp_per_floor":[70,70,70,75,79,56,56,30,30,54,39,39,57,63,63,34,69,36,36,52,31,36,41,46,51,56,61,66,61,38,43,48,29,69,73,80,80,56,0],"gold":46,"neow_bonus":"RANDOM_COMMON_RELIC","is_prod":false,"is_daily":false,"chose_seed":false,"campfire_upgraded":6,"win_rate":0,"timestamp":1536809138,"path_taken":["M","?","?","?","M","E","R","E","T","R","E","?","M","M","R","BOSS","M","?","M","M","$","R","?","R","T","?","R","M","E","?","R","BOSS","M","?","$","M","M"],"build_version":"2018-09-06","purchased_purges":1,"victory":false,"max_hp_per_floor":[75,75,75,80,80,80,80,80,80,80,80,80,80,80,80,80,80,80,80,80,80,80,80,80,80,80,80,80,80,80,80,80,80,80,80,80,80,80,80],"card_choices":[{"not_picked":["Flex","Havoc"],"picked":"Twin Strike","floor":1.0},{"not_picked":["Fire Breathing","Warcry"],"picked":"Twin Strike","floor":5.0},{"not_picked":["Body Slam","Infernal Blade"],"picked":"Rampage","floor":6.0},{"not_picked":["Sever Soul","Juggernaut"],"picked":"Battle Trance","floor":8.0},{"not_picked":["Warcry","Sword Boomerang"],"picked":"Metallicize","floor":11.0},{"not_picked":["Inflame","Rupture"],"picked":"Cleave","floor":13.0},{"not_picked":["Blood for Blood","Hemokinesis"],"picked":"Disarm","floor":14.0},{"not_picked":["Fiend Fire","Brutality"],"picked":"Demon Form","floor":16.0},{"not_picked":["Thunderclap","Body Slam"],"picked":"Pommel Strike","floor":18.0},{"not_picked":["Sentinel","Flex","Sword Boomerang"],"picked":"SKIP","floor":20.0},{"not_picked":["Blood for Blood+1","Battle Trance"],"picked":"Shrug It Off","floor":21.0},{"not_picked":["Pummel","Armaments+1"],"picked":"Burning Pact+1","floor":29.0},{"not_picked":["Flex+1","Havoc+1"],"picked":"Limit Break+1","floor":30.0},{"not_picked":["Dark Embrace","Demon Form"],"picked":"Offering+1","floor":33.0},{"not_picked":["Perfected Strike","Sever Soul+1","Thunderclap"],"picked":"SKIP","floor":35.0},{"not_picked":["Body Slam+1","Wild Strike+1"],"picked":"Shrug It Off+1","floor":38}],"player_experience":626804,"relics_obtained":[{"floor":6.0,"key":"Ornamental Fan"},{"floor":8.0,"key":"Incense Burner"},{"floor":9.0,"key":"Matryoshka"},{"floor":11.0,"key":"Meat on the Bone"},{"floor":26.0,"key":"Centennial Puzzle"},{"floor":26.0,"key":"Toxic Egg 2"},{"floor":30.0,"key":"Ancient Tea Set"},{"floor":36.0,"key":"Omamori"},{"floor":36.0,"key":"Lantern"}],"event_choices":[{"event_name":"Golden Idol","player_choice":"Take Wound","floor":2.0,"damage_taken":0.0},{"event_name":"Golden Shrine","player_choice":"Pray","floor":3.0,"damage_taken":0.0},{"event_name":"Big Fish","player_choice":"Donut","floor":4.0,"damage_taken":0.0},{"event_name":"Match and Keep!","player_choice":"0 cards matched","floor":12.0,"damage_taken":0.0},{"event_name":"Forgotten Altar","player_choice":"Gave Idol","floor":19.0,"damage_taken":0.0},{"event_name":"Beggar","player_choice":"Ignored","floor":24.0,"damage_taken":0.0},{"event_name":"Masked Bandits","player_choice":"Paid Fearfully","floor":27.0,"damage_taken":0.0},{"event_name":"Purifier","player_choice":"One Purge","floor":31.0,"damage_taken":0.0}],"is_beta":false,"boss_relics":[{"not_picked":["Calling Bell","Tiny House"],"picked":"Philosopher\u0027s Stone"},{"not_picked":["Sozu","Pandora\u0027s Box"],"picked":"Black Blood"}],"items_purged_floors":[37],"is_endless":false,"potions_floor_spawned":[5,13,29,30,35],"killed_by":"Transient","ascension_level":17}