{"gold_per_floor":[369,369,159,234,254,283,297,324,324,324,341,341,341,367,367,441,441,461,478,15,15,15,42,42,70,70,83,83,101,133,133,133,208,208,218,0,45,62,62,62,74,74,98,98,11,11,25,36,36,36,36,36,36,36],"floor_reached":54,"playtime":3158,"items_purged":[],"score":1534,"play_id":"c6dcc1fa-4a2b-4eea-ae33-e2ab630bfb5e","local_time":"20190401165834","is_ascension_mode":true,"campfire_choices":[{"floor":10,"key":"REST"},{"data":"Go for the Eyes","floor":12,"key":"SMITH"},{"floor":15,"key":"REST"},{"data":"Defragment","floor":24,"key":"SMITH"},{"data":"Go for the Eyes","floor":28,"key":"SMITH"},{"floor":32,"key":"REST"},{"floor":40,"key":"REST"},{"floor":44,"key":"RECALL"},{"floor":49,"key":"REST"},{"data":"Dualcast","floor":52,"key":"SMITH"}],"neow_cost":"TEN_PERCENT_HP_LOSS","seed_source_timestamp":1596347822955600,"circlet_count":0,"master_deck":["AscendersBane","Strike_B+1","Strike_B+1","Strike_B+1","Defend_B+1","Defend_B+1","Defend_B+1","Defend_B+1","Zap+1","Dualcast+1","FTL","Conserve Battery","Conserve Battery","Go for the Eyes+1","Glacier","Undo","Electrodynamics","Conserve Battery","Go for the Eyes+1","Defragment+1","Cold Snap","Compile Driver","BootSequence","Stack","Electrodynamics","White Noise","Loop+1","Conserve Battery","Seek","Hologram","Leap+1","Consume+1","Cold Snap+1","Loop+1","Enlightenment","Reinforced Body","Reinforced Body"],"relics":["Cracked Core","Bronze Scales","Lantern","Bird Faced Urn","Bottled Lightning","Regal Pillow","Velvet Choker","Runic Capacitor","Letter Opener","Bag of Marbles","Frozen Egg 2","Question Card","White Beast Statue","Red Mask","Ginger"],"potions_floor_usage":[6,8,23,35,50],"damage_taken":[{"damage":3,"enemies":"2 Louse","floor":1,"turns":3},{"damage":0,"enemies":"Small Slimes","floor":5,"turns":3},{"damage":32,"enemies":"Gremlin Nob","floor":6,"turns":4},{"damage":0,"enemies":"Cultist","floor":7,"turns":3},{"damage":11,"enemies":"Lagavulin","floor":8,"turns":6},{"damage":0,"enemies":"Blue Slaver","floor":11,"turns":2},{"damage":4,"enemies":"3 Sentries","floor":14,"turns":8},{"damage":0,"enemies":"The Guardian","floor":16,"turns":13},{"damage":2,"enemies":"Spheric Guardian","floor":18,"turns":4},{"damage":0,"enemies":"Chosen","floor":19,"turns":5},{"damage":27,"enemies":"Book of Stabbing","floor":23,"turns":7},{"damage":0,"enemies":"Gremlin Leader","floor":25,"turns":7},{"damage":9,"enemies":"Snake Plant","floor":27,"turns":4},{"damage":21,"enemies":"Shelled Parasite and Fungi","floor":29,"turns":4},{"damage":31,"enemies":"Slavers","floor":30,"turns":5},{"damage":24,"enemies":"Automaton","floor":33,"turns":7},{"damage":0,"enemies":"3 Shapes","floor":35,"turns":3},{"damage":40,"enemies":"2 Orb Walkers","floor":37,"turns":5},{"damage":25,"enemies":"3 Darklings","floor":38,"turns":4},{"damage":5,"enemies":"4 Shapes","floor":41,"turns":3},{"damage":22,"enemies":"Writhing Mass","floor":47,"turns":5},{"damage":13,"enemies":"Maw","floor":48,"turns":7},{"damage":62,"enemies":"Donu and Deca","floor":50,"turns":6},{"damage":56,"enemies":"Shield and Spear","floor":54,"turns":3}],"seed_played":"-2842565767711264050","potions_obtained":[{"floor":1,"key":"GamblersBrew"},{"floor":7,"key":"AttackPotion"},{"floor":16,"key":"Regen Potion"},{"floor":29,"key":"Fire Potion"},{"floor":30,"key":"Energy Potion"},{"floor":33,"key":"Explosive Potion"},{"floor":35,"key":"Energy Potion"},{"floor":37,"key":"FairyPotion"},{"floor":38,"key":"Dexterity Potion"},{"floor":41,"key":"FocusPotion"}],"is_trial":false,"path_per_floor":["M","?","$","?","M","E","M","E","T","R","M","R","?","E","R","B",null,"M","M","$","?","?","E","R","E","T","M","R","M","E","?","R","B",null,"M","?","?","M","$","R","M","?","T","R","$","?","M","M","R","B",null,"R","$","E"],"character_chosen":"DEFECT","items_purchased":["Bronze Scales","FTL","Runic Capacitor","Defragment","Cold Snap","Compile Driver","BootSequence","Loop+1"],"campfire_rested":5,"item_purchase_floors":[3,3,20,20,20,20,20,45],"current_hp_per_floor":[61,61,61,50,50,18,18,7,7,26,26,26,26,22,56,56,62,62,64,64,64,64,46,46,50,50,45,45,30,7,7,41,27,55,59,59,25,10,10,44,45,45,45,45,45,45,33,32,64,8,50,50,50,0],"gold":36,"neow_bonus":"TWO_FIFTY_GOLD","is_prod":false,"is_daily":false,"chose_seed":false,"campfire_upgraded":4,"win_rate":0,"timestamp":1554155914,"path_taken":["M","?","$","?","M","E","M","E","T","R","M","R","?","E","R","BOSS","M","?","$","?","?","E","R","E","T","M","R","M","E","?","R","BOSS","M","?","?","M","$","R","?","?","T","R","$","?","?","M","R","BOSS","R","$","E"],"build_version":"2019-01-23","purchased_purges":0,"victory":false,"max_hp_per_floor":[64,64,64,64,64,64,64,64,64,64,64,64,64,64,64,64,64,64,64,64,64,64,64,64,64,64,64,64,64,64,64,64,64,64,64,64,64,64,64,64,64,64,64,64,64,64,64,64,64,64,64,64,64,64],"card_choices":[{"not_picked":["Capacitor","Rebound"],"picked":"Compile Driver","floor":1},{"not_picked":["Beam Cell","Steam"],"picked":"Conserve Battery","floor":5},{"not_picked":["Loop","Rip and Tear"],"picked":"Conserve Battery","floor":6},{"not_picked":["Coolheaded","Gash"],"picked":"Go for the Eyes","floor":7},{"not_picked":["Turbo","Beam Cell","Redo"],"picked":"SKIP","floor":8},{"not_picked":["Streamline","Ball Lightning"],"picked":"Glacier","floor":11},{"not_picked":["Hello World","Rebound"],"picked":"Undo","floor":14},{"not_picked":["Creative AI","Amplify"],"picked":"Electrodynamics","floor":16},{"not_picked":["Coolheaded","Sunder"],"picked":"Conserve Battery","floor":18},{"not_picked":["Chaos","Turbo"],"picked":"Go for the Eyes","floor":19},{"not_picked":["Streamline","Meteor Strike"],"picked":"Stack","floor":23},{"not_picked":["Rebound","Rip and Tear"],"picked":"Electrodynamics","floor":25},{"not_picked":["Tempest","Streamline"],"picked":"White Noise","floor":27},{"not_picked":["Barrage","Sweeping Beam"],"picked":"Loop+1","floor":29},{"not_picked":["Coolheaded","Meteor Strike"],"picked":"Conserve Battery","floor":30},{"not_picked":["Core Surge","Multi-Cast","Meteor Strike"],"picked":"Seek","floor":33},{"not_picked":["Turbo","Chaos","Stack"],"picked":"Hologram","floor":35},{"not_picked":["Fusion","Beam Cell","Hologram"],"picked":"Leap+1","floor":37},{"not_picked":["Sunder","Beam Cell","Streamline"],"picked":"Consume+1","floor":38},{"not_picked":["Compile Driver","Loop+1","Go for the Eyes"],"picked":"Cold Snap+1","floor":41},{"not_picked":["Flash of Steel","Good Instincts","PanicButton"],"picked":"Enlightenment","floor":46},{"not_picked":["Beam Cell","White Noise+1","Rainbow"],"picked":"Reinforced Body","floor":47},{"not_picked":["Turbo","Redo","Compile Driver"],"picked":"Reinforced Body","floor":48}],"player_experience":775988,"relics_obtained":[{"floor":6,"key":"Lantern"},{"floor":8,"key":"Bird Faced Urn"},{"floor":9,"key":"Bottled Lightning"},{"floor":14,"key":"Regal Pillow"},{"floor":23,"key":"Letter Opener"},{"floor":25,"key":"Bag of Marbles"},{"floor":26,"key":"Frozen Egg 2"},{"floor":30,"key":"Question Card"},{"floor":37,"key":"Ginger"}],"event_choices":[{"damage_healed":0,"gold_gain":0,"player_choice":"Grow","damage_taken":0,"max_hp_gain":0,"max_hp_loss":0,"event_name":"Living Wall","floor":2,"gold_loss":0,"cards_upgraded":["Zap"]},{"damage_healed":0,"gold_gain":75,"player_choice":"Gather Gold","damage_taken":11,"max_hp_gain":0,"max_hp_loss":0,"event_name":"World of Goop","floor":4,"gold_loss":0},{"cards_removed":["Strike_B"],"damage_healed":0,"gold_gain":0,"player_choice":"Purged","damage_taken":0,"max_hp_gain":0,"max_hp_loss":0,"event_name":"Purifier","floor":13,"gold_loss":0},{"damage_healed":0,"gold_gain":0,"player_choice":"Ignored","damage_taken":0,"max_hp_gain":0,"max_hp_loss":0,"event_name":"Ghosts","floor":21,"gold_loss":0},{"damage_healed":0,"gold_gain":0,"player_choice":"Ignored","damage_taken":0,"max_hp_gain":0,"max_hp_loss":0,"event_name":"Beggar","floor":22,"gold_loss":0},{"damage_healed":0,"gold_gain":0,"player_choice":"Simplicity","damage_taken":0,"max_hp_gain":0,"max_hp_loss":0,"event_name":"Back to Basics","floor":31,"gold_loss":0,"cards_upgraded":["Strike_B","Strike_B","Strike_B","Defend_B","Defend_B","Defend_B","Defend_B"]},{"damage_healed":0,"gold_gain":0,"player_choice":"Paid","damage_taken":0,"relics_obtained":["Red Mask"],"max_hp_gain":0,"max_hp_loss":0,"event_name":"Tomb of Lord Red Mask","floor":36,"gold_loss":218},{"damage_healed":0,"gold_gain":0,"player_choice":"Fight","damage_taken":0,"max_hp_gain":0,"max_hp_loss":0,"event_name":"Mysterious Sphere","floor":37,"gold_loss":0},{"cards_removed":["Compile Driver"],"damage_healed":0,"gold_gain":0,"player_choice":"Removed Attack","damage_taken":0,"max_hp_gain":0,"max_hp_loss":0,"event_name":"Falling","floor":42,"gold_loss":0},{"damage_healed":0,"gold_gain":0,"player_choice":"Memory 1","damage_taken":0,"max_hp_gain":0,"max_hp_loss":0,"event_name":"SensoryStone","floor":46,"gold_loss":0}],"is_beta":false,"boss_relics":[{"not_picked":["Pandora\u0027s Box","Empty Cage"],"picked":"Velvet Choker"},{"not_picked":["Astrolabe","Fusion Hammer"],"picked":"White Beast Statue"}],"items_purged_floors":[],"is_endless":false,"potions_floor_spawned":[1,7,16,29,30,33,35,37,38,41,47,48],"killed_by":"Shield and Spear","ascension_level":19}