{"gold_per_floor":[16,16,34,47,47,75,75,105,155,170,170,185,185,202,202,297,297,308,308,327,327,68,68,97,97,97,126,139,172,26,46,46,46],"floor_reached":33,"playtime":1904,"items_purged":["Writhe","Strike_R"],"score":450,"play_id":"5a93071b-b4ea-4f4d-81ff-3135c89c3503","local_time":"20180804123417","is_ascension_mode":true,"campfire_choices":[{"floor":7,"key":"REST"},{"data":"Bash","floor":11,"key":"SMITH"},{"data":"Wild Strike","floor":13,"key":"SMITH"},{"floor":15,"key":"REST"},{"data":"Armaments","floor":23,"key":"SMITH"},{"floor":25,"key":"REST"},{"floor":32,"key":"REST"}],"neow_cost":"NO_GOLD","seed_source_timestamp":1037977240696779,"circlet_count":0,"master_deck":["Strike_R","Strike_R","Strike_R","Defend_R","Defend_R","Defend_R","Defend_R","Bash+1","Demon Form","Cleave","Wild Strike+1","Feed","Limit Break","Headbutt","Cleave","Iron Wave","Reaper","Shrug It Off","Armaments+1","Enlightenment","Regret","True Grit","True Grit","Shrug It Off"],"relics":["Burning Blood","Kunai","Happy Flower","Vajra","Cursed Key","Matryoshka","Orichalcum","Red Skull","Singing Bowl","Lantern","Boot"],"potions_floor_usage":[16,16,16,24,27,27,29],"damage_taken":[{"damage":7,"enemies":"Small Slimes","floor":1,"turns":5},{"damage":6,"enemies":"Cultist","floor":3,"turns":4},{"damage":3,"enemies":"Jaw Worm","floor":4,"turns":4},{"damage":37,"enemies":"Gremlin Nob","floor":6,"turns":5},{"damage":30,"enemies":"3 Sentries","floor":8,"turns":6},{"damage":20,"enemies":"Red Slaver","floor":10,"turns":6},{"damage":11,"enemies":"Blue Slaver","floor":12,"turns":4},{"damage":1,"enemies":"2 Fungi Beasts","floor":14,"turns":3},{"damage":19,"enemies":"The Guardian","floor":16,"turns":8},{"damage":17,"enemies":"Spheric Guardian","floor":18,"turns":4},{"damage":18,"enemies":"Shell Parasite","floor":20,"turns":6},{"damage":41,"enemies":"Book of Stabbing","floor":24,"turns":5},{"damage":26,"enemies":"Slavers","floor":27,"turns":6},{"damage":36,"enemies":"Snake Plant","floor":28,"turns":5},{"damage":33,"enemies":"Book of Stabbing","floor":29,"turns":5},{"damage":7,"enemies":"Cultist and Chosen","floor":31,"turns":3},{"damage":78,"enemies":"Collector","floor":33,"turns":6}],"seed_played":"-4258523088756424757","potions_obtained":[{"floor":10,"key":"SpeedPotion"},{"floor":12,"key":"Regen Potion"},{"floor":14,"key":"SteroidPotion"},{"floor":16,"key":"SteroidPotion"},{"floor":18,"key":"Dexterity Potion"},{"floor":24,"key":"SkillPotion"},{"floor":28,"key":"Weak Potion"}],"is_trial":false,"path_per_floor":["M","?","M","M","?","E","R","E","T","M","R","M","R","M","R","B",null,"M","?","M","?","$","R","E","R","T","E","M","E","$","M","R"],"character_chosen":"IRONCLAD","items_purchased":["Enlightenment","True Grit"],"campfire_rested":4,"item_purchase_floors":[22,30],"current_hp_per_floor":[71,71,71,74,79,48,73,52,52,38,38,36,36,41,68,73,89,81,81,74,74,74,74,39,68,68,66,39,14,14,28,60,0],"gold":46,"neow_bonus":"THREE_RARE_CARDS","is_prod":false,"is_daily":false,"chose_seed":false,"campfire_upgraded":3,"win_rate":0,"timestamp":1533411257,"path_taken":["M","?","?","M","?","E","R","E","T","M","R","M","R","M","R","BOSS","M","?","M","?","$","R","E","R","T","E","M","E","?","M","R","BOSS"],"build_version":"2018-08-02","purchased_purges":2,"victory":false,"max_hp_per_floor":[80,80,80,80,85,85,85,88,88,88,88,91,91,91,91,94,94,97,97,97,97,97,97,97,97,97,99,102,104,104,107,107,107],"card_choices":[{"not_picked":["Barricade","Dark Embrace"],"picked":"Demon Form","floor":0},{"not_picked":["Heavy Blade","Pommel Strike"],"picked":"Cleave","floor":1},{"not_picked":["Fire Breathing","Burning Pact","Intimidate"],"picked":"SKIP","floor":3},{"not_picked":["Seeing Red","Warcry"],"picked":"Wild Strike","floor":4},{"not_picked":["Sentinel","Havoc"],"picked":"Feed","floor":6},{"not_picked":["Searing Blow","Clash"],"picked":"Limit Break","floor":8},{"not_picked":["Intimidate","Wild Strike"],"picked":"Headbutt","floor":10},{"not_picked":["Reckless Charge","Pommel Strike"],"picked":"Cleave","floor":12},{"not_picked":["Sword Boomerang","Pommel Strike"],"picked":"Iron Wave","floor":14},{"not_picked":["Dark Embrace","Berserk"],"picked":"Reaper","floor":16},{"not_picked":["Flex+1","Clash"],"picked":"Shrug It Off","floor":18},{"not_picked":["Evolve","Inflame+1"],"picked":"Armaments","floor":20},{"not_picked":["Infernal Blade+1","Pommel Strike","Rage"],"picked":"SKIP","floor":24},{"not_picked":["Combust","Reaper","Havoc+1"],"picked":"Singing Bowl","floor":27},{"not_picked":["Sword Boomerang+1","Hemokinesis+1"],"picked":"True Grit","floor":28},{"not_picked":["Corruption","Hemokinesis","Carnage"],"picked":"Singing Bowl","floor":29},{"not_picked":["Whirlwind","Blood for Blood"],"picked":"Shrug It Off","floor":31}],"player_experience":297664,"relics_obtained":[{"floor":6,"key":"Kunai"},{"floor":8,"key":"Happy Flower"},{"floor":9,"key":"Vajra"},{"floor":24,"key":"Orichalcum"},{"floor":26,"key":"Red Skull"},{"floor":26,"key":"Singing Bowl"},{"floor":27,"key":"Lantern"},{"floor":29,"key":"Boot"}],"event_choices":[{"event_name":"Purifier","player_choice":"One Purge","floor":2,"damage_taken":0},{"event_name":"Big Fish","player_choice":"Donut","floor":5,"damage_taken":0},{"event_name":"The Mausoleum","player_choice":"Yes","floor":19,"damage_taken":0},{"event_name":"Drug Dealer","player_choice":"Ignored","floor":21,"damage_taken":0}],"is_beta":false,"boss_relics":[{"not_picked":["Fusion Hammer","Black Blood"],"picked":"Cursed Key"}],"items_purged_floors":[22,30],"is_endless":false,"potions_floor_spawned":[10,12,14,16,18,24,28],"killed_by":"Collector","ascension_level":7}