{"gold_per_floor":[116,136,154,9,19,49,49,79,105,105,105,118,74,5,5,105,105,117,134,134,134],"floor_reached":21,"playtime":1498,"items_purged":[],"score":236,"play_id":"7cebd0be-4a58-43fc-a34e-e4f0fe70c2c5","local_time":"20190113214039","is_ascension_mode":true,"campfire_choices":[{"data":"Blur","floor":7,"key":"SMITH"},{"floor":10,"key":"REST"},{"data":"Footwork","floor":15,"key":"SMITH"}],"neow_cost":"NONE","seed_source_timestamp":420674570247041,"circlet_count":0,"master_deck":["Survivor","Neutralize","Well Laid Plans","Flechettes","Glass Knife","All Out Attack","Calculated Gamble","All Out Attack","Cloak And Dagger","Riddle With Holes","All Out Attack","Dodge and Roll","Flying Knee","Dodge and Roll","Dodge and Roll","Burst","Prepared","Blur+1","Footwork+1","Eviscerate","Well Laid Plans","After Image","Cloak And Dagger"],"relics":["Pandora\u0027s Box","Snake Skull","Pen Nib","PreservedInsect","Busted Crown","Blood Vial"],"potions_floor_usage":[8,16,21],"damage_taken":[{"damage":0,"enemies":"Cultist","floor":1,"turns":3},{"damage":4,"enemies":"Small Slimes","floor":2,"turns":3},{"damage":0,"enemies":"2 Louse","floor":3,"turns":3},{"damage":12,"enemies":"Exordium Wildlife","floor":5,"turns":4},{"damage":22,"enemies":"Lagavulin","floor":6,"turns":8},{"damage":16,"enemies":"Gremlin Nob","floor":8,"turns":4},{"damage":7,"enemies":"Red Slaver","floor":12,"turns":4},{"damage":40,"enemies":"The Guardian","floor":16,"turns":17},{"damage":12,"enemies":"Spheric Guardian","floor":18,"turns":6},{"damage":5,"enemies":"Shell Parasite","floor":19,"turns":7},{"damage":52,"enemies":"Masked Bandits","floor":21,"turns":3}],"seed_played":"7964312988116357944","potions_obtained":[{"floor":3,"key":"Regen Potion"},{"floor":6,"key":"Strength Potion"},{"floor":12,"key":"Energy Potion"},{"floor":19,"key":"Dexterity Potion"}],"is_trial":false,"path_per_floor":["M","M","M","$","M","E","R","E","T","R","?","M","?","$","R","B",null,"M","M","T","?"],"character_chosen":"THE_SILENT","items_purchased":["Burst","Well Laid Plans"],"campfire_rested":1,"item_purchase_floors":[4,14],"current_hp_per_floor":[70,66,66,66,54,32,32,16,16,37,60,53,53,53,53,13,56,44,39,39,0],"gold":134,"neow_bonus":"BOSS_RELIC","is_prod":false,"is_daily":false,"chose_seed":false,"campfire_upgraded":2,"win_rate":0,"timestamp":1547437239,"path_taken":["M","M","?","$","M","E","R","E","T","R","?","M","?","?","R","BOSS","M","M","?","?"],"build_version":"2019-01-10","purchased_purges":0,"victory":false,"max_hp_per_floor":[70,70,70,70,70,70,70,70,70,70,70,70,70,70,70,70,70,70,70,70,70],"card_choices":[{"not_picked":["Underhanded Strike","Choke"],"picked":"Flying Knee","floor":1},{"not_picked":["Dagger Throw","Quick Slash"],"picked":"Dodge and Roll","floor":2},{"not_picked":["Outmaneuver","Backstab"],"picked":"Dodge and Roll","floor":3},{"not_picked":["Predator","Slice"],"picked":"Prepared","floor":5},{"not_picked":["All Out Attack","Deadly Poison"],"picked":"Blur","floor":6},{"not_picked":["Acrobatics","Blade Dance"],"picked":"Footwork","floor":8},{"not_picked":["Accuracy","Prepared"],"picked":"Eviscerate","floor":12},{"not_picked":["Glass Knife","Envenom"],"picked":"After Image","floor":16},{"not_picked":[],"picked":"Cloak And Dagger","floor":18},{"not_picked":["Catalyst"],"picked":"SKIP","floor":19}],"player_experience":687552,"relics_obtained":[{"floor":6,"key":"Snake Skull"},{"floor":8,"key":"Pen Nib"},{"floor":9,"key":"PreservedInsect"},{"floor":20,"key":"Blood Vial"}],"event_choices":[{"damage_healed":23,"gold_gain":0,"player_choice":"Banana","damage_taken":0,"max_hp_gain":0,"max_hp_loss":0,"event_name":"Big Fish","floor":11,"gold_loss":0},{"damage_healed":0,"gold_gain":0,"player_choice":"Left Gold","damage_taken":0,"max_hp_gain":0,"max_hp_loss":0,"event_name":"World of Goop","floor":13,"gold_loss":44},{"damage_healed":0,"gold_gain":0,"player_choice":"Fought Bandits","damage_taken":0,"max_hp_gain":0,"max_hp_loss":0,"event_name":"Masked Bandits","floor":21,"gold_loss":0}],"is_beta":false,"boss_relics":[{"not_picked":["Coffee Dripper","Lizard Tail"],"picked":"Busted Crown"}],"items_purged_floors":[],"is_endless":false,"potions_floor_spawned":[3,6,12,19],"killed_by":"Masked Bandits","ascension_level":5}