{"gold_per_floor":[113,127,138,41,141,153,153,172,172,172,207,219,237,248,248,351,351,363,363,363,348,33,33,53,69,119,119,138,138,138,152,152,152],"floor_reached":33,"playtime":1420,"items_purged":[],"score":341,"play_id":"fd0d0ab1-786b-4581-aea5-6a29e36bcb4b","local_time":"20190409222532","is_ascension_mode":true,"campfire_choices":[{"data":"A Thousand Cuts","floor":7,"key":"SMITH"},{"data":"Cloak And Dagger","floor":10,"key":"SMITH"},{"floor":15,"key":"REST"},{"data":"After Image","floor":23,"key":"SMITH"},{"floor":27,"key":"REST"},{"floor":29,"key":"REST"},{"data":"Accuracy","floor":32,"key":"SMITH"}],"neow_cost":"TEN_PERCENT_HP_LOSS","seed_source_timestamp":52010573273473,"circlet_count":0,"master_deck":["Defend_G+1","Defend_G+1","Defend_G+1","Defend_G+1","Defend_G+1","Strike_G+1","Strike_G+1","Strike_G+1","Strike_G+1","Strike_G+1","Survivor","Neutralize","A Thousand Cuts+1","Flying Knee","Cloak And Dagger","Dodge and Roll","Cloak And Dagger+1","Flying Knee","Backflip","Quick Slash","Endless Agony+1","Blade Dance","Deflect","Dash+1","After Image+1","Accuracy+1","Good Instincts","Deflect","Outmaneuver","Finesse","Outmaneuver","Dagger Spray+1","Burst+1","Cloak And Dagger","Prepared","Slice+1"],"relics":["Ring of the Snake","Molten Egg 2","Pantograph","Sozu","Lantern","Snake Skull"],"potions_floor_usage":[12],"damage_taken":[{"damage":0,"enemies":"Cultist","floor":1,"turns":5},{"damage":2,"enemies":"2 Louse","floor":2,"turns":4},{"damage":0,"enemies":"Small Slimes","floor":3,"turns":3},{"damage":7,"enemies":"2 Fungi Beasts","floor":6,"turns":5},{"damage":2,"enemies":"Red Slaver","floor":8,"turns":5},{"damage":36,"enemies":"Gremlin Nob","floor":11,"turns":5},{"damage":2,"enemies":"3 Louse","floor":12,"turns":4},{"damage":4,"enemies":"Exordium Thugs","floor":13,"turns":6},{"damage":2,"enemies":"Blue Slaver","floor":14,"turns":3},{"damage":27,"enemies":"Slime Boss","floor":16,"turns":9},{"damage":9,"enemies":"Chosen","floor":18,"turns":5},{"damage":1,"enemies":"2 Thieves","floor":21,"turns":4},{"damage":3,"enemies":"Centurion and Healer","floor":24,"turns":7},{"damage":17,"enemies":"Snake Plant","floor":25,"turns":6},{"damage":5,"enemies":"Sentry and Sphere","floor":28,"turns":6},{"damage":0,"enemies":"Cultist and Chosen","floor":31,"turns":6},{"damage":67,"enemies":"Automaton","floor":33,"turns":10}],"seed_played":"8048479536527766730","potions_obtained":[{"floor":2,"key":"SteroidPotion"},{"floor":6,"key":"EssenceOfSteel"},{"floor":11,"key":"SmokeBomb"},{"floor":16,"key":"Explosive Potion"}],"is_trial":false,"path_per_floor":["M","M","M","$","?","M","R","M","T","R","E","M","M","M","R","B",null,"M","?","?","M","$","R","M","M","T","R","M","R","?","M","R","B"],"character_chosen":"THE_SILENT","items_purchased":["Cloak And Dagger","Flying Knee","Lantern","Finesse","Outmaneuver","Dagger Spray+1"],"campfire_rested":3,"item_purchase_floors":[4,4,22,22,22,22],"current_hp_per_floor":[63,61,61,61,61,54,54,52,52,52,16,14,10,8,26,24,53,44,44,44,43,43,43,40,23,23,41,36,54,54,54,54,0],"gold":152,"neow_bonus":"THREE_RARE_CARDS","is_prod":false,"is_daily":false,"chose_seed":false,"campfire_upgraded":4,"win_rate":0,"timestamp":1554866732,"path_taken":["M","M","M","$","?","M","R","?","T","R","E","M","M","M","R","BOSS","M","?","?","?","$","R","M","M","T","R","M","R","?","?","R","BOSS"],"build_version":"2019-01-23","purchased_purges":0,"victory":false,"max_hp_per_floor":[63,63,63,63,63,63,63,63,63,63,63,63,63,63,63,63,63,63,63,63,63,63,63,63,63,63,63,63,63,63,63,63,63],"card_choices":[{"not_picked":["Adrenaline","Grand Finale"],"picked":"A Thousand Cuts","floor":0},{"not_picked":["Underhanded Strike","Dagger Spray"],"picked":"Flying Knee","floor":1},{"not_picked":["PiercingWail","Flying Knee"],"picked":"Cloak And Dagger","floor":2},{"not_picked":["Flechettes","PiercingWail"],"picked":"Dodge and Roll","floor":3},{"not_picked":["Dagger Throw","Glass Knife"],"picked":"Backflip","floor":6},{"not_picked":["Reflex","Poisoned Stab"],"picked":"Quick Slash","floor":8},{"not_picked":["Caltrops","Deflect"],"picked":"Endless Agony+1","floor":11},{"not_picked":["Venomology","Poisoned Stab+1"],"picked":"Blade Dance","floor":12},{"not_picked":["Dagger Throw+1","Outmaneuver"],"picked":"Deflect","floor":13},{"not_picked":["Deflect","Deadly Poison"],"picked":"Dash+1","floor":14},{"not_picked":["Doppelganger","Envenom"],"picked":"After Image","floor":16},{"not_picked":["Eviscerate+1","Calculated Gamble"],"picked":"Accuracy","floor":18},{"not_picked":["Dagger Throw+1","Underhanded Strike+1"],"picked":"Outmaneuver","floor":21},{"not_picked":["Terror","PiercingWail"],"picked":"Burst","floor":24},{"not_picked":["Eviscerate+1","Catalyst+1"],"picked":"Cloak And Dagger","floor":25},{"not_picked":["Expertise","Dagger Spray+1"],"picked":"Prepared","floor":28},{"not_picked":["Outmaneuver","Endless Agony+1"],"picked":"Slice+1","floor":31}],"player_experience":807689,"relics_obtained":[{"floor":9,"key":"Molten Egg 2"},{"floor":11,"key":"Pantograph"},{"floor":26,"key":"Snake Skull"}],"event_choices":[{"damage_healed":0,"gold_gain":100,"player_choice":"Pray","damage_taken":0,"max_hp_gain":0,"max_hp_loss":0,"event_name":"Golden Shrine","floor":5,"gold_loss":0},{"damage_healed":0,"gold_gain":0,"player_choice":"Simplicity","damage_taken":0,"max_hp_gain":0,"max_hp_loss":0,"event_name":"Back to Basics","floor":19,"gold_loss":0,"cards_upgraded":["Defend_G","Defend_G","Defend_G","Defend_G","Defend_G","Strike_G","Strike_G","Strike_G","Strike_G","Strike_G"]},{"damage_healed":0,"gold_gain":0,"player_choice":"2 cards matched","damage_taken":0,"max_hp_gain":0,"max_hp_loss":0,"event_name":"Match and Keep!","floor":20,"gold_loss":0,"cards_obtained":["Good Instincts","Deflect"]},{"damage_healed":0,"gold_gain":0,"player_choice":"Forge","damage_taken":0,"max_hp_gain":0,"max_hp_loss":0,"event_name":"Accursed Blacksmith","floor":30,"gold_loss":0,"cards_upgraded":["Burst"]}],"is_beta":false,"boss_relics":[{"not_picked":["Eternal Feather","HoveringKite"],"picked":"Sozu"}],"items_purged_floors":[],"is_endless":false,"potions_floor_spawned":[2,6,11,16,21,24,28],"killed_by":"Automaton","ascension_level":5}