{"gold_per_floor":[118,131,406,422,435,470,470,487,487,502,502,516,531,563,563,563],"floor_reached":16,"playtime":1358,"items_purged":[],"score":133,"play_id":"ab8562ea-cea0-4bc5-b3e8-943543e99e8c","local_time":"20180923180211","is_ascension_mode":true,"campfire_choices":[{"floor":7,"key":"REST"},{"floor":11,"key":"REST"},{"floor":15,"key":"REST"}],"neow_cost":"","seed_source_timestamp":193855933568533,"circlet_count":0,"master_deck":["Defend_G","Defend_G","Defend_G","Defend_G","Defend_G","Strike_G","Strike_G","Strike_G","Strike_G","Strike_G","Survivor","Neutralize","Footwork","Masterful Stab","Regret","Choke","Flying Knee","A Thousand Cuts","Deadly Poison","Dagger Spray","Expertise","Footwork","Corpse Explosion"],"relics":["Ring of the Snake","Blood Vial","Dodecahedron","The Courier"],"potions_floor_usage":[6,6,13,14,16],"damage_taken":[{"damage":0,"enemies":"2 Louse","floor":1,"turns":3},{"damage":0,"enemies":"Cultist","floor":2,"turns":5},{"damage":0,"enemies":"Small Slimes","floor":4,"turns":2},{"damage":20,"enemies":"Exordium Wildlife","floor":5,"turns":9},{"damage":23,"enemies":"Lagavulin","floor":6,"turns":6},{"damage":1,"enemies":"Blue Slaver","floor":8,"turns":5},{"damage":8,"enemies":"Red Slaver","floor":10,"turns":4},{"damage":4,"enemies":"3 Louse","floor":12,"turns":3},{"damage":10,"enemies":"Lots of Slimes","floor":13,"turns":3},{"damage":40,"enemies":"Gremlin Nob","floor":14,"turns":5},{"damage":40,"enemies":"The Guardian","floor":16,"turns":13}],"seed_played":"4426631818249402420","potions_obtained":[{"floor":1,"key":"Poison Potion"},{"floor":2,"key":"FearPotion"},{"floor":8,"key":"Weak Potion"},{"floor":12,"key":"Explosive Potion"},{"floor":14,"key":"Dexterity Potion"}],"is_trial":false,"path_per_floor":["M","M","?","M","M","E","R","M","T","M","R","M","M","E","R"],"character_chosen":"THE_SILENT","items_purchased":[],"campfire_rested":3,"item_purchase_floors":[],"current_hp_per_floor":[70,70,70,70,50,27,48,49,49,43,64,62,54,16,37,0],"gold":563,"neow_bonus":"","is_prod":false,"is_daily":false,"chose_seed":false,"campfire_upgraded":0,"win_rate":0,"timestamp":1537743731,"path_taken":["M","M","?","M","M","E","R","M","T","M","R","M","?","E","R","BOSS"],"build_version":"2018-09-20","purchased_purges":0,"victory":false,"max_hp_per_floor":[70,70,70,70,70,70,70,70,70,70,70,70,70,70,70,70],"card_choices":[{"not_picked":["Tactician","Dagger Spray"],"picked":"Footwork","floor":1},{"not_picked":["Quick Slash","Concentrate"],"picked":"Masterful Stab","floor":2},{"not_picked":["Flying Knee","Expertise"],"picked":"Choke","floor":4},{"not_picked":["Dagger Spray","Eviscerate"],"picked":"Flying Knee","floor":5},{"not_picked":["Outmaneuver","Reflex"],"picked":"A Thousand Cuts","floor":6},{"not_picked":["Quick Slash","Leg Sweep"],"picked":"Deadly Poison","floor":8},{"not_picked":["Bane","Reflex"],"picked":"Dagger Spray","floor":10},{"not_picked":["Deflect","Blur"],"picked":"Expertise","floor":12},{"not_picked":["Bane","Endless Agony"],"picked":"Footwork","floor":13},{"not_picked":["Underhanded Strike","Masterful Stab"],"picked":"Corpse Explosion","floor":14}],"player_experience":378225,"relics_obtained":[{"floor":6,"key":"Blood Vial"},{"floor":9,"key":"Dodecahedron"},{"floor":14,"key":"The Courier"}],"event_choices":[{"event_name":"Golden Shrine","player_choice":"Desecrate","floor":3,"damage_taken":0}],"is_beta":false,"boss_relics":[],"items_purged_floors":[],"is_endless":false,"potions_floor_spawned":[1,2,8,12,14],"killed_by":"The Guardian","ascension_level":3}