{"gold_per_floor":[110,80,96,110,110,110,141,153,153,153,179,179,208,219,219,297,297,316,316,316,334,354,354,370,390,390,9,9,19,19,19,19,92,92,106,106,159,159,173,173,208,208,208,243,263,0,0,18,18,18],"floor_reached":51,"playtime":5053,"items_purged":["Strike_B"],"score":1313,"play_id":"1ce54472-945b-486b-b763-3f46cb381b0e","local_time":"20180823223846","is_ascension_mode":true,"campfire_choices":[{"data":"Zap","floor":6.0,"key":"SMITH"},{"floor":10.0,"key":"REST"},{"data":"Loop","floor":12.0,"key":"SMITH"},{"data":"Electrodynamics","floor":15.0,"key":"SMITH"},{"floor":23.0,"key":"REST"},{"floor":28.0,"key":"REST"},{"floor":32.0,"key":"REST"},{"floor":40.0,"key":"DIG"},{"floor":42,"key":"REST"},{"floor":47,"key":"REST"},{"floor":49,"key":"REST"}],"neow_cost":"PERCENT_DAMAGE","seed_source_timestamp":571676461947471,"circlet_count":0,"master_deck":["Strike_B","Strike_B","Defend_B","Defend_B","Defend_B","Defend_B","Zap+1","Dualcast","AscendersBane","Electrodynamics+1","Compile Driver","Loop+1","Echo Form","Ball Lightning","Ball Lightning","Auto Shields","Auto Shields","Buffer+1","Capacitor","Conserve Battery","Go for the Eyes","Machine Learning","Stack","Conserve Battery","Skim+1","RitualDagger","Go for the Eyes","Glacier+1","Writhe","Electrodynamics","Clumsy","Go for the Eyes","Stack+1"],"special_seed":0,"relics":["Cracked Core","Ancient Tea Set","Gremlin Horn","Art of War","Bag of Preparation","Strawberry","Velvet Choker","Nilry\u0027s Codex","Question Card","Blood Vial","Cursed Key","Ginger","Shovel","StoneCalendar","Vajra","Cables","Ornamental Fan","Red Mask"],"potions_floor_usage":[41,45,50,50],"damage_taken":[{"damage":0.0,"enemies":"Jaw Worm","floor":1.0,"turns":3.0},{"damage":1.0,"enemies":"Cultist","floor":3.0,"turns":3.0},{"damage":0.0,"enemies":"2 Louse","floor":4.0,"turns":1.0},{"damage":20.0,"enemies":"Lagavulin","floor":7.0,"turns":6.0},{"damage":9.0,"enemies":"Blue Slaver","floor":8.0,"turns":4.0},{"damage":0.0,"enemies":"3 Sentries","floor":11.0,"turns":3.0},{"damage":10.0,"enemies":"Gremlin Nob","floor":13.0,"turns":3.0},{"damage":0.0,"enemies":"Gremlin Gang","floor":14.0,"turns":3.0},{"damage":19.0,"enemies":"Slime Boss","floor":16.0,"turns":6.0},{"damage":7.0,"enemies":"3 Byrds","floor":18.0,"turns":4.0},{"damage":9.0,"enemies":"2 Thieves","floor":21.0,"turns":4.0},{"damage":2.0,"enemies":"Centurion and Healer","floor":22.0,"turns":6.0},{"damage":21.0,"enemies":"Snake Plant","floor":24.0,"turns":4.0},{"damage":12.0,"enemies":"3 Cultists","floor":25.0,"turns":3.0},{"damage":0.0,"enemies":"Shelled Parasite and Fungi","floor":29.0,"turns":7.0},{"damage":0.0,"enemies":"Automaton","floor":33.0,"turns":9.0},{"damage":1.0,"enemies":"Orb Walker","floor":35.0,"turns":3.0},{"damage":0.0,"floor":36.0,"turns":6.0},{"damage":34.0,"floor":37.0,"turns":4.0},{"damage":14.0,"enemies":"3 Shapes","floor":39.0,"turns":3.0},{"damage":25,"enemies":"2 Orb Walkers","floor":41,"turns":6},{"damage":35,"enemies":"Giant Head","floor":44,"turns":13},{"damage":10,"enemies":"Transient","floor":45,"turns":5},{"damage":0,"enemies":"Maw","floor":48,"turns":7},{"damage":78,"enemies":"Time Eater","floor":50,"turns":14}],"seed_played":"2084764912979923837","potions_obtained":[{"floor":2.0,"key":"Explosive Potion"},{"floor":2.0,"key":"EntropicBrew"},{"floor":4.0,"key":"PowerPotion"},{"floor":13.0,"key":"Fruit Juice"},{"floor":16.0,"key":"SkillPotion"},{"floor":18.0,"key":"SkillPotion"},{"floor":21.0,"key":"Regen Potion"},{"floor":29.0,"key":"Block Potion"},{"floor":37.0,"key":"FairyPotion"},{"floor":39.0,"key":"Dexterity Potion"},{"floor":45,"key":"Poison Potion"},{"floor":48,"key":"AttackPotion"}],"is_trial":false,"path_per_floor":["M","?","M","M","?","R","E","M","T","R","E","R","E","M","R","B",null,"M","?","?","M","M","R","M","M","T","$","R","M","?","?","R","B",null,"M","?","?","?","M","R","E","R","T","E","M","?","R","M","R","B"],"character_chosen":"DEFECT","items_purchased":["Blood Vial","Conserve Battery","Fire Potion","Energy Potion"],"campfire_rested":7,"item_purchase_floors":[27,27,27,27],"current_hp_per_floor":[46,46,45,45,45,45,25,16,16,37,37,37,39,39,39,20,67,60,60,39,30,28,52,40,28,28,28,52,54,48,48,72,74,81,82,83,49,66,54,54,31,55,55,22,14,14,38,54,78,2],"gold":18,"neow_bonus":"THREE_RARE_CARDS","is_prod":false,"is_daily":false,"chose_seed":false,"campfire_upgraded":3,"win_rate":0,"timestamp":1535089126,"path_taken":["M","?","M","M","?","R","E","?","T","R","E","R","E","M","R","BOSS","M","?","?","M","M","R","M","M","T","$","R","M","?","?","R","BOSS","M","?","?","?","M","R","E","R","T","E","M","?","R","M","R","BOSS"],"build_version":"2018-08-16","purchased_purges":1,"victory":true,"max_hp_per_floor":[71,71,71,71,71,71,71,71,71,71,71,71,83,83,83,83,83,83,83,83,83,83,83,83,83,83,83,83,83,83,83,83,83,83,83,83,83,83,83,83,83,83,83,83,83,83,83,83,83,83],"card_choices":[{"not_picked":["Multi-Cast","Amplify"],"picked":"Electrodynamics","floor":0.0},{"not_picked":["Gash","Recycle"],"picked":"Compile Driver","floor":1.0},{"not_picked":["Barrage","Force Field"],"picked":"Leap","floor":3.0},{"not_picked":["Compile Driver","Coolheaded"],"picked":"Loop","floor":4.0},{"not_picked":["Sweeping Beam","Darkness"],"picked":"Echo Form","floor":7.0},{"not_picked":["Beam Cell","Blizzard"],"picked":"Ball Lightning","floor":8.0},{"not_picked":["Cold Snap","Aggregate"],"picked":"Ball Lightning","floor":11.0},{"not_picked":["Rip and Tear","Hologram"],"picked":"Auto Shields","floor":13.0},{"not_picked":["Cold Snap","Beam Cell"],"picked":"Auto Shields","floor":14.0},{"not_picked":["Echo Form","Hyperbeam"],"picked":"Buffer","floor":16.0},{"not_picked":["Coolheaded+1","Steam"],"picked":"Capacitor","floor":18.0},{"not_picked":["Redo+1","Aggregate"],"picked":"Conserve Battery","floor":21.0},{"not_picked":["Streamline","Conserve Battery"],"picked":"Go for the Eyes","floor":22.0},{"not_picked":["Coolheaded","Gash"],"picked":"Machine Learning","floor":24.0},{"not_picked":["Rebound","Doom and Gloom"],"picked":"Stack","floor":25.0},{"not_picked":["Streamline","Barrage","Darkness+1"],"picked":"Skim+1","floor":29.0},{"not_picked":["Steam","Beam Cell","Heatsinks"],"picked":"Go for the Eyes","floor":35.0},{"not_picked":["BootSequence","Turbo","Conserve Battery+1"],"picked":"Glacier+1","floor":37.0},{"not_picked":["Cold Snap+1","White Noise","Gash+1","Amplify"],"picked":"SKIP","floor":39.0},{"not_picked":["Go for the Eyes","Coolheaded","Compile Driver"],"picked":"Electrodynamics","floor":41},{"not_picked":["Coolheaded","Compile Driver","Machine Learning"],"picked":"Go for the Eyes","floor":44},{"not_picked":["Sweeping Beam","White Noise","Rebound+1","Steam Power"],"picked":"SKIP","floor":45},{"not_picked":["Beam Cell+1","Coolheaded","Sunder"],"picked":"Stack+1","floor":48}],"player_experience":593769,"relics_obtained":[{"floor":7.0,"key":"Gremlin Horn"},{"floor":9.0,"key":"Art of War"},{"floor":11.0,"key":"Bag of Preparation"},{"floor":13.0,"key":"Strawberry"},{"floor":20.0,"key":"Nilry\u0027s Codex"},{"floor":26.0,"key":"Question Card"},{"floor":36.0,"key":"Ginger"},{"floor":37.0,"key":"Shovel"},{"floor":40.0,"key":"StoneCalendar"},{"floor":41,"key":"Vajra"},{"floor":43,"key":"Cables"},{"floor":44,"key":"Ornamental Fan"}],"event_choices":[{"event_name":"The Woman in Blue","player_choice":"Bought 2 Potions","floor":2.0,"damage_taken":0.0},{"event_name":"WeMeetAgain","player_choice":"Card","floor":5.0,"damage_taken":0.0},{"event_name":"Purifier","player_choice":"One Purge","floor":19.0,"damage_taken":0.0},{"event_name":"Cursed Tome","player_choice":"Obtained Book","floor":20.0,"damage_taken":0.0},{"event_name":"Nest","player_choice":"Joined the Cult","floor":30.0,"damage_taken":0.0},{"event_name":"Upgrade Shrine","player_choice":"Upgraded","floor":31.0,"damage_taken":0.0},{"event_name":"MindBloom","player_choice":"Fight","floor":36.0,"damage_taken":0.0},{"event_name":"Mysterious Sphere","player_choice":"Fight","floor":37.0,"damage_taken":0.0},{"event_name":"Winding Halls","player_choice":"Writhe","floor":38.0,"damage_taken":0.0},{"event_name":"Tomb of Lord Red Mask","player_choice":"Paid","floor":46,"damage_taken":0}],"is_beta":false,"boss_relics":[{"not_picked":["Empty Cage","Runic Pyramid"],"picked":"Velvet Choker"},{"not_picked":["Astrolabe","Pandora\u0027s Box"],"picked":"Cursed Key"}],"items_purged_floors":[27],"is_endless":false,"potions_floor_spawned":[4,8,13,16,18,21,29,33,37,39,45,48],"ascension_level":15}