{"gold_per_floor":[116,116,129,9,23,23,58,70,95,95,110,110,122,139,139,240,240,257,16,16,31,31,31,31,59,116,127,127],"floor_reached":28,"playtime":1485,"items_purged":[],"score":264,"play_id":"6fa4eaf7-caea-4429-9bde-701e9435cdfb","local_time":"20180805210039","is_ascension_mode":true,"campfire_choices":[{"data":"Noxious Fumes","floor":6,"key":"SMITH"},{"floor":10,"key":"REST"},{"floor":15,"key":"REST"},{"floor":23,"key":"REST"}],"neow_cost":"","seed_source_timestamp":202206404853273,"circlet_count":0,"master_deck":["Defend_G","Defend_G","Defend_G","Defend_G","Defend_G","Strike_G","Strike_G","Strike_G","Strike_G","Strike_G","Survivor+1","Neutralize","Predator+1","Blade Dance","Noxious Fumes+1","Eviscerate","Flying Knee","Caltrops","Outmaneuver","Bane","Prepared","Deadly Poison","Phantasmal Killer","PiercingWail+1","Backflip+1","Deadly Poison+1","Deadly Poison"],"relics":["Ring of the Serpent","Blood Vial","Bag of Preparation","Mercury Hourglass","War Paint","Tiny Chest"],"potions_floor_usage":[21,25,25,27,28],"damage_taken":[{"damage":1,"enemies":"Small Slimes","floor":1,"turns":4},{"damage":2,"enemies":"Jaw Worm","floor":3,"turns":4},{"damage":2,"enemies":"Cultist","floor":5,"turns":4},{"damage":29,"enemies":"Lagavulin","floor":7,"turns":7},{"damage":20,"enemies":"3 Louse","floor":8,"turns":3},{"damage":6,"enemies":"Exordium Wildlife","floor":11,"turns":3},{"damage":11,"enemies":"Blue Slaver","floor":13,"turns":3},{"damage":16,"enemies":"2 Fungi Beasts","floor":14,"turns":3},{"damage":18,"enemies":"Hexaghost","floor":16,"turns":8},{"damage":46,"enemies":"3 Byrds","floor":18,"turns":5},{"damage":12,"enemies":"Spheric Guardian","floor":21,"turns":5},{"damage":47,"enemies":"Book of Stabbing","floor":25,"turns":7},{"damage":0,"enemies":"Snake Plant","floor":27,"turns":4},{"damage":43,"enemies":"Slavers","floor":28,"turns":4}],"seed_played":"2149963844215837117","potions_obtained":[{"floor":8,"key":"PowerPotion"},{"floor":11,"key":"EssenceOfSteel"},{"floor":13,"key":"SteroidPotion"},{"floor":14,"key":"Strength Potion"},{"floor":16,"key":"Energy Potion"},{"floor":21,"key":"PowerPotion"},{"floor":25,"key":"Regen Potion"}],"is_trial":false,"path_per_floor":["M","?","M","$","M","R","E","M","T","R","M","?","M","M","R","B",null,"M","$","?","M","?","R","?","E","T","M"],"character_chosen":"THE_SILENT","items_purchased":["Noxious Fumes","Eviscerate","Mercury Hourglass"],"campfire_rested":3,"item_purchase_floors":[4,4,19],"current_hp_per_floor":[69,69,67,67,65,65,36,18,18,39,35,35,26,12,33,17,70,24,24,24,14,14,35,58,13,13,29,0],"gold":127,"neow_bonus":"","is_prod":false,"is_daily":false,"chose_seed":false,"campfire_upgraded":1,"win_rate":0,"timestamp":1533520839,"path_taken":["M","?","?","$","M","R","E","M","T","R","M","?","M","M","R","BOSS","M","$","?","M","?","R","?","E","T","M","E"],"build_version":"2018-08-02","purchased_purges":0,"victory":false,"max_hp_per_floor":[70,70,70,70,70,70,70,70,70,70,70,70,70,70,70,70,70,70,70,70,70,70,70,70,70,70,70,70],"card_choices":[{"not_picked":["Deflect","Dodge and Roll"],"picked":"Predator","floor":1},{"not_picked":["Backflip","Prepared"],"picked":"Blade Dance","floor":3},{"not_picked":["Malaise","Expertise"],"picked":"Flying Knee","floor":5},{"not_picked":["Adrenaline","Leg Sweep"],"picked":"Caltrops","floor":7},{"not_picked":["PiercingWail","Dagger Throw"],"picked":"Outmaneuver","floor":8},{"not_picked":["Predator","Escape Plan"],"picked":"Bane","floor":11},{"not_picked":["Bane","Dodge and Roll"],"picked":"Prepared","floor":13},{"not_picked":["Masterful Stab","Heel Hook"],"picked":"Deadly Poison","floor":14},{"not_picked":["Venomology","Unload"],"picked":"Phantasmal Killer","floor":16},{"not_picked":["Choke","Dodge and Roll"],"picked":"PiercingWail","floor":18},{"not_picked":["Masterful Stab","Footwork"],"picked":"Backflip+1","floor":21},{"not_picked":["Choke","Backstab"],"picked":"Deadly Poison+1","floor":25},{"not_picked":["Unload","Poisoned Stab"],"picked":"Deadly Poison","floor":27}],"player_experience":204346,"relics_obtained":[{"floor":7,"key":"Blood Vial"},{"floor":9,"key":"Bag of Preparation"},{"floor":25,"key":"War Paint"},{"floor":26,"key":"Tiny Chest"}],"event_choices":[{"event_name":"Living Wall","player_choice":"Grow","floor":2,"damage_taken":0},{"event_name":"Liars Game","player_choice":"disagreed","floor":12,"damage_taken":0},{"event_name":"Vampires","player_choice":"Ignored","floor":20,"damage_taken":0},{"event_name":"Match and Keep!","player_choice":"0 cards matched","floor":22,"damage_taken":0},{"event_name":"The Library","player_choice":"Heal","floor":24,"damage_taken":0}],"is_beta":false,"boss_relics":[{"not_picked":["Pandora\u0027s Box","HoveringKite"],"picked":"Ring of the Serpent"}],"items_purged_floors":[],"is_endless":false,"potions_floor_spawned":[8,11,13,14,16,18,21,25],"killed_by":"Slavers","ascension_level":2}