{"gold_per_floor":[119,269,269,269,279,312,312,343,366,366],"floor_reached":10,"playtime":488,"items_purged":[],"score":188,"play_id":"e140e083-9573-4814-8d3b-31b96bf21ba9","local_time":"20181224170928","is_ascension_mode":true,"campfire_choices":[{"floor":7,"key":"REST"}],"neow_cost":"NONE","seed_source_timestamp":40852338661256,"circlet_count":0,"master_deck":["AscendersBane","Defend_G","Defend_G","Defend_G","Defend_G","Defend_G","Strike_G+1","Strike_G","Strike_G","Strike_G","Strike_G","Survivor","Neutralize","Caltrops+1","Doubt","Backflip","Slice","Escape Plan"],"relics":["Ring of the Snake","NeowsBlessing","Pen Nib","Smiling Mask","Mummified Hand","Ancient Tea Set"],"potions_floor_usage":[8,10],"damage_taken":[{"damage":0,"enemies":"2 Louse","floor":1,"turns":1},{"damage":0,"enemies":"Small Slimes","floor":5,"turns":1},{"damage":0,"enemies":"3 Sentries","floor":6,"turns":1},{"damage":38,"enemies":"Lagavulin","floor":8,"turns":10},{"damage":34,"enemies":"Gremlin Nob","floor":10,"turns":3}],"seed_played":"1327837824314583685","potions_obtained":[{"floor":6,"key":"SkillPotion"},{"floor":8,"key":"AttackPotion"}],"is_trial":false,"path_per_floor":["M","?","?","?","M","E","R","E","T","E"],"character_chosen":"THE_SILENT","items_purchased":[],"campfire_rested":1,"item_purchase_floors":[],"current_hp_per_floor":[59,59,54,34,34,34,53,15,15,0],"gold":366,"neow_bonus":"THREE_ENEMY_KILL","is_prod":false,"is_daily":false,"chose_seed":false,"campfire_upgraded":0,"win_rate":0,"timestamp":1545700168,"path_taken":["M","?","?","?","?","E","R","E","T","E"],"build_version":"2018-12-20","purchased_purges":0,"victory":false,"max_hp_per_floor":[66,66,66,66,66,66,66,66,66,66],"card_choices":[{"not_picked":["Blade Dance","Calculated Gamble"],"picked":"Caltrops","floor":1},{"not_picked":["Underhanded Strike","Outmaneuver"],"picked":"Backflip","floor":5},{"not_picked":["Flechettes","Quick Slash"],"picked":"Slice","floor":6},{"not_picked":["Choke","Eviscerate"],"picked":"Escape Plan","floor":8}],"player_experience":694181,"relics_obtained":[{"floor":6,"key":"Smiling Mask"},{"floor":8,"key":"Mummified Hand"},{"floor":9,"key":"Ancient Tea Set"}],"event_choices":[{"damage_healed":0,"gold_gain":150,"player_choice":"AGREE","damage_taken":0,"max_hp_gain":0,"max_hp_loss":0,"event_name":"Liars Game","floor":2,"gold_loss":0,"cards_obtained":["Doubt"]},{"damage_healed":0,"gold_gain":0,"player_choice":"Success","damage_taken":5,"relics_obtained":["Pen Nib"],"max_hp_gain":0,"max_hp_loss":0,"event_name":"Scrap Ooze","floor":3,"gold_loss":0},{"damage_healed":0,"gold_gain":0,"player_choice":"Entered Light","damage_taken":20,"max_hp_gain":0,"max_hp_loss":0,"event_name":"Shining Light","floor":4,"gold_loss":0,"cards_upgraded":["Caltrops","Strike_G"]}],"is_beta":false,"boss_relics":[],"items_purged_floors":[],"is_endless":false,"potions_floor_spawned":[6,8],"killed_by":"Gremlin Nob","ascension_level":18}