{"gold_per_floor":[99,99,274,293,313,55,66,66,66,91,91,111,14,24,24,24],"floor_reached":16,"playtime":848,"items_purged":[],"score":122,"play_id":"ce57bf3a-950a-4d66-8223-03d28806fa8c","local_time":"20180930140929","is_ascension_mode":true,"campfire_choices":[{"data":"Reflex","floor":8,"key":"SMITH"},{"floor":11,"key":"REST"},{"floor":15,"key":"REST"}],"neow_cost":"NONE","seed_source_timestamp":359317623667143,"circlet_count":0,"master_deck":["Defend_G","Defend_G","Defend_G","Defend_G+1","Defend_G","Strike_G","Strike_G","Strike_G","Strike_G","Survivor+1","Neutralize","Prepared","Backstab","Doubt","Underhanded Strike","Flying Knee","Infinite Blades","Phantasmal Killer","Backflip","Reflex+1","Cloak And Dagger","Underhanded Strike","Dash","Flying Knee","Endless Agony"],"relics":["Ring of the Snake","Darkstone Periapt","The Courier"],"potions_floor_usage":[10,10],"damage_taken":[{"damage":1,"enemies":"2 Louse","floor":1,"turns":5},{"damage":0,"enemies":"Jaw Worm","floor":4,"turns":3},{"damage":0,"enemies":"Small Slimes","floor":5,"turns":3},{"damage":3,"enemies":"Blue Slaver","floor":7,"turns":4},{"damage":34,"enemies":"Lagavulin","floor":10,"turns":8},{"damage":0,"enemies":"Exordium Wildlife","floor":12,"turns":3},{"damage":12,"enemies":"Lots of Slimes","floor":14,"turns":4},{"damage":49,"enemies":"The Guardian","floor":16,"turns":15}],"seed_played":"-8878368426711466723","potions_obtained":[{"floor":5,"key":"SkillPotion"},{"floor":7,"key":"Fire Potion"},{"floor":10,"key":"Ancient Potion"},{"floor":14,"key":"Energy Potion"}],"is_trial":false,"path_per_floor":["M","?","?","M","M","$","M","R","T","E","R","M","$","M","R"],"character_chosen":"THE_SILENT","items_purchased":["Infinite Blades","Phantasmal Killer","Backflip","Dash","Flying Knee"],"campfire_rested":2,"item_purchase_floors":[6,6,6,13,13],"current_hp_per_floor":[69,55,55,55,55,55,52,52,52,18,39,39,39,27,48,0],"gold":24,"neow_bonus":"TRANSFORM_CARD","is_prod":false,"is_daily":false,"chose_seed":false,"campfire_upgraded":1,"win_rate":0,"timestamp":1538334569,"path_taken":["M","?","?","M","M","$","M","R","T","E","R","M","$","?","R","BOSS"],"build_version":"2018-09-27","purchased_purges":0,"victory":false,"max_hp_per_floor":[70,70,70,70,70,70,70,70,70,70,70,70,70,70,70,70],"card_choices":[{"not_picked":["Blade Dance","Dodge and Roll"],"picked":"Backstab","floor":1},{"not_picked":["Slice","Dagger Spray"],"picked":"Underhanded Strike","floor":4},{"not_picked":["Terror","Dagger Spray"],"picked":"Flying Knee","floor":5},{"not_picked":["Flechettes","Outmaneuver"],"picked":"Reflex","floor":7},{"not_picked":["Deadly Poison","Deflect"],"picked":"Cloak And Dagger","floor":10},{"not_picked":["Choke","Bane"],"picked":"Underhanded Strike","floor":12},{"not_picked":["Well Laid Plans","Skewer"],"picked":"Endless Agony","floor":14}],"player_experience":399814,"relics_obtained":[{"floor":9,"key":"Darkstone Periapt"},{"floor":10,"key":"The Courier"}],"event_choices":[{"event_name":"Shining Light","player_choice":"Entered Light","floor":2,"damage_taken":0},{"event_name":"Liars Game","player_choice":"agreed","floor":3,"damage_taken":0}],"is_beta":false,"boss_relics":[],"items_purged_floors":[],"is_endless":false,"potions_floor_spawned":[5,7,10,14],"killed_by":"The Guardian","ascension_level":4}