{"gold_per_floor":[113,10,185,202,219,219,294,311,311,311,8,8,21,41,41,139,189,207,132,142,142,142],"floor_reached":22,"playtime":834,"items_purged":["Doubt"],"score":220,"play_id":"e0315845-ff1c-425a-ab40-1c9c06adb17a","local_time":"20190405190115","is_ascension_mode":true,"campfire_choices":[{"data":"Tools of the Trade","floor":6,"key":"SMITH"},{"data":"Eviscerate","floor":10,"key":"SMITH"},{"data":"Tactician","floor":12,"key":"SMITH"},{"data":"Footwork","floor":15,"key":"SMITH"}],"neow_cost":"CURSE","seed_source_timestamp":1290954077801297,"circlet_count":0,"master_deck":["Defend_G","Defend_G","Defend_G","Defend_G","Defend_G","Strike_G","Strike_G","Strike_G","Strike_G","Strike_G","Survivor","Neutralize","Decay","Tools of the Trade+1","Footwork+1","Dagger Throw","Eviscerate+1","Underhanded Strike","Underhanded Strike","Dagger Throw","Footwork","Tactician+1","Slice+1","Dagger Throw","Burst","Footwork","Distraction+1","Slice"],"relics":["Ring of the Snake","Pantograph","Vajra","Tiny House"],"potions_floor_usage":[16,18],"damage_taken":[{"damage":5,"enemies":"Small Slimes","floor":1,"turns":5},{"damage":4,"enemies":"Jaw Worm","floor":4,"turns":4},{"damage":0,"enemies":"Cultist","floor":5,"turns":4},{"damage":5,"enemies":"Blue Slaver","floor":8,"turns":4},{"damage":0,"enemies":"Exordium Wildlife","floor":13,"turns":3},{"damage":7,"enemies":"Lots of Slimes","floor":14,"turns":4},{"damage":26,"enemies":"Slime Boss","floor":16,"turns":10},{"damage":22,"enemies":"2 Thieves","floor":18,"turns":4},{"damage":32,"enemies":"Shell Parasite","floor":20,"turns":6},{"damage":17,"enemies":"Centurion and Healer","floor":22,"turns":3}],"seed_played":"-7648228336523040567","potions_obtained":[{"floor":4,"key":"Fire Potion"},{"floor":16,"key":"AttackPotion"},{"floor":17,"key":"Swift Potion"}],"is_trial":false,"path_per_floor":["M","$","?","M","M","R","?","M","T","R","$","R","M","M","R","B",null,"M","$","M","?","M"],"character_chosen":"THE_SILENT","items_purchased":["Dagger Throw","Eviscerate","Vajra","Footwork","Tactician"],"campfire_rested":0,"item_purchase_floors":[2,2,11,11,11],"current_hp_per_floor":[65,65,65,61,61,61,50,45,45,45,45,45,45,38,38,37,67,45,45,13,13,0],"gold":142,"neow_bonus":"THREE_RARE_CARDS","is_prod":false,"is_daily":false,"chose_seed":false,"campfire_upgraded":4,"win_rate":0,"timestamp":1554508875,"path_taken":["M","$","?","M","M","R","?","M","T","R","$","R","M","M","R","BOSS","M","$","M","?","M"],"build_version":"2019-01-23","purchased_purges":1,"victory":false,"max_hp_per_floor":[70,70,70,70,70,70,70,70,70,70,70,70,70,70,70,70,75,75,75,75,75,75],"card_choices":[{"not_picked":["Night Terror","Glass Knife"],"picked":"Tools of the Trade","floor":0},{"not_picked":["Acrobatics","Dagger Throw"],"picked":"Footwork","floor":1},{"not_picked":["Deflect","Dagger Spray"],"picked":"Underhanded Strike","floor":4},{"not_picked":["Bane","Acrobatics"],"picked":"Underhanded Strike","floor":5},{"not_picked":["Flying Knee","Corpse Explosion"],"picked":"Dagger Throw","floor":8},{"not_picked":["Acrobatics","Crippling Poison"],"picked":"Slice","floor":13},{"not_picked":["Quick Slash","Catalyst"],"picked":"Dagger Throw","floor":14},{"not_picked":["Corpse Explosion","Die Die Die"],"picked":"Burst","floor":16},{"not_picked":["Skewer","Poisoned Stab"],"picked":"Footwork","floor":17},{"not_picked":["Poisoned Stab","Finisher"],"picked":"Distraction+1","floor":18},{"not_picked":["Deadly Poison","Dagger Spray"],"picked":"Slice","floor":20}],"player_experience":797341,"relics_obtained":[{"floor":9,"key":"Pantograph"}],"event_choices":[{"damage_healed":0,"gold_gain":175,"player_choice":"AGREE","damage_taken":0,"max_hp_gain":0,"max_hp_loss":0,"event_name":"Liars Game","floor":3,"gold_loss":0,"cards_obtained":["Doubt"]},{"damage_healed":0,"gold_gain":75,"player_choice":"Gather Gold","damage_taken":11,"max_hp_gain":0,"max_hp_loss":0,"event_name":"World of Goop","floor":7,"gold_loss":0},{"damage_healed":0,"gold_gain":0,"player_choice":"Ignored","damage_taken":0,"max_hp_gain":0,"max_hp_loss":0,"event_name":"Ghosts","floor":21,"gold_loss":0}],"is_beta":false,"boss_relics":[{"not_picked":["Black Star","Velvet Choker"],"picked":"Tiny House"}],"items_purged_floors":[19],"is_endless":false,"potions_floor_spawned":[4,16],"killed_by":"Centurion and Healer","ascension_level":5}