{"gold_per_floor":[112,112,112,72,72,113,38,81,130,153,187,203,203,228,228,352,352,368,412,412,464,109,145,145,181,206,220,251,91,125,139,139,262,262,285,618,618,52,66,91,107,107,107,140,140,140,155,5,5,5],"floor_reached":51,"playtime":3685,"items_purged":["Strike_R","Strike_R","Bash","Defend_R"],"score":936,"play_id":"fd813759-d6cc-41e8-9897-9f14816ef222","local_time":"20180720203624","is_ascension_mode":true,"campfire_choices":[{"data":"Searing Blow+1","floor":13,"key":"SMITH"},{"data":"Searing Blow+2","floor":15,"key":"SMITH"},{"data":"Searing Blow+3","floor":24,"key":"SMITH"},{"data":"Searing Blow+4","floor":32,"key":"SMITH"},{"data":"Searing Blow+5","floor":42,"key":"SMITH"},{"data":"Searing Blow+6","floor":46,"key":"SMITH"},{"floor":49,"key":"REST"}],"neow_cost":"NONE","seed_source_timestamp":415451099916089,"circlet_count":0,"master_deck":["Defend_R","Defend_R","Defend_R","Hemokinesis","Second Wind","Immolate+1","Flame Barrier","Searing Blow+7","Burning Pact","Feed+1","Headbutt+1","Flash of Steel+1","Reaper+1","Feed+1","Sentinel","Pommel Strike+1","Pommel Strike+1","Secret Weapon","Deep Breath","Battle Trance+1","Thinking Ahead","Finesse","Headbutt+1","Sentinel"],"relics":["Burning Blood","Mercury Hourglass","Matryoshka","Molten Egg 2","Red Skull","Anchor","Omamori","Black Star","Red Mask","Darkstone Periapt","Dream Catcher","Orichalcum","Kunai","Letter Opener","Bronze Scales","Regal Pillow","Ancient Tea Set","Pen Nib","Bag of Marbles","Ornamental Fan","Pantograph","Runic Cube","Torii","Oddly Smooth Stone","Juzu Bracelet","Boot","Strawberry","Potion Belt"],"potions_floor_usage":[11,11,11,16,28,28,41],"damage_taken":[{"damage":0,"enemies":"2 Louse","floor":1,"turns":4},{"damage":17,"enemies":"3 Sentries","floor":6,"turns":8},{"damage":23,"enemies":"Gremlin Nob","floor":8,"turns":4},{"damage":0,"enemies":"Cultist","floor":10,"turns":2},{"damage":15,"enemies":"Lagavulin","floor":11,"turns":4},{"damage":0,"enemies":"Small Slimes","floor":12,"turns":2},{"damage":0,"enemies":"Exordium Wildlife","floor":14,"turns":3},{"damage":26,"enemies":"The Guardian","floor":16,"turns":11},{"damage":3,"enemies":"Chosen","floor":18,"turns":3},{"damage":15,"floor":19,"turns":4},{"damage":55,"enemies":"Book of Stabbing","floor":23,"turns":7},{"damage":22,"enemies":"Gremlin Leader","floor":25,"turns":5},{"damage":0,"enemies":"3 Byrds","floor":27,"turns":1},{"damage":21,"enemies":"Book of Stabbing","floor":28,"turns":4},{"damage":5,"enemies":"Slavers","floor":30,"turns":3},{"damage":21,"enemies":"Centurion and Healer","floor":31,"turns":7},{"damage":19,"enemies":"Collector","floor":33,"turns":5},{"damage":3,"enemies":"Orb Walker","floor":35,"turns":2},{"damage":0,"enemies":"3 Darklings","floor":39,"turns":1},{"damage":86,"enemies":"Giant Head","floor":40,"turns":8},{"damage":53,"enemies":"Transient","floor":41,"turns":5},{"damage":0,"enemies":"2 Orb Walkers","floor":44,"turns":2},{"damage":21,"enemies":"Maw","floor":47,"turns":5},{"damage":51,"enemies":"Donu and Deca","floor":50,"turns":6}],"seed_played":"2581726807827387736","potions_obtained":[{"floor":4,"key":"GamblersBrew"},{"floor":4,"key":"EssenceOfSteel"},{"floor":4,"key":"SmokeBomb"},{"floor":6,"key":"PowerPotion"},{"floor":14,"key":"Fruit Juice"},{"floor":18,"key":"SteroidPotion"},{"floor":27,"key":"Regen Potion"},{"floor":28,"key":"Strength Potion"},{"floor":30,"key":"LiquidBronze"},{"floor":31,"key":"Swift Potion"},{"floor":40,"key":"BloodPotion"},{"floor":44,"key":"Regen Potion"},{"floor":47,"key":"Weak Potion"}],"is_trial":false,"path_per_floor":["M","?","?","?","?","E","$","E","T","M","E","M","R","M","R","B",null,"M","?","?","T","$","E","R","E","T","M","E","$","E","M","R","B",null,"M","?","?","$","M","E","M","R","T","E","?","R","M","$","R","B"],"character_chosen":"IRONCLAD","items_purchased":["Orichalcum","Flash of Steel+1","Sentinel","Secret Weapon","Torii","Deep Breath"],"campfire_rested":1,"item_purchase_floors":[22,22,29,38,38,38],"current_hp_per_floor":[80,60,53,53,41,30,30,13,13,19,10,16,16,22,22,7,85,89,80,80,80,80,35,35,19,19,29,26,26,67,65,65,81,113,117,117,117,117,117,37,9,9,9,74,64,64,61,61,114,83],"gold":5,"neow_bonus":"REMOVE_CARD","is_prod":false,"is_daily":false,"chose_seed":false,"campfire_upgraded":6,"win_rate":0,"timestamp":1532144184,"path_taken":["M","?","?","?","?","E","$","E","T","M","E","M","R","M","R","BOSS","M","?","?","?","$","E","R","E","T","M","E","$","E","M","R","BOSS","M","?","?","$","M","E","M","R","T","E","?","R","M","?","R","BOSS"],"build_version":"2018-07-19v2","purchased_purges":4,"victory":true,"max_hp_per_floor":[80,80,80,80,80,80,80,80,80,80,80,80,80,80,80,85,85,89,89,89,89,89,93,93,93,93,97,97,97,101,109,109,113,113,117,117,117,117,117,117,117,117,117,128,128,128,128,128,128,128],"card_choices":[{"not_picked":["Headbutt","Warcry"],"picked":"Hemokinesis","floor":1},{"not_picked":["Sever Soul","Havoc"],"picked":"Second Wind","floor":6},{"not_picked":["Sever Soul","Exhume"],"picked":"Immolate","floor":8},{"not_picked":["Seeing Red","Shockwave"],"picked":"Flame Barrier","floor":10},{"not_picked":["Infernal Blade","Second Wind"],"picked":"Searing Blow+1","floor":11},{"not_picked":["Cleave+1","Pummel+1"],"picked":"Burning Pact","floor":12},{"not_picked":["Bloodletting","Heavy Blade+1","Iron Wave+1"],"picked":"SKIP","floor":14},{"not_picked":["Immolate+1","Brutality"],"picked":"Feed+1","floor":16},{"not_picked":["Pommel Strike+1","Clothesline+1"],"picked":"Headbutt+1","floor":18},{"not_picked":["Shockwave","Twin Strike+1","Feel No Pain+1"],"picked":"SKIP","floor":23},{"not_picked":["Shrug It Off","Body Slam+1"],"picked":"Reaper+1","floor":25},{"not_picked":["Clash+1","Fire Breathing","Wild Strike+1"],"picked":"SKIP","floor":27},{"not_picked":["Inflame","Perfected Strike+1"],"picked":"Feed+1","floor":28},{"not_picked":["Flex","Exhume","Perfected Strike+1"],"picked":"SKIP","floor":30},{"not_picked":["Dual Wield","Clothesline+1"],"picked":"Pommel Strike+1","floor":31},{"not_picked":["Entrench+1","Sword Boomerang+1","Rampage+1"],"picked":"SKIP","floor":35},{"not_picked":["Reckless Charge+1","Havoc+1","Armaments"],"picked":"SKIP","floor":39},{"not_picked":["Clothesline+1","Body Slam+1","Double Tap"],"picked":"SKIP","floor":40},{"not_picked":["Sword Boomerang+1","Anger+1","Metallicize"],"picked":"SKIP","floor":41},{"not_picked":["Clash+1","Sword Boomerang+1"],"picked":"Battle Trance+1","floor":44},{"not_picked":["Panacea","Enlightenment"],"picked":"Thinking Ahead","floor":45},{"not_picked":["Madness","Magnetism"],"picked":"Finesse","floor":45},{"not_picked":["Flex","Pommel Strike+1"],"picked":"Headbutt+1","floor":47},{"not_picked":["Thunderclap+1","Anger+1"],"picked":"Sentinel","floor":49}],"player_experience":49711,"relics_obtained":[{"floor":6,"key":"Matryoshka"},{"floor":8,"key":"Molten Egg 2"},{"floor":9,"key":"Red Skull"},{"floor":9,"key":"Anchor"},{"floor":11,"key":"Omamori"},{"floor":19,"key":"Red Mask"},{"floor":21,"key":"Darkstone Periapt"},{"floor":21,"key":"Dream Catcher"},{"floor":23,"key":"Kunai"},{"floor":23,"key":"Letter Opener"},{"floor":25,"key":"Bronze Scales"},{"floor":25,"key":"Regal Pillow"},{"floor":26,"key":"Ancient Tea Set"},{"floor":28,"key":"Pen Nib"},{"floor":28,"key":"Bag of Marbles"},{"floor":30,"key":"Ornamental Fan"},{"floor":30,"key":"Pantograph"},{"floor":40,"key":"Oddly Smooth Stone"},{"floor":40,"key":"Juzu Bracelet"},{"floor":43,"key":"Boot"},{"floor":44,"key":"Strawberry"},{"floor":44,"key":"Potion Belt"}],"event_choices":[{"event_name":"Golden Idol","player_choice":"Take Damage","floor":2,"damage_taken":0},{"event_name":"Golden Wing","player_choice":"Card Removal","floor":3,"damage_taken":0},{"event_name":"The Woman in Blue","player_choice":"Bought 3 Potions","floor":4,"damage_taken":0},{"event_name":"Scrap Ooze","player_choice":"success","floor":5,"damage_taken":12},{"event_name":"Back to Basics","player_choice":"Elegance","floor":20,"damage_taken":0},{"event_name":"The Moai Head","player_choice":"Gave Idol","floor":36,"damage_taken":0},{"event_name":"Match and Keep!","player_choice":"1 cards matched","floor":37,"damage_taken":0},{"event_name":"SensoryStone","player_choice":"Memory 3","floor":45,"damage_taken":0}],"is_beta":false,"boss_relics":[{"not_picked":["Empty Cage","Tiny House"],"picked":"Black Star"},{"not_picked":["Eternal Feather","Snecko Eye"],"picked":"Runic Cube"}],"items_purged_floors":[7,22,29,48],"is_endless":false,"potions_floor_spawned":[6,10,14,18,27,28,30,31,39,40,44,47],"ascension_level":1}