{"gold_per_floor":[118,130,149,324,341,341,355,355],"floor_reached":8,"playtime":1107,"items_purged":[],"score":63,"play_id":"3b81dd64-7685-4a40-9778-b76c28b7bdd7","local_time":"20190115213648","is_ascension_mode":true,"campfire_choices":[{"data":"Footwork","floor":6,"key":"SMITH"}],"neow_cost":"TEN_PERCENT_HP_LOSS","seed_source_timestamp":49130395029613,"circlet_count":0,"master_deck":["Defend_G","Defend_G","Defend_G","Defend_G","Defend_G","Strike_G","Strike_G","Strike_G","Strike_G","Strike_G","Survivor","Neutralize","Burst","Footwork+1","Crippling Poison","Cloak And Dagger","Doubt","Dagger Spray","Crippling Poison"],"relics":["Ring of the Snake"],"potions_floor_usage":[],"damage_taken":[{"damage":14,"enemies":"Cultist","floor":1,"turns":8},{"damage":1,"enemies":"Jaw Worm","floor":2,"turns":7},{"damage":4,"enemies":"Small Slimes","floor":3,"turns":7},{"damage":1,"enemies":"2 Fungi Beasts","floor":5,"turns":6},{"damage":39,"enemies":"Gremlin Gang","floor":7,"turns":4},{"damage":4,"enemies":"Lots of Slimes","floor":8,"turns":2}],"seed_played":"6598025067471746154","potions_obtained":[{"floor":3,"key":"Fire Potion"},{"floor":7,"key":"Poison Potion"}],"is_trial":false,"path_per_floor":["M","M","M","?","M","R","M","M"],"character_chosen":"THE_SILENT","items_purchased":[],"campfire_rested":0,"item_purchase_floors":[],"current_hp_per_floor":[49,48,44,44,43,43,4,0],"gold":355,"neow_bonus":"THREE_RARE_CARDS","is_prod":false,"is_daily":false,"chose_seed":false,"campfire_upgraded":1,"win_rate":0,"timestamp":1547609808,"path_taken":["M","M","?","?","M","R","M","M"],"build_version":"2019-01-10","purchased_purges":0,"victory":false,"max_hp_per_floor":[63,63,63,63,63,63,63,63],"card_choices":[{"not_picked":["Doppelganger","Grand Finale"],"picked":"Burst","floor":0},{"not_picked":["PiercingWail","Noxious Fumes"],"picked":"Footwork","floor":1},{"not_picked":["Deadly Poison","Poisoned Stab"],"picked":"Crippling Poison","floor":2},{"not_picked":["Sucker Punch","Predator"],"picked":"Cloak And Dagger","floor":3},{"not_picked":["Backstab","Dagger Throw"],"picked":"Dagger Spray","floor":5},{"not_picked":["Underhanded Strike","Backflip"],"picked":"Crippling Poison","floor":7}],"player_experience":698698,"relics_obtained":[],"event_choices":[{"damage_healed":0,"gold_gain":175,"player_choice":"AGREE","damage_taken":0,"max_hp_gain":0,"max_hp_loss":0,"event_name":"Liars Game","floor":4,"gold_loss":0,"cards_obtained":["Doubt"]}],"is_beta":false,"boss_relics":[],"items_purged_floors":[],"is_endless":false,"potions_floor_spawned":[3,7],"killed_by":"Lots of Slimes","ascension_level":5}