{"gold_per_floor":[118,118,118,43,59,126,151,161,161,192,192,208,208,228,228,228],"floor_reached":16,"playtime":865,"items_purged":["Clumsy"],"score":137,"play_id":"e1c4e96e-d3d4-45be-a84c-5edbd595e011","local_time":"20180804005045","is_ascension_mode":false,"campfire_choices":[{"data":"Body Slam","floor":11,"key":"SMITH"},{"data":"Flex","floor":13,"key":"SMITH"},{"data":"Cleave","floor":15,"key":"SMITH"}],"neow_cost":"CURSE","seed_source_timestamp":996806451253868,"circlet_count":0,"master_deck":["Strike_R","Strike_R","Strike_R","Strike_R","Strike_R","Defend_R","Defend_R","Defend_R","Defend_R","Bash+1","Iron Wave","Sword Boomerang","Body Slam+1","Cleave+1","Flex+1","Shrug It Off","Iron Wave"],"relics":["Burning Blood","SsserpentHead","Regal Pillow","Art of War","Mummified Hand"],"potions_floor_usage":[7,10,16],"damage_taken":[{"damage":6,"enemies":"Jaw Worm","floor":1,"turns":5},{"damage":2,"enemies":"2 Louse","floor":5,"turns":2},{"damage":2,"enemies":"Small Slimes","floor":6,"turns":4},{"damage":25,"enemies":"3 Sentries","floor":7,"turns":8},{"damage":9,"enemies":"2 Fungi Beasts","floor":8,"turns":4},{"damage":27,"enemies":"Lagavulin","floor":10,"turns":7},{"damage":6,"enemies":"Red Slaver","floor":12,"turns":3},{"damage":12,"enemies":"Gremlin Gang","floor":14,"turns":3},{"damage":47,"enemies":"Slime Boss","floor":16,"turns":8}],"seed_played":"8137132509366730536","potions_obtained":[{"floor":5,"key":"LiquidBronze"},{"floor":7,"key":"Explosive Potion"},{"floor":8,"key":"Dexterity Potion"}],"is_trial":false,"path_per_floor":["M","?","?","$","M","M","E","M","T","E","R","M","R","M","R"],"character_chosen":"IRONCLAD","items_purchased":[],"campfire_rested":0,"item_purchase_floors":[],"current_hp_per_floor":[96,96,96,96,96,96,77,74,74,53,53,53,53,47,47,0],"gold":228,"neow_bonus":"TWENTY_PERCENT_HP_BONUS","is_prod":false,"is_daily":false,"chose_seed":false,"campfire_upgraded":3,"win_rate":0,"timestamp":1533369045,"path_taken":["M","?","?","$","M","?","E","M","T","E","R","M","R","M","R","BOSS"],"build_version":"2018-08-02","purchased_purges":1,"victory":false,"max_hp_per_floor":[96,96,96,96,96,96,96,96,96,96,96,96,96,96,96,96],"card_choices":[{"not_picked":["Blood for Blood","Ghostly Armor"],"picked":"Iron Wave","floor":1},{"not_picked":["Havoc","Flex"],"picked":"Sword Boomerang","floor":5},{"not_picked":["Spot Weakness","Intimidate","Dropkick"],"picked":"SKIP","floor":6},{"not_picked":["Perfected Strike","Thunderclap"],"picked":"Body Slam","floor":7},{"not_picked":["Shockwave","Anger"],"picked":"Cleave","floor":8},{"not_picked":["Infernal Blade","Power Through"],"picked":"Flex","floor":10},{"not_picked":["Thunderclap","Anger"],"picked":"Shrug It Off","floor":12},{"not_picked":["Wild Strike","Fire Breathing"],"picked":"Iron Wave","floor":14}],"player_experience":286864,"relics_obtained":[{"floor":7,"key":"Regal Pillow"},{"floor":9,"key":"Art of War"},{"floor":10,"key":"Mummified Hand"}],"event_choices":[{"event_name":"Living Wall","player_choice":"Grow","floor":2,"damage_taken":0},{"event_name":"FaceTrader","player_choice":"Trade","floor":3,"damage_taken":0}],"is_beta":false,"boss_relics":[],"items_purged_floors":[4],"is_endless":false,"potions_floor_spawned":[5,7,8],"killed_by":"Slime Boss","ascension_level":0}