{"gold_per_floor":[114,0,0,0,19,19,50,120,120,120,155,172,190,2,2,81,81,81,81,81,6,6,6,6,6,6,6,6,6,6,6,6,6],"floor_reached":33,"playtime":1483,"items_purged":["Strike_G"],"score":772,"play_id":"9603d675-35aa-46f5-b863-24ebfbf6e114","local_time":"20190406194516","is_ascension_mode":true,"campfire_choices":[{"data":"Skewer","floor":6.0,"key":"SMITH"},{"data":"Finisher","floor":10.0,"key":"SMITH"},{"data":"Noxious Fumes","floor":15,"key":"SMITH"},{"floor":24,"key":"REST"},{"floor":27,"key":"REST"},{"floor":32,"key":"REST"}],"neow_cost":"NONE","seed_source_timestamp":154253308534900,"circlet_count":0,"master_deck":["AscendersBane","Defend_G","Defend_G","Defend_G","Defend_G","Defend_G","Strike_G","Strike_G","Strike_G","Survivor","Neutralize+1","Noxious Fumes+1","Skewer+1","Finisher+1","Infinite Blades","Dash+1","Slice+1","Slice+1","Glass Knife+1","Sucker Punch+1","Dagger Throw+1","Cloak And Dagger","Flying Knee+1","Deflect","Deflect","Decay","Cloak And Dagger"],"special_seed":0,"relics":["Ring of the Snake","NeowsBlessing","Ice Cream","Sundial","Darkstone Periapt","Molten Egg 2","Tiny Chest","Ectoplasm","The Courier","Thread and Needle","Old Coin","Question Card"],"potions_floor_usage":[16,23,25,33],"damage_taken":[{"damage":0.0,"enemies":"Cultist","floor":1.0,"turns":1.0},{"damage":0.0,"enemies":"2 Louse","floor":5.0,"turns":1.0},{"damage":0.0,"enemies":"3 Sentries","floor":7.0,"turns":1.0},{"damage":14.0,"enemies":"Lagavulin","floor":11.0,"turns":4.0},{"damage":0.0,"enemies":"Jaw Worm","floor":12.0,"turns":6.0},{"damage":0,"enemies":"Large Slime","floor":13,"turns":4},{"damage":0,"enemies":"Slime Boss","floor":16,"turns":6},{"damage":12,"enemies":"3 Byrds","floor":18,"turns":4},{"damage":16,"enemies":"Spheric Guardian","floor":19,"turns":4},{"damage":11,"enemies":"Snake Plant","floor":22,"turns":3},{"damage":19,"enemies":"Slavers","floor":23,"turns":5},{"damage":11,"enemies":"Gremlin Leader","floor":25,"turns":6},{"damage":18,"enemies":"Book of Stabbing","floor":28,"turns":5},{"damage":12,"enemies":"Chosen and Byrds","floor":31,"turns":5},{"damage":58,"enemies":"Automaton","floor":33,"turns":6}],"seed_played":"-2651319655957921591","potions_obtained":[{"floor":1.0,"key":"LiquidBronze"},{"floor":5.0,"key":"Energy Potion"},{"floor":18,"key":"Dexterity Potion"},{"floor":22,"key":"AttackPotion"},{"floor":28,"key":"GamblersBrew"},{"floor":31,"key":"Strength Potion"}],"is_trial":false,"path_per_floor":["M","$","?","?","M","R","E","T","T","R","E","M","M","$","R","B",null,"M","M","?","$","M","E","R","E","T","R","E","$","?","M","R","B"],"character_chosen":"THE_SILENT","items_purchased":["Fruit Juice","Tiny Chest","Slice+1"],"campfire_rested":3,"item_purchase_floors":[2,14,14],"current_hp_per_floor":[59,64,64,64,64,64,64,64,64,64,50,50,50,50,50,50,66,54,38,31,31,20,1,22,11,11,32,14,14,20,8,31,0],"gold":6,"neow_bonus":"THREE_ENEMY_KILL","is_prod":false,"is_daily":false,"chose_seed":false,"campfire_upgraded":3,"win_rate":0,"timestamp":1554594316,"path_taken":["M","$","?","?","?","R","E","?","T","R","E","M","M","$","R","BOSS","M","M","?","$","?","E","R","E","T","R","E","?","?","M","R","BOSS"],"build_version":"2019-01-23","purchased_purges":1,"victory":false,"max_hp_per_floor":[66,71,71,71,71,71,71,71,71,71,71,71,71,71,71,71,71,71,71,71,71,71,71,71,71,71,71,71,71,77,77,77,77],"card_choices":[{"not_picked":["Endless Agony","Expertise"],"picked":"Noxious Fumes","floor":1.0},{"not_picked":["Flechettes","Slice"],"picked":"Skewer","floor":5.0},{"not_picked":["Underhanded Strike","Prepared"],"picked":"Finisher","floor":7.0},{"not_picked":["Finisher","Grand Finale"],"picked":"Infinite Blades","floor":11.0},{"not_picked":["Deadly Poison","Dagger Spray+1"],"picked":"Dash+1","floor":12},{"not_picked":["Reflex","Blade Dance"],"picked":"Slice+1","floor":13},{"not_picked":["Wraith Form v2","Storm of Steel"],"picked":"Glass Knife+1","floor":16},{"not_picked":["Blade Dance","Quick Slash+1"],"picked":"Sucker Punch+1","floor":18},{"not_picked":["Crippling Poison","Underhanded Strike+1"],"picked":"Dagger Throw+1","floor":19},{"not_picked":["Eviscerate+1","Prepared"],"picked":"Cloak And Dagger","floor":22},{"not_picked":["Outmaneuver","Blade Dance"],"picked":"Flying Knee+1","floor":23},{"not_picked":["Dodge and Roll","Unload+1"],"picked":"Deflect","floor":25},{"not_picked":["Blur","Expertise"],"picked":"Deflect","floor":28},{"not_picked":["Terror","Backflip","Infinite Blades"],"picked":"Cloak And Dagger","floor":31}],"player_experience":835470,"relics_obtained":[{"floor":7.0,"key":"Ice Cream"},{"floor":8.0,"key":"Sundial"},{"floor":9.0,"key":"Darkstone Periapt"},{"floor":11.0,"key":"Molten Egg 2"},{"floor":23,"key":"The Courier"},{"floor":25,"key":"Thread and Needle"},{"floor":26,"key":"Old Coin"},{"floor":28,"key":"Question Card"}],"event_choices":[{"damage_healed":0.0,"max_hp_gain":0.0,"max_hp_loss":0.0,"gold_gain":0.0,"event_name":"Living Wall","player_choice":"Grow","floor":3.0,"gold_loss":0.0,"damage_taken":0.0,"cards_upgraded":["Neutralize"]},{"cards_removed":["Strike_G"],"damage_healed":0.0,"max_hp_gain":0.0,"max_hp_loss":0.0,"gold_gain":0.0,"event_name":"Bonfire Elementals","player_choice":"Offered Basic","floor":4.0,"gold_loss":0.0,"damage_taken":0.0},{"damage_healed":0,"gold_gain":0,"player_choice":"","damage_taken":7,"max_hp_gain":0,"max_hp_loss":0,"event_name":"Knowing Skull","floor":20,"potions_obtained":[],"gold_loss":0,"cards_obtained":[]},{"damage_healed":0,"gold_gain":0,"player_choice":"Smashed Altar","damage_taken":0,"max_hp_gain":0,"max_hp_loss":0,"event_name":"Forgotten Altar","floor":30,"gold_loss":0,"cards_obtained":["Decay"]}],"is_beta":false,"boss_relics":[{"not_picked":["Velvet Choker","Snecko Eye"],"picked":"Ectoplasm"}],"items_purged_floors":[21],"is_endless":false,"potions_floor_spawned":[1,5,13,18,22,28,31],"killed_by":"Automaton","ascension_level":20}