{"gold_per_floor":[17,17,17,17,17,17,51,51,51,68,83,109,119,119,119,222,222,234,250,264,264,275,275,275],"floor_reached":24,"playtime":1157,"items_purged":[],"score":277,"play_id":"54b397ea-f6ff-4795-8244-7dbd9f3059c2","local_time":"20181226234241","is_ascension_mode":true,"campfire_choices":[{"data":"Anger","floor":6.0,"key":"SMITH"},{"data":"Impervious","floor":8.0,"key":"SMITH"},{"data":"1","floor":15.0,"key":"LIFT"},{"data":"2","floor":23.0,"key":"LIFT"}],"neow_cost":"NO_GOLD","seed_source_timestamp":386011854763399,"circlet_count":0,"master_deck":["Strike_R","Strike_R+1","Defend_R","Defend_R","Defend_R","Bash+1","Anger+1","Impervious+1","Body Slam","Barricade","Anger","Limit Break","Heavy Blade+1","Pommel Strike","Body Slam","Heavy Blade+1"],"special_seed":0,"relics":["Burning Blood","Whetstone","Shuriken","Matryoshka","Girya","Philosopher\u0027s Stone"],"potions_floor_usage":[],"damage_taken":[{"damage":7.0,"enemies":"Small Slimes","floor":1.0,"turns":3.0},{"damage":40.0,"enemies":"3 Sentries","floor":7.0,"turns":8.0},{"damage":3.0,"enemies":"2 Louse","floor":10.0,"turns":2.0},{"damage":0.0,"enemies":"Cultist","floor":11.0,"turns":2.0},{"damage":0.0,"enemies":"Gremlin Nob","floor":12.0,"turns":2.0},{"damage":12.0,"enemies":"3 Louse","floor":13.0,"turns":4.0},{"damage":24.0,"enemies":"Hexaghost","floor":16.0,"turns":6.0},{"damage":9.0,"enemies":"Chosen","floor":18.0,"turns":3.0},{"damage":7.0,"enemies":"3 Byrds","floor":19.0,"turns":5.0},{"damage":21.0,"enemies":"Snake Plant","floor":20.0,"turns":3.0},{"damage":38.0,"enemies":"Shelled Parasite and Fungi","floor":22.0,"turns":3.0},{"damage":34,"enemies":"Book of Stabbing","floor":24,"turns":3}],"seed_played":"2911842503074416254","potions_obtained":[{"floor":10.0,"key":"Regen Potion"},{"floor":11.0,"key":"Energy Potion"},{"floor":16.0,"key":"PowerPotion"},{"floor":18.0,"key":"Poison Potion"},{"floor":22.0,"key":"Strength Potion"}],"is_trial":false,"path_per_floor":["M","?","$","?","?","R","E","R","T","M","M","E","M","?","R","B",null,"M","M","M","?","M","R","E"],"character_chosen":"IRONCLAD","items_purchased":[],"campfire_rested":0,"item_purchase_floors":[],"current_hp_per_floor":[79,79,79,79,72,72,38,38,38,41,47,53,47,47,47,29,80,77,76,61,61,29,29,0],"gold":275,"neow_bonus":"REMOVE_TWO","is_prod":false,"is_daily":false,"chose_seed":false,"campfire_upgraded":2,"win_rate":0,"timestamp":1545835361,"path_taken":["M","?","$","?","?","R","E","R","T","M","M","E","M","?","R","BOSS","M","?","M","?","?","R","E"],"build_version":"2018-12-20","purchased_purges":0,"victory":false,"max_hp_per_floor":[80,80,80,80,80,80,80,80,80,80,80,80,80,80,80,80,80,80,80,80,80,80,80,80],"card_choices":[{"not_picked":["Flex","Warcry"],"picked":"Anger","floor":1.0},{"not_picked":["Hemokinesis","Warcry"],"picked":"Impervious","floor":7.0},{"not_picked":["Twin Strike","Clothesline"],"picked":"Body Slam","floor":10.0},{"not_picked":["Rupture","Twin Strike","Pummel"],"picked":"SKIP","floor":11.0},{"not_picked":["Hemokinesis","Armaments"],"picked":"Barricade","floor":12.0},{"not_picked":["Battle Trance","Hemokinesis"],"picked":"Anger","floor":13.0},{"not_picked":["Dark Embrace","Barricade"],"picked":"Limit Break","floor":16.0},{"not_picked":["Iron Wave","Cleave"],"picked":"Heavy Blade+1","floor":18.0},{"not_picked":["Cleave","Feed"],"picked":"Pommel Strike","floor":19.0},{"not_picked":["Inflame","Wild Strike"],"picked":"Body Slam","floor":20.0},{"not_picked":["Havoc","Warcry"],"picked":"Heavy Blade+1","floor":22.0}],"player_experience":68793,"relics_obtained":[{"floor":7.0,"key":"Whetstone"},{"floor":9.0,"key":"Shuriken"},{"floor":12.0,"key":"Matryoshka"}],"event_choices":[{"damage_healed":0.0,"max_hp_gain":0.0,"max_hp_loss":0.0,"gold_gain":0.0,"event_name":"The Cleric","player_choice":"Leave","floor":2.0,"gold_loss":0.0,"damage_taken":0.0},{"damage_healed":0.0,"max_hp_gain":0.0,"max_hp_loss":0.0,"gold_gain":0.0,"event_name":"Liars Game","player_choice":"Ignored","floor":4.0,"gold_loss":0.0,"damage_taken":0.0},{"cards_removed":["Strike_R"],"damage_healed":0.0,"max_hp_gain":0.0,"max_hp_loss":0.0,"gold_gain":0.0,"event_name":"Golden Wing","player_choice":"Card Removal","floor":5.0,"gold_loss":0.0,"damage_taken":7.0},{"damage_healed":0.0,"max_hp_gain":0.0,"max_hp_loss":0.0,"gold_gain":0.0,"event_name":"WeMeetAgain","player_choice":"Gave Potion","floor":14.0,"gold_loss":0.0,"damage_taken":0.0,"relics_obtained":["Girya"]},{"cards_removed":["Strike_R"],"damage_healed":0.0,"max_hp_gain":0.0,"max_hp_loss":0.0,"gold_gain":0.0,"event_name":"Wheel of Change","player_choice":"Card Removal","floor":21.0,"gold_loss":0.0,"damage_taken":0.0}],"is_beta":false,"boss_relics":[{"not_picked":["Orrery","Eternal Feather"],"picked":"Philosopher\u0027s Stone"}],"items_purged_floors":[],"is_endless":false,"potions_floor_spawned":[10,11,16,18,22],"killed_by":"Book of Stabbing","ascension_level":4}