{"gold_per_floor":[115,125,125,125,140,166,166,178,201,228,66,100,116,151,151,250,250,261,277,80,80,80],"floor_reached":22,"playtime":1746,"items_purged":["Strike_R","Normality"],"score":235,"play_id":"3e1031f4-2d4f-4e6d-9b66-4e17f81dbf7d","local_time":"20180721141910","is_ascension_mode":true,"campfire_choices":[{"data":"Carnage","floor":7,"key":"SMITH"},{"data":"Searing Blow","floor":15,"key":"SMITH"}],"neow_cost":"","seed_source_timestamp":481177544211683,"circlet_count":0,"master_deck":["Strike_R","Strike_R","Defend_R","Defend_R","Defend_R","Defend_R","Bash","Carnage+1","Second Wind","Burning Pact","Dual Wield","Finesse","Seeing Red","Disarm","Searing Blow+1","Feed","Dramatic Entrance"],"relics":["Burning Blood","Lantern","Pen Nib","Ancient Tea Set","Happy Flower","Regal Pillow","Blood Vial","Sozu"],"potions_floor_usage":[14,14,16],"damage_taken":[{"damage":7,"enemies":"Jaw Worm","floor":1,"turns":5},{"damage":3,"enemies":"Small Slimes","floor":2,"turns":3},{"damage":1,"enemies":"Cultist","floor":5,"turns":3},{"damage":39,"enemies":"Lagavulin","floor":6,"turns":6},{"damage":8,"enemies":"3 Louse","floor":8,"turns":3},{"damage":16,"enemies":"3 Sentries","floor":10,"turns":8},{"damage":3,"enemies":"Lagavulin","floor":12,"turns":3},{"damage":13,"enemies":"Lots of Slimes","floor":13,"turns":6},{"damage":20,"enemies":"Gremlin Nob","floor":14,"turns":5},{"damage":13,"enemies":"The Guardian","floor":16,"turns":8},{"damage":0,"enemies":"Chosen","floor":18,"turns":2},{"damage":78,"enemies":"3 Byrds","floor":19,"turns":8},{"damage":19,"enemies":"Slaver and Parasite","floor":22,"turns":1}],"seed_played":"4800683280935515023","potions_obtained":[{"floor":1,"key":"Swift Potion"},{"floor":5,"key":"FearPotion"},{"floor":6,"key":"AttackPotion"}],"is_trial":false,"path_per_floor":["M","M","?","?","M","E","R","M","T","E","$","E","M","E","R","B",null,"M","M","$","?"],"character_chosen":"IRONCLAD","items_purchased":["Finesse","Dramatic Entrance"],"campfire_rested":0,"item_purchase_floors":[11,20],"current_hp_per_floor":[79,80,73,73,78,45,45,43,43,33,33,36,29,15,15,10,80,80,11,11,11,0],"gold":80,"neow_bonus":"","is_prod":false,"is_daily":false,"chose_seed":false,"campfire_upgraded":2,"win_rate":0,"timestamp":1532207950,"path_taken":["M","M","?","?","M","E","R","M","T","E","$","E","?","E","R","BOSS","M","M","$","?","M"],"build_version":"2018-07-19v2","purchased_purges":2,"victory":false,"max_hp_per_floor":[80,80,80,80,80,80,80,80,80,80,80,80,80,80,80,80,80,80,83,83,83,83],"card_choices":[{"not_picked":["Inflame","Infernal Blade"],"picked":"Carnage","floor":1},{"not_picked":["Armaments","Shrug It Off","Pummel"],"picked":"SKIP","floor":2},{"not_picked":["Warcry","Shrug It Off"],"picked":"Second Wind","floor":5},{"not_picked":["Body Slam","Sword Boomerang","Second Wind"],"picked":"SKIP","floor":6},{"not_picked":["Cleave","Thunderclap"],"picked":"Burning Pact","floor":8},{"not_picked":["Inflame","Fire Breathing"],"picked":"Dual Wield","floor":10},{"not_picked":["Wild Strike","Carnage"],"picked":"Seeing Red","floor":12},{"not_picked":["Iron Wave","Heavy Blade"],"picked":"Disarm","floor":13},{"not_picked":["Clothesline","Sword Boomerang"],"picked":"Searing Blow","floor":14},{"not_picked":["Reaper","Juggernaut"],"picked":"Feed","floor":16},{"not_picked":["Sword Boomerang","Metallicize","Intimidate+1"],"picked":"SKIP","floor":18},{"not_picked":["Iron Wave+1","Sword Boomerang","Havoc+1"],"picked":"SKIP","floor":19}],"player_experience":66839,"relics_obtained":[{"floor":6,"key":"Pen Nib"},{"floor":9,"key":"Ancient Tea Set"},{"floor":10,"key":"Happy Flower"},{"floor":12,"key":"Regal Pillow"},{"floor":14,"key":"Blood Vial"}],"event_choices":[{"event_name":"Golden Wing","player_choice":"Card Removal","floor":3,"damage_taken":0},{"event_name":"Accursed Blacksmith","player_choice":"Rummage","floor":4,"damage_taken":0},{"event_name":"Back to Basics","player_choice":"Elegance","floor":21,"damage_taken":0}],"is_beta":false,"boss_relics":[{"not_picked":["Runic Pyramid","White Beast Statue"],"picked":"Sozu"}],"items_purged_floors":[11,20],"is_endless":false,"potions_floor_spawned":[1,5,6,12,18],"killed_by":"Slaver and Parasite","ascension_level":2}