{"gold_per_floor":[117,127,77,87,87,87,116,130,155,185,10,29,29,62,62,158,158,178,191,209,222,222,254,25,58,82,82],"floor_reached":27,"playtime":1771,"items_purged":["Strike_B"],"score":325,"play_id":"5c52593d-4bf1-476e-81ff-d25568c0ee43","local_time":"20180722070751","is_ascension_mode":true,"campfire_choices":[{"data":"Static Discharge","floor":6,"key":"SMITH"},{"data":"Redo","floor":13,"key":"SMITH"},{"floor":15,"key":"REST"}],"neow_cost":"NONE","seed_source_timestamp":541677482321410,"circlet_count":0,"master_deck":["Defend_B","Defend_B","Zap+1","Dualcast","Ball Lightning","Static Discharge+1","Ball Lightning","White Noise","Lockon","Redo+1","Self Repair","Steam","Ball Lightning","Ball Lightning","Biased Cognition","Streamline+1","Auto Shields+1","Reinforced Body+1","Conserve Battery","Conserve Battery","Ball Lightning","All For One","Steam Power","Redo"],"relics":["Cracked Core","Oddly Smooth Stone","Omamori","Happy Flower","Dream Catcher","Astrolabe","Ornamental Fan","Vajra","Bag of Marbles"],"potions_floor_usage":[10,10,23,27],"damage_taken":[{"damage":1,"enemies":"Cultist","floor":1,"turns":3},{"damage":0,"enemies":"2 Louse","floor":2,"turns":2},{"damage":4,"enemies":"Small Slimes","floor":4,"turns":2},{"damage":14,"enemies":"3 Sentries","floor":7,"turns":4},{"damage":0,"enemies":"2 Fungi Beasts","floor":8,"turns":2},{"damage":10,"enemies":"Gremlin Nob","floor":10,"turns":3},{"damage":2,"enemies":"Blue Slaver","floor":12,"turns":3},{"damage":18,"enemies":"Lagavulin","floor":14,"turns":5},{"damage":7,"enemies":"Slime Boss","floor":16,"turns":6},{"damage":10,"enemies":"3 Byrds","floor":18,"turns":3},{"damage":5,"enemies":"Chosen","floor":19,"turns":3},{"damage":18,"enemies":"Snake Plant","floor":20,"turns":2},{"damage":14,"enemies":"Cultist and Chosen","floor":21,"turns":5},{"damage":29,"enemies":"Slavers","floor":23,"turns":5},{"damage":15,"enemies":"Book of Stabbing","floor":25,"turns":4},{"damage":26,"enemies":"Slavers","floor":27,"turns":1}],"seed_played":"-5029125428119116758","potions_obtained":[{"floor":2,"key":"Regen Potion"},{"floor":4,"key":"Weak Potion"},{"floor":7,"key":"Poison Potion"},{"floor":8,"key":"GamblersBrew"},{"floor":21,"key":"Block Potion"},{"floor":23,"key":"Explosive Potion"}],"is_trial":false,"path_per_floor":["M","M","?","M","?","R","E","M","T","E","$","M","R","E","R","B",null,"M","M","M","M","?","E","$","E","T"],"character_chosen":"DEFECT","items_purchased":["Self Repair","Steam","All For One","Steam Power"],"campfire_rested":1,"item_purchase_floors":[11,11,24,24],"current_hp_per_floor":[74,74,74,70,63,63,49,49,49,44,44,49,49,38,60,60,75,72,74,63,56,56,34,34,26,26,0],"gold":82,"neow_bonus":"UPGRADE_CARD","is_prod":false,"is_daily":false,"chose_seed":false,"campfire_upgraded":2,"win_rate":0,"timestamp":1532268471,"path_taken":["M","?","?","M","?","R","E","M","T","E","$","M","R","E","R","BOSS","M","?","M","?","?","E","?","E","T","E"],"build_version":"2018-07-19v2","purchased_purges":1,"victory":false,"max_hp_per_floor":[75,75,75,75,75,75,75,75,75,75,75,75,75,75,75,75,75,75,75,75,75,75,75,75,75,75,75],"card_choices":[{"not_picked":["Rebound","Gash"],"picked":"Ball Lightning","floor":1},{"not_picked":["Reprogram","Force Field"],"picked":"Static Discharge","floor":2},{"not_picked":["Buffer","Melter"],"picked":"Ball Lightning","floor":4},{"not_picked":["Double Energy","Cold Snap"],"picked":"White Noise","floor":7},{"not_picked":["Static Discharge","Beam Cell"],"picked":"Lockon","floor":8},{"not_picked":["Consume","Sweeping Beam"],"picked":"Redo","floor":10},{"not_picked":["Redo","Glacier"],"picked":"Ball Lightning","floor":12},{"not_picked":["Meteor Strike","Reprogram"],"picked":"Ball Lightning","floor":14},{"not_picked":["Core Surge","Reboot"],"picked":"Biased Cognition","floor":16},{"not_picked":["Aggregate","Darkness","Rebound"],"picked":"SKIP","floor":18},{"not_picked":["Leap","Compile Driver","Sweeping Beam+1"],"picked":"SKIP","floor":19},{"not_picked":["Ball Lightning","Darkness"],"picked":"Conserve Battery","floor":20},{"not_picked":["Fission","Chaos"],"picked":"Conserve Battery","floor":21},{"not_picked":["Cold Snap+1","Compile Driver+1"],"picked":"Ball Lightning","floor":23},{"not_picked":["Gash","Self Repair"],"picked":"Redo","floor":25}],"player_experience":107373,"relics_obtained":[{"floor":7,"key":"Oddly Smooth Stone"},{"floor":9,"key":"Omamori"},{"floor":10,"key":"Happy Flower"},{"floor":14,"key":"Dream Catcher"},{"floor":23,"key":"Ornamental Fan"},{"floor":25,"key":"Vajra"},{"floor":26,"key":"Bag of Marbles"}],"event_choices":[{"event_name":"The Cleric","player_choice":"Card Removal","floor":3,"damage_taken":0},{"event_name":"Golden Wing","player_choice":"Card Removal","floor":5,"damage_taken":0},{"event_name":"Drug Dealer","player_choice":"Ignored","floor":22,"damage_taken":0}],"is_beta":false,"boss_relics":[{"not_picked":["Eternal Feather","Philosopher\u0027s Stone"],"picked":"Astrolabe"}],"items_purged_floors":[11],"is_endless":false,"potions_floor_spawned":[2,4,7,8,21,23],"killed_by":"Slavers","ascension_level":2}