{"gold_per_floor":[19,30,30,50,63,92,17,49,117,117,127,153,169,25,25,25],"floor_reached":16,"playtime":1416,"items_purged":["Strike_R","Strike_R"],"score":134,"play_id":"976995a1-6eb8-480c-aec1-7c7eaf318c76","local_time":"20180721161700","is_ascension_mode":true,"campfire_choices":[{"data":"Clothesline","floor":10,"key":"SMITH"},{"floor":15,"key":"REST"}],"neow_cost":"NO_GOLD","seed_source_timestamp":488581739510930,"circlet_count":0,"master_deck":["Strike_R+1","Strike_R","Strike_R","Defend_R+1","Defend_R+1","Defend_R","Defend_R","Bash","Reaper","Clothesline+1","Juggernaut","Warcry","Ghostly Armor+1","Battle Trance","Ghostly Armor","Reaper","Purity"],"relics":["Burning Blood","Matryoshka","Sundial","Letter Opener","War Paint","Smiling Mask"],"potions_floor_usage":[12,12,12],"damage_taken":[{"damage":4,"enemies":"2 Louse","floor":1,"turns":3},{"damage":2,"enemies":"Jaw Worm","floor":2,"turns":5},{"damage":2,"enemies":"Cultist","floor":4,"turns":4},{"damage":6,"enemies":"Red Slaver","floor":5,"turns":5},{"damage":30,"enemies":"Gremlin Nob","floor":6,"turns":6},{"damage":15,"enemies":"Lagavulin","floor":8,"turns":8},{"damage":52,"enemies":"Gremlin Gang","floor":11,"turns":6},{"damage":17,"enemies":"3 Sentries","floor":12,"turns":6},{"damage":1,"enemies":"Looter","floor":13,"turns":4},{"damage":55,"enemies":"Hexaghost","floor":16,"turns":14}],"seed_played":"-4327770983826215071","potions_obtained":[{"floor":2,"key":"SteroidPotion"},{"floor":8,"key":"BloodPotion"},{"floor":11,"key":"Swift Potion"}],"is_trial":false,"path_per_floor":["M","M","?","M","M","E","$","E","T","R","M","E","M","$","R"],"character_chosen":"IRONCLAD","items_purchased":["Purity"],"campfire_rested":1,"item_purchase_floors":[14],"current_hp_per_floor":[80,80,64,72,76,56,56,47,47,47,13,22,27,27,51,0],"gold":25,"neow_bonus":"THREE_RARE_CARDS","is_prod":false,"is_daily":false,"chose_seed":false,"campfire_upgraded":1,"win_rate":0,"timestamp":1532215020,"path_taken":["M","M","?","M","?","E","$","E","T","R","?","E","M","$","R","BOSS"],"build_version":"2018-07-19v2","purchased_purges":2,"victory":false,"max_hp_per_floor":[80,80,80,80,80,80,80,80,80,80,80,80,80,80,80,80],"card_choices":[{"not_picked":["Berserk","Fiend Fire"],"picked":"Reaper","floor":0},{"not_picked":["Pommel Strike","Wild Strike"],"picked":"Clothesline","floor":1},{"not_picked":["Thunderclap","Disarm"],"picked":"Juggernaut","floor":2},{"not_picked":["Whirlwind","Wild Strike"],"picked":"Warcry","floor":4},{"not_picked":["Iron Wave","Twin Strike"],"picked":"Ghostly Armor","floor":5},{"not_picked":["Bloodletting","Searing Blow"],"picked":"Battle Trance","floor":6},{"not_picked":["Entrench","Thunderclap"],"picked":"Ghostly Armor","floor":8},{"not_picked":["Sever Soul","Hemokinesis","Rage"],"picked":"SKIP","floor":11},{"not_picked":["Perfected Strike","Shrug It Off"],"picked":"Reaper","floor":12},{"not_picked":["Entrench","Clothesline","Headbutt"],"picked":"SKIP","floor":13}],"player_experience":70139,"relics_obtained":[{"floor":6,"key":"Matryoshka"},{"floor":8,"key":"Sundial"},{"floor":9,"key":"Letter Opener"},{"floor":9,"key":"War Paint"},{"floor":12,"key":"Smiling Mask"}],"event_choices":[{"event_name":"Shining Light","player_choice":"Entered Light","floor":3,"damage_taken":0}],"is_beta":false,"boss_relics":[],"items_purged_floors":[7,14],"is_endless":false,"potions_floor_spawned":[2,8,11],"killed_by":"Hexaghost","ascension_level":2}