{"gold_per_floor":[115,115,115,130,149,149,174,174,174,174,12,41,51,69,69,69],"floor_reached":16,"playtime":1158,"items_purged":[],"score":215,"play_id":"ad4c16f8-1ddf-4a92-954c-7308c2897fb0","local_time":"20190321234755","is_ascension_mode":true,"campfire_choices":[{"data":"Cleave","floor":6.0,"key":"SMITH"},{"data":"Havoc","floor":8.0,"key":"SMITH"},{"data":"Shrug It Off","floor":10.0,"key":"SMITH"},{"data":"Metallicize","floor":15.0,"key":"SMITH"}],"neow_cost":"NONE","seed_source_timestamp":668539845475800,"circlet_count":0,"master_deck":["AscendersBane","Strike_R","Strike_R","Strike_R","Strike_R","Strike_R","Defend_R","Defend_R","Defend_R","Defend_R","Bash+1","Havoc+1","Shrug It Off+1","Cleave+1","True Grit","True Grit","Metallicize+1"],"special_seed":0,"relics":["Burning Blood","Shuriken","Charon\u0027s Ashes","Singing Bowl","Tiny Chest","Self Forming Clay"],"potions_floor_usage":[16],"damage_taken":[{"damage":18.0,"enemies":"Small Slimes","floor":1.0,"turns":5.0},{"damage":1.0,"enemies":"Cultist","floor":4.0,"turns":3.0},{"damage":2.0,"enemies":"Jaw Worm","floor":5.0,"turns":4.0},{"damage":39.0,"enemies":"Gremlin Nob","floor":7.0,"turns":4.0},{"damage":22.0,"enemies":"Lagavulin","floor":12.0,"turns":5.0},{"damage":11.0,"enemies":"Exordium Thugs","floor":13.0,"turns":4.0},{"damage":3.0,"enemies":"Exordium Wildlife","floor":14.0,"turns":3.0},{"damage":14,"enemies":"Hexaghost","floor":16,"turns":9}],"seed_played":"-727544026072340435","potions_obtained":[{"floor":1.0,"key":"Strength Potion"},{"floor":12.0,"key":"SpeedPotion"},{"floor":13.0,"key":"Fire Potion"}],"is_trial":false,"path_per_floor":["M","?","?","M","M","R","E","R","T","R","$","E","M","M","R","B"],"character_chosen":"IRONCLAD","items_purchased":["Tiny Chest","True Grit"],"campfire_rested":0,"item_purchase_floors":[11,11],"current_hp_per_floor":[63,52,52,57,61,61,28,28,28,28,28,12,7,12,12,0],"gold":69,"neow_bonus":"TEN_PERCENT_HP_BONUS","is_prod":false,"is_daily":false,"chose_seed":false,"campfire_upgraded":4,"win_rate":0,"timestamp":1553226475,"path_taken":["M","?","?","M","?","R","E","R","T","R","$","E","M","M","R","BOSS"],"build_version":"2019-01-23","purchased_purges":0,"victory":false,"max_hp_per_floor":[82,82,82,82,82,82,82,82,82,82,82,82,82,84,84,84],"card_choices":[{"not_picked":["Searing Blow","Rupture"],"picked":"Havoc","floor":1.0},{"not_picked":["Heavy Blade","Perfected Strike"],"picked":"Shrug It Off","floor":4.0},{"not_picked":["Heavy Blade","Corruption"],"picked":"Cleave","floor":5.0},{"not_picked":["Burning Pact","Searing Blow","Perfected Strike"],"picked":"SKIP","floor":7.0},{"not_picked":["Flex","Dark Embrace"],"picked":"True Grit","floor":12.0},{"not_picked":["Cleave","Body Slam"],"picked":"Metallicize","floor":13.0},{"not_picked":["Sword Boomerang","Dropkick","Heavy Blade"],"picked":"Singing Bowl","floor":14.0}],"player_experience":747024,"relics_obtained":[{"floor":7.0,"key":"Charon\u0027s Ashes"},{"floor":9.0,"key":"Singing Bowl"},{"floor":12.0,"key":"Self Forming Clay"}],"event_choices":[{"damage_healed":0.0,"max_hp_gain":0.0,"max_hp_loss":0.0,"gold_gain":0.0,"event_name":"Scrap Ooze","player_choice":"Success","floor":2.0,"gold_loss":0.0,"damage_taken":11.0,"relics_obtained":["Shuriken"]},{"damage_healed":0.0,"max_hp_gain":0.0,"max_hp_loss":0.0,"gold_gain":0.0,"event_name":"Upgrade Shrine","player_choice":"Upgraded","floor":3.0,"gold_loss":0.0,"damage_taken":0.0,"cards_upgraded":["Bash"]}],"is_beta":false,"boss_relics":[],"items_purged_floors":[],"is_endless":false,"potions_floor_spawned":[1,12,13,14],"killed_by":"Hexaghost","ascension_level":19}