{"gold_per_floor":[114,42,42,59,71,71,101,101,101,111,126,126,155,173,173,244,244,257,356,7,7,27,27,46,46,93,120,120,131,131,142,142,219,219,236,39,39,39],"floor_reached":39,"playtime":3114,"items_purged":["Strike_R","Strike_R"],"score":1018,"play_id":"2f5c9bc6-1577-4dc7-87f2-65411aa7b290","local_time":"20180818022343","is_ascension_mode":true,"campfire_choices":[{"data":"Hemokinesis","floor":6,"key":"SMITH"},{"data":"1","floor":12,"key":"LIFT"},{"floor":15,"key":"REST"},{"data":"Immolate","floor":23,"key":"SMITH"},{"data":"Carnage","floor":25,"key":"SMITH"},{"data":"Flame Barrier","floor":28,"key":"SMITH"},{"data":"Whirlwind","floor":30,"key":"SMITH"},{"data":"Flame Barrier","floor":32,"key":"SMITH"}],"neow_cost":"TEN_PERCENT_HP_LOSS","seed_source_timestamp":71547283496184,"circlet_count":0,"master_deck":["Strike_R","Defend_R","Defend_R","Defend_R","Bash","AscendersBane","Headbutt","Metallicize+1","Shockwave+1","Metallicize","Hemokinesis+1","Whirlwind+1","Clothesline","Burning Pact","Carnage+1","Feed","True Grit","Shrug It Off","Immolate+1","Flame Barrier+1","Flame Barrier+1","Exhume","Disarm+1","Infernal Blade+1","Shrug It Off+1","Iron Wave+1","Clothesline+1","Exhume","True Grit+1"],"relics":["Burning Blood","Prayer Wheel","Girya","Smiling Mask","Coffee Dripper","Anchor","Happy Flower","Gambling Chip","White Beast Statue","Bronze Scales"],"potions_floor_usage":[7,14,14,16,27,27,38,38],"damage_taken":[{"damage":14,"enemies":"Jaw Worm","floor":1,"turns":5},{"damage":0,"enemies":"Cultist","floor":4,"turns":4},{"damage":9,"enemies":"Small Slimes","floor":5,"turns":6},{"damage":28,"enemies":"3 Sentries","floor":7,"turns":10},{"damage":6,"enemies":"Exordium Wildlife","floor":10,"turns":2},{"damage":4,"enemies":"2 Fungi Beasts","floor":11,"turns":4},{"damage":16,"enemies":"Gremlin Nob","floor":13,"turns":3},{"damage":10,"enemies":"Large Slime","floor":14,"turns":8},{"damage":9,"enemies":"The Guardian","floor":16,"turns":10},{"damage":29,"enemies":"2 Thieves","floor":18,"turns":4},{"damage":3,"enemies":"Shell Parasite","floor":22,"turns":6},{"damage":10,"enemies":"3 Cultists","floor":24,"turns":5},{"damage":0,"enemies":"Book of Stabbing","floor":27,"turns":8},{"damage":2,"enemies":"Snecko","floor":29,"turns":5},{"damage":2,"enemies":"Shelled Parasite and Fungi","floor":31,"turns":5},{"damage":47,"enemies":"Collector","floor":33,"turns":14},{"damage":4,"enemies":"3 Darklings","floor":35,"turns":4},{"damage":49,"enemies":"Time Eater","floor":38,"turns":19}],"seed_played":"3413952669972814146","potions_obtained":[{"floor":5,"key":"Strength Potion"},{"floor":11,"key":"GamblersBrew"},{"floor":13,"key":"FearPotion"},{"floor":14,"key":"Poison Potion"},{"floor":24,"key":"Regen Potion"},{"floor":31,"key":"Energy Potion"},{"floor":35,"key":"Strength Potion"}],"is_trial":false,"path_per_floor":["M","$","?","M","M","R","E","?","T","M","M","R","E","M","R","B",null,"M","?","$","?","M","R","M","R","T","E","R","M","R","M","R","B",null,"M","$","?","B"],"character_chosen":"IRONCLAD","items_purchased":["Metallicize","Anchor","Flame Barrier","Regen Potion","Bronze Scales"],"campfire_rested":1,"item_purchase_floors":[2,20,20,20,36],"current_hp_per_floor":[60,60,60,66,63,63,41,27,27,27,29,29,19,18,39,39,65,45,45,45,45,51,51,53,53,53,89,89,92,92,92,92,51,82,84,84,84,41],"gold":39,"neow_bonus":"REMOVE_TWO","is_prod":false,"is_daily":false,"chose_seed":false,"campfire_upgraded":6,"win_rate":0,"timestamp":1534584223,"path_taken":["M","$","?","M","M","R","E","?","T","M","M","R","E","M","R","BOSS","M","?","?","?","M","R","M","R","T","E","R","M","R","?","R","BOSS","M","$","?","BOSS"],"build_version":"2018-08-16","purchased_purges":2,"victory":true,"max_hp_per_floor":[68,68,68,68,68,68,68,68,68,68,68,68,68,71,71,74,74,77,77,77,77,80,80,86,86,86,89,89,92,92,92,92,92,92,92,92,92,92],"card_choices":[{"not_picked":["Body Slam","Warcry"],"picked":"Headbutt","floor":1},{"not_picked":["Anger","Heavy Blade"],"picked":"Metallicize","floor":4},{"not_picked":["Thunderclap","Wild Strike"],"picked":"Hemokinesis","floor":5},{"not_picked":["Battle Trance","Cleave"],"picked":"Whirlwind","floor":7},{"not_picked":["Pommel Strike","Twin Strike"],"picked":"Clothesline","floor":10},{"not_picked":["Dual Wield","Cleave","Juggernaut"],"picked":"SKIP","floor":10},{"not_picked":["Clash","Body Slam"],"picked":"Burning Pact","floor":11},{"not_picked":["Cleave","Clash","Carnage"],"picked":"SKIP","floor":11},{"not_picked":["Cleave","Clash"],"picked":"Carnage","floor":11},{"not_picked":["Pummel","Pommel Strike"],"picked":"Feed","floor":13},{"not_picked":["Body Slam","Fire Breathing"],"picked":"True Grit","floor":14},{"not_picked":["Hemokinesis","Thunderclap"],"picked":"Shrug It Off","floor":14},{"not_picked":["Juggernaut","Feed"],"picked":"Immolate","floor":16},{"not_picked":["Reckless Charge","Iron Wave"],"picked":"Flame Barrier","floor":18},{"not_picked":["Flex","Cleave","Thunderclap"],"picked":"SKIP","floor":18},{"not_picked":["Armaments","Power Through"],"picked":"Exhume","floor":22},{"not_picked":["Havoc","Perfected Strike","Sentinel"],"picked":"SKIP","floor":22},{"not_picked":["Seeing Red","Warcry"],"picked":"Disarm+1","floor":24},{"not_picked":["Headbutt","Sentinel"],"picked":"Infernal Blade+1","floor":24},{"not_picked":["Combust+1","Flame Barrier"],"picked":"Shrug It Off+1","floor":27},{"not_picked":["Combust","Twin Strike"],"picked":"Iron Wave+1","floor":29},{"not_picked":["Bloodletting+1","Clash+1","Fire Breathing"],"picked":"SKIP","floor":29},{"not_picked":["Headbutt","Havoc"],"picked":"Clothesline+1","floor":31},{"not_picked":["Offering","Searing Blow","Clash"],"picked":"SKIP","floor":31},{"not_picked":["Immolate","Feed"],"picked":"Exhume","floor":33},{"not_picked":["Burning Pact+1","Anger"],"picked":"True Grit+1","floor":35},{"not_picked":["Havoc","True Grit","Power Through"],"picked":"SKIP","floor":35}],"player_experience":510921,"relics_obtained":[{"floor":7,"key":"Prayer Wheel"},{"floor":9,"key":"Girya"},{"floor":13,"key":"Smiling Mask"},{"floor":26,"key":"Happy Flower"},{"floor":27,"key":"Gambling Chip"}],"event_choices":[{"event_name":"Transmorgrifier","player_choice":"Transform","floor":3,"damage_taken":0},{"event_name":"Shining Light","player_choice":"Entered Light","floor":8,"damage_taken":0},{"event_name":"Nest","player_choice":"Stole From Cult","floor":19,"damage_taken":0},{"event_name":"The Mausoleum","player_choice":"No","floor":21,"damage_taken":0},{"event_name":"SecretPortal","player_choice":"Took Portal.","floor":37,"damage_taken":0}],"is_beta":false,"boss_relics":[{"not_picked":["Runic Dome","Lizard Tail"],"picked":"Coffee Dripper"},{"not_picked":["Tiny House","Fusion Hammer"],"picked":"White Beast Statue"}],"items_purged_floors":[20,36],"is_endless":false,"potions_floor_spawned":[5,11,13,14,24,31,35],"ascension_level":14}