{"gold_per_floor":[109,127,127,151,54,89,89,124,151,121],"floor_reached":10,"playtime":746,"items_purged":["Strike_B"],"score":129,"play_id":"f67b4b9c-4042-4dac-a2de-8127d6fb7ca4","local_time":"20180819230041","is_ascension_mode":true,"campfire_choices":[{"data":"Zap","floor":7,"key":"SMITH"}],"neow_cost":"NONE","seed_source_timestamp":234543066333208,"circlet_count":0,"master_deck":["Strike_B+1","Strike_B","Strike_B","Defend_B","Defend_B","Defend_B","Defend_B","Zap+1","Dualcast","AscendersBane","BootSequence","Tempest","Compile Driver","Undo","Compile Driver","Compile Driver+1","Loop"],"relics":["Cracked Core","Golden Idol","Centennial Puzzle","Oddly Smooth Stone","Whetstone"],"potions_floor_usage":[6],"damage_taken":[{"damage":1,"enemies":"Cultist","floor":1,"turns":4},{"damage":0,"enemies":"2 Louse","floor":2,"turns":2},{"damage":0,"enemies":"Small Slimes","floor":4,"turns":3},{"damage":18,"enemies":"Lagavulin","floor":6,"turns":9},{"damage":23,"enemies":"Gremlin Nob","floor":8,"turns":4},{"damage":13,"enemies":"Exordium Thugs","floor":10,"turns":3}],"seed_played":"7836786668721938149","potions_obtained":[{"floor":1,"key":"GamblersBrew"},{"floor":4,"key":"Poison Potion"},{"floor":8,"key":"FearPotion"}],"is_trial":false,"path_per_floor":["M","M","?","M","$","E","R","E","T"],"character_chosen":"DEFECT","items_purchased":["Compile Driver"],"campfire_rested":0,"item_purchase_floors":[5],"current_hp_per_floor":[63,63,63,63,63,45,45,22,22,9],"gold":121,"neow_bonus":"THREE_CARDS","is_prod":false,"is_daily":false,"chose_seed":false,"campfire_upgraded":1,"win_rate":0,"timestamp":1534744841,"path_taken":["M","?","?","M","?","E","R","E","T","M"],"build_version":"2018-08-16","purchased_purges":1,"victory":false,"max_hp_per_floor":[71,71,66,66,66,66,66,66,66,66],"card_choices":[{"not_picked":["Double Energy","Stack"],"picked":"BootSequence","floor":0},{"not_picked":["Steam Power","Turbo"],"picked":"Tempest","floor":1},{"not_picked":["Leap","Scrape"],"picked":"Compile Driver","floor":2},{"not_picked":["Beam Cell","Barrage"],"picked":"Undo","floor":4},{"not_picked":["Stack","Beam Cell"],"picked":"Compile Driver","floor":6},{"not_picked":["Meteor Strike","Conserve Battery"],"picked":"Loop","floor":8}],"player_experience":536368,"relics_obtained":[{"floor":6,"key":"Centennial Puzzle"},{"floor":8,"key":"Oddly Smooth Stone"},{"floor":9,"key":"Whetstone"}],"event_choices":[{"event_name":"Golden Idol","player_choice":"Lose Max HP","floor":3,"damage_taken":0}],"is_beta":false,"boss_relics":[],"items_purged_floors":[5],"is_endless":false,"potions_floor_spawned":[1,4,8],"killed_by":"Exordium Thugs","ascension_level":14}