{"gold_per_floor":[116,41,113,125,125,154,168,168,168,203,228,238,238,268,268,344,344,356,18,36,23,23,23,49,49,126,126,138,155,155,171,171,242,242,254,266,45,45,61,61,93,93,117,0,14,14,14,27,27,27,27],"floor_reached":52,"playtime":4576,"items_purged":["Defend_G"],"score":1886,"play_id":"705761f9-5e24-4d76-aba4-74d53c18b374","local_time":"20190407022918","is_ascension_mode":true,"campfire_choices":[{"data":"Neutralize","floor":8,"key":"SMITH"},{"data":"Blade Dance","floor":13,"key":"SMITH"},{"data":"Dagger Throw","floor":15,"key":"SMITH"},{"data":"Envenom","floor":23,"key":"SMITH"},{"data":"Catalyst","floor":25,"key":"SMITH"},{"data":"Cloak And Dagger","floor":30,"key":"SMITH"},{"data":"Burst","floor":32,"key":"SMITH"},{"data":"Blade Dance","floor":40,"key":"SMITH"},{"data":"Sucker Punch","floor":42,"key":"SMITH"},{"data":"Well Laid Plans","floor":46,"key":"SMITH"},{"data":"Cloak And Dagger","floor":49,"key":"SMITH"}],"neow_cost":"NONE","seed_source_timestamp":175407980171700,"circlet_count":0,"master_deck":["AscendersBane","Defend_G+1","Defend_G","Defend_G","Defend_G","Survivor","Neutralize+1","Dagger Throw+1","Terror+1","Deflect","Burst+1","Blade Dance+1","Heel Hook","Well Laid Plans+1","Envenom+1","Catalyst+1","Dodge and Roll","Sucker Punch+1","Endless Agony","Slice","Bite","Bite","Bite","Bite","Bite","Dodge and Roll+1","RitualDagger","Cloak And Dagger+1","Blade Dance+1","Escape Plan","Glass Knife","Dodge and Roll+1","PiercingWail","Bandage Up","Finesse","Good Instincts","Backflip","Backflip","Noxious Fumes+1","Cloak And Dagger+1"],"relics":["Ring of the Snake","NeowsBlessing","Ornamental Fan","Meat on the Bone","Pantograph","Juzu Bracelet","Whetstone","Matryoshka","Empty Cage","Membership Card","Happy Flower","Kunai","Question Card","White Beast Statue","Vajra","Ancient Tea Set","Strawberry","Boot","Bottled Flame","Red Mask"],"potions_floor_usage":[14,16,16,24,28,29,33,36,39,39,41,48,50],"damage_taken":[{"damage":0,"enemies":"Jaw Worm","floor":1,"turns":1},{"damage":0,"enemies":"Small Slimes","floor":4,"turns":1},{"damage":0,"enemies":"Gremlin Nob","floor":6,"turns":1},{"damage":0,"enemies":"Cultist","floor":7,"turns":3},{"damage":17,"enemies":"Lagavulin","floor":10,"turns":9},{"damage":0,"enemies":"2 Fungi Beasts","floor":12,"turns":3},{"damage":13,"enemies":"3 Sentries","floor":14,"turns":11},{"damage":29,"enemies":"Slime Boss","floor":16,"turns":11},{"damage":10,"enemies":"Shell Parasite","floor":18,"turns":7},{"damage":5,"enemies":"Chosen","floor":20,"turns":5},{"damage":16,"enemies":"Book of Stabbing","floor":24,"turns":5},{"damage":5,"enemies":"Snake Plant","floor":28,"turns":5},{"damage":31,"enemies":"Snecko","floor":29,"turns":7},{"damage":7,"enemies":"Centurion and Healer","floor":31,"turns":10},{"damage":51,"enemies":"Automaton","floor":33,"turns":15},{"damage":0,"enemies":"Orb Walker","floor":35,"turns":4},{"damage":17,"enemies":"3 Shapes","floor":36,"turns":7},{"damage":5,"enemies":"Transient","floor":39,"turns":6},{"damage":4,"enemies":"Giant Head","floor":41,"turns":5},{"damage":22,"enemies":"Maw","floor":45,"turns":9},{"damage":5,"enemies":"4 Shapes","floor":48,"turns":5},{"damage":20,"enemies":"Donu and Deca","floor":50,"turns":11},{"damage":59,"enemies":"Awakened One","floor":51,"turns":18}],"seed_played":"-1945068320345323577","potions_obtained":[{"floor":6,"key":"Energy Potion"},{"floor":10,"key":"Ancient Potion"},{"floor":12,"key":"Dexterity Potion"},{"floor":14,"key":"Fire Potion"},{"floor":18,"key":"LiquidBronze"},{"floor":20,"key":"Fire Potion"},{"floor":24,"key":"Swift Potion"},{"floor":28,"key":"Dexterity Potion"},{"floor":35,"key":"Poison Potion"},{"floor":36,"key":"Fire Potion"},{"floor":39,"key":"PowerPotion"},{"floor":41,"key":"SneckoOil"},{"floor":45,"key":"SpeedPotion"},{"floor":48,"key":"Dexterity Potion"}],"is_trial":false,"path_per_floor":["M","?","T","M","?","E","M","R","T","E","T","M","R","E","R","B",null,"M","$","M","$","?","R","E","R","T","?","M","M","R","M","R","B",null,"M","M","$","?","M","R","E","R","T","?","M","R","?","M","R","B","B",null],"character_chosen":"THE_SILENT","items_purchased":["Membership Card","GhostInAJar","Dodge and Roll","Sucker Punch","Slice","Vajra","PiercingWail","Ancient Tea Set","Weak Potion"],"campfire_rested":0,"item_purchase_floors":[19,19,19,19,21,37,37,37,37],"current_hp_per_floor":[59,59,59,59,39,39,39,39,39,34,34,34,34,33,33,41,60,50,50,45,45,45,45,36,36,36,30,35,24,24,33,33,26,41,43,29,29,19,26,26,41,41,41,41,35,35,28,29,29,48,34],"gold":27,"neow_bonus":"THREE_ENEMY_KILL","is_prod":false,"is_daily":false,"chose_seed":false,"campfire_upgraded":11,"win_rate":0,"timestamp":1554618558,"path_taken":["M","?","?","?","?","E","M","R","T","E","?","M","R","E","R","BOSS","M","$","M","$","?","R","E","R","T","?","M","M","R","M","R","BOSS","M","M","$","?","M","R","E","R","T","?","M","R","?","M","R","BOSS","BOSS"],"build_version":"2019-01-23","purchased_purges":1,"victory":true,"max_hp_per_floor":[66,66,66,66,66,66,66,66,66,66,66,66,66,66,66,66,66,66,66,66,66,46,46,46,46,46,46,46,46,46,46,46,46,46,46,46,46,46,46,46,53,53,53,53,53,53,53,53,53,53,53],"card_choices":[{"not_picked":["Deflect","Endless Agony"],"picked":"Dagger Throw","floor":1},{"not_picked":["Prepared","Eviscerate"],"picked":"Terror","floor":4},{"not_picked":["Outmaneuver","Flying Knee"],"picked":"Deflect","floor":6},{"not_picked":["Concentrate","Prepared"],"picked":"Burst","floor":7},{"not_picked":["Sucker Punch","Bouncing Flask"],"picked":"Blade Dance","floor":10},{"not_picked":["Setup","Prepared"],"picked":"Heel Hook","floor":12},{"not_picked":["Outmaneuver","PiercingWail"],"picked":"Well Laid Plans","floor":14},{"not_picked":["Venomology","Tools of the Trade"],"picked":"Envenom","floor":16},{"not_picked":["Dodge and Roll","Poisoned Stab"],"picked":"Catalyst","floor":18},{"not_picked":["Backflip","Terror"],"picked":"Endless Agony","floor":20},{"not_picked":["Deadly Poison","Riddle With Holes"],"picked":"Dodge and Roll+1","floor":24},{"not_picked":["Flechettes","Deadly Poison","Terror"],"picked":"Cloak And Dagger","floor":28},{"not_picked":["Calculated Gamble","Underhanded Strike","Outmaneuver"],"picked":"Blade Dance","floor":29},{"not_picked":["Sucker Punch","Bouncing Flask","Expertise"],"picked":"Escape Plan","floor":31},{"not_picked":["Corpse Explosion","Storm of Steel","Tools of the Trade"],"picked":"Glass Knife","floor":33},{"not_picked":["Acrobatics","Outmaneuver","Dagger Throw","Bane"],"picked":"SKIP","floor":35},{"not_picked":["Sucker Punch+1","Doppelganger","Dagger Spray"],"picked":"Dodge and Roll+1","floor":36},{"not_picked":["Dramatic Entrance","Mayhem","Sadistic Nature"],"picked":"Bandage Up","floor":38},{"not_picked":["Dark Shackles","Forethought","Impatience"],"picked":"Finesse","floor":38},{"not_picked":["Discovery","HandOfGreed","Blind"],"picked":"Good Instincts","floor":38},{"not_picked":["Bane+1","Underhanded Strike+1","Deadly Poison+1"],"picked":"Backflip","floor":39},{"not_picked":["Predator","Deadly Poison+1","Flechettes"],"picked":"Backflip","floor":41},{"not_picked":["Flying Knee","Caltrops","Acrobatics"],"picked":"Noxious Fumes+1","floor":45},{"not_picked":["Quick Slash","Acrobatics+1","Heel Hook"],"picked":"Cloak And Dagger","floor":48}],"player_experience":841475,"relics_obtained":[{"floor":3,"key":"Ornamental Fan"},{"floor":6,"key":"Meat on the Bone"},{"floor":9,"key":"Pantograph"},{"floor":10,"key":"Juzu Bracelet"},{"floor":11,"key":"Whetstone"},{"floor":14,"key":"Matryoshka"},{"floor":24,"key":"Happy Flower"},{"floor":26,"key":"Kunai"},{"floor":26,"key":"Question Card"},{"floor":41,"key":"Strawberry"},{"floor":43,"key":"Boot"},{"floor":43,"key":"Bottled Flame"}],"event_choices":[{"cards_removed":["Strike_G"],"damage_healed":0,"gold_gain":0,"player_choice":"Card Removal","damage_taken":0,"max_hp_gain":0,"max_hp_loss":0,"event_name":"The Cleric","floor":2,"gold_loss":75},{"damage_healed":0,"gold_gain":0,"player_choice":"Entered Light","damage_taken":20,"max_hp_gain":0,"max_hp_loss":0,"event_name":"Shining Light","floor":5,"gold_loss":0,"cards_upgraded":["Terror","Defend_G"]},{"damage_healed":0,"gold_gain":0,"player_choice":"Became a vampire","damage_taken":0,"max_hp_gain":0,"max_hp_loss":20,"event_name":"Vampires","floor":22,"gold_loss":0,"cards_obtained":["Bite","Bite","Bite","Bite","Bite"]},{"damage_healed":0,"gold_gain":0,"player_choice":"Joined the Cult","damage_taken":6,"max_hp_gain":0,"max_hp_loss":0,"event_name":"Nest","floor":27,"gold_loss":0,"cards_obtained":["RitualDagger"]},{"damage_healed":0,"gold_gain":0,"player_choice":"Memory 3","damage_taken":10,"max_hp_gain":0,"max_hp_loss":0,"event_name":"SensoryStone","floor":38,"gold_loss":0},{"damage_healed":0,"gold_gain":0,"player_choice":"Paid","damage_taken":0,"relics_obtained":["Red Mask"],"max_hp_gain":0,"max_hp_loss":0,"event_name":"Tomb of Lord Red Mask","floor":44,"gold_loss":117},{"damage_healed":0,"gold_gain":0,"player_choice":"Damaged","damage_taken":7,"max_hp_gain":0,"max_hp_loss":0,"event_name":"Wheel of Change","floor":47,"gold_loss":0}],"is_beta":false,"boss_relics":[{"not_picked":["Runic Pyramid","Black Star"],"picked":"Empty Cage"},{"not_picked":["Lizard Tail","Calling Bell"],"picked":"White Beast Statue"}],"items_purged_floors":[19],"is_endless":false,"potions_floor_spawned":[6,10,12,14,18,20,24,28,35,36,39,41,45,48],"ascension_level":20}