{"gold_per_floor":[209,209,47,62,81,111,0,26,26,26],"floor_reached":10,"playtime":531,"items_purged":[],"score":144,"play_id":"d6eadac7-130f-4530-bcbc-528e5b8227e8","local_time":"20181226105459","is_ascension_mode":true,"campfire_choices":[],"neow_cost":"NONE","seed_source_timestamp":0,"circlet_count":0,"master_deck":["AscendersBane","Strike_B","Strike_B","Strike_B","Defend_B","Defend_B","Defend_B","Defend_B","Zap","Dualcast","Hologram","Rebound","Panacea","Go for the Eyes","Cold Snap","Go for the Eyes","Steam"],"special_seed":0,"relics":["Cracked Core","Sundial","Frozen Egg 2"],"potions_floor_usage":[7,10],"damage_taken":[{"damage":0.0,"enemies":"2 Louse","floor":1.0,"turns":2.0},{"damage":1.0,"enemies":"Cultist","floor":4.0,"turns":3.0},{"damage":0.0,"enemies":"Small Slimes","floor":5.0,"turns":3.0},{"damage":33.0,"enemies":"Gremlin Nob","floor":6.0,"turns":6.0},{"damage":32,"enemies":"3 Sentries","floor":8,"turns":9},{"damage":4,"enemies":"Gremlin Gang","floor":10,"turns":2}],"seed_played":"-6168248992074038733","potions_obtained":[{"floor":8,"key":"SpeedPotion"}],"is_trial":false,"path_per_floor":["M","?","$","M","M","E","$","E","T","M"],"character_chosen":"DEFECT","items_purchased":["Rebound","Panacea","Fruit Juice"],"campfire_rested":0,"item_purchase_floors":[3,3,7],"current_hp_per_floor":[64,64,64,63,63,30,35,3,3,0],"gold":26,"neow_bonus":"HUNDRED_GOLD","is_prod":false,"is_daily":false,"chose_seed":false,"campfire_upgraded":0,"win_rate":0,"timestamp":1545850499,"path_taken":["M","?","$","M","M","E","$","E","T","?"],"build_version":"2018-12-20","purchased_purges":0,"victory":false,"max_hp_per_floor":[71,71,71,71,71,71,76,76,76,76],"card_choices":[{"not_picked":["Turbo","Barrage"],"picked":"Hologram","floor":1.0},{"not_picked":["Coolheaded","Hello World"],"picked":"Go for the Eyes","floor":4.0},{"not_picked":["Undo","Force Field"],"picked":"Cold Snap","floor":5.0},{"not_picked":["Conserve Battery","Steam"],"picked":"Go for the Eyes","floor":6.0},{"not_picked":["Compile Driver","Steam Power"],"picked":"Steam","floor":8}],"player_experience":710938,"relics_obtained":[{"floor":6.0,"key":"Sundial"},{"floor":8,"key":"Frozen Egg 2"}],"event_choices":[{"cards_removed":["Strike_B"],"damage_healed":0.0,"max_hp_gain":0.0,"max_hp_loss":0.0,"gold_gain":0.0,"event_name":"Bonfire Elementals","player_choice":"Offered Basic","floor":2.0,"gold_loss":0.0,"damage_taken":0.0}],"is_beta":false,"boss_relics":[],"items_purged_floors":[],"is_endless":false,"potions_floor_spawned":[8],"killed_by":"Gremlin Gang","ascension_level":18}