{"gold_per_floor":[110,36,111,111,34,63,78,112,137,137,153,153,153,172,172,273,273,285,300,74,92,92,92,121,141,141,141,153,153,168,184,184,184],"floor_reached":33,"playtime":952,"items_purged":[],"score":378,"play_id":"6760ec12-b48a-4c83-8094-aa2dc6565ced","local_time":"20190413142340","is_ascension_mode":true,"campfire_choices":[{"floor":10,"key":"REST"},{"floor":13,"key":"REST"},{"data":"Catalyst","floor":15,"key":"SMITH"},{"floor":23,"key":"REST"},{"floor":27,"key":"REST"},{"floor":29,"key":"REST"},{"floor":32,"key":"REST"}],"neow_cost":"NONE","seed_source_timestamp":67932206977522,"circlet_count":0,"master_deck":["Defend_G+1","Defend_G","Defend_G","Defend_G","Defend_G","Strike_G","Strike_G+1","Strike_G","Strike_G+1","Strike_G+1","Survivor","Neutralize","Deadly Poison+1","Flying Knee","Prepared","Bane","Outmaneuver","Catalyst+1","Dodge and Roll","Bane","Corpse Explosion","Poisoned Stab+1","Poisoned Stab","Deadly Poison","Poisoned Stab","Dodge and Roll","Trip","Blur+1","Leg Sweep","Dash","Bane","Dodge and Roll","Backstab"],"relics":["NeowsBlessing","Gremlin Horn","Peace Pipe","Snake Skull","War Paint","Vajra","Sozu","Nloth\u0027s Gift","Whetstone","PreservedInsect"],"potions_floor_usage":[16,16,24],"damage_taken":[{"damage":0,"enemies":"Jaw Worm","floor":1,"turns":1},{"damage":0,"enemies":"Lagavulin","floor":6,"turns":1},{"damage":0,"enemies":"Small Slimes","floor":7,"turns":1},{"damage":34,"enemies":"Gremlin Nob","floor":8,"turns":4},{"damage":0,"enemies":"Cultist","floor":11,"turns":2},{"damage":1,"enemies":"Blue Slaver","floor":14,"turns":4},{"damage":47,"enemies":"Slime Boss","floor":16,"turns":11},{"damage":7,"enemies":"Shell Parasite","floor":18,"turns":3},{"damage":10,"enemies":"2 Thieves","floor":19,"turns":3},{"damage":14,"enemies":"3 Cultists","floor":21,"turns":6},{"damage":24,"enemies":"Slavers","floor":24,"turns":6},{"damage":0,"enemies":"Cultist and Chosen","floor":25,"turns":4},{"damage":20,"enemies":"Centurion and Healer","floor":28,"turns":4},{"damage":11,"enemies":"3 Cultists","floor":30,"turns":6},{"damage":9,"enemies":"Snecko","floor":31,"turns":5},{"damage":61,"enemies":"Collector","floor":33,"turns":6}],"seed_played":"9033271121840430568","potions_obtained":[{"floor":6,"key":"Strength Potion"},{"floor":8,"key":"Strength Potion"},{"floor":16,"key":"Swift Potion"}],"is_trial":false,"path_per_floor":["M","$","?","T","?","E","M","E","T","R","M","?","R","M","R","B",null,"M","M","$","M","?","R","E","M","T","R","M","R","M","M","R","B"],"character_chosen":"THE_SILENT","items_purchased":["Flying Knee","Prepared","Deadly Poison","Poisoned Stab","Dodge and Roll","Trip"],"campfire_rested":6,"item_purchase_floors":[2,2,20,20,20,20],"current_hp_per_floor":[70,70,59,59,59,59,59,25,25,46,46,32,53,52,52,5,54,47,37,37,23,23,44,20,20,20,41,21,42,31,22,43,0],"gold":184,"neow_bonus":"THREE_ENEMY_KILL","is_prod":false,"is_daily":false,"chose_seed":false,"campfire_upgraded":1,"win_rate":0,"timestamp":1555183420,"path_taken":["M","$","?","?","?","E","M","E","T","R","?","?","R","M","R","BOSS","M","M","$","M","?","R","E","M","T","R","M","R","M","M","R","BOSS"],"build_version":"2019-01-23","purchased_purges":0,"victory":false,"max_hp_per_floor":[70,70,70,70,70,70,70,70,70,70,70,70,70,70,70,70,70,70,70,70,70,70,70,70,70,70,70,70,70,70,70,70,70],"card_choices":[{"not_picked":["Outmaneuver","Bane"],"picked":"Deadly Poison","floor":1},{"not_picked":["Dagger Throw","Calculated Gamble"],"picked":"Bane","floor":6},{"not_picked":["PiercingWail","Concentrate"],"picked":"Outmaneuver","floor":7},{"not_picked":["Escape Plan","Masterful Stab"],"picked":"Catalyst","floor":8},{"not_picked":["Blade Dance","Underhanded Strike"],"picked":"Dodge and Roll","floor":11},{"not_picked":["PiercingWail","Sucker Punch"],"picked":"Bane","floor":14},{"not_picked":["Doppelganger","Wraith Form v2"],"picked":"Corpse Explosion","floor":16},{"not_picked":["Underhanded Strike","Well Laid Plans"],"picked":"Poisoned Stab","floor":18},{"not_picked":["Underhanded Strike","All Out Attack"],"picked":"Poisoned Stab","floor":19},{"not_picked":["Endless Agony+1","Sucker Punch+1"],"picked":"Blur+1","floor":21},{"not_picked":["Quick Slash","Storm of Steel"],"picked":"Leg Sweep","floor":24},{"not_picked":["Backflip","Bane"],"picked":"Dash","floor":25},{"not_picked":["Sucker Punch","Heel Hook"],"picked":"Bane","floor":28},{"not_picked":["Wraith Form v2","Blade Dance"],"picked":"Dodge and Roll","floor":30},{"not_picked":["Blade Dance","Caltrops+1"],"picked":"Backstab","floor":31}],"player_experience":816601,"relics_obtained":[{"floor":4,"key":"Gremlin Horn"},{"floor":6,"key":"Snake Skull"},{"floor":8,"key":"War Paint"},{"floor":9,"key":"Vajra"},{"floor":24,"key":"Whetstone"},{"floor":26,"key":"PreservedInsect"}],"event_choices":[{"damage_healed":0,"gold_gain":75,"player_choice":"Gather Gold","damage_taken":11,"max_hp_gain":0,"max_hp_loss":0,"event_name":"World of Goop","floor":3,"gold_loss":0},{"damage_healed":0,"gold_gain":0,"player_choice":"Paid Gold","damage_taken":0,"relics_obtained":["Peace Pipe"],"max_hp_gain":0,"max_hp_loss":0,"event_name":"WeMeetAgain","floor":5,"gold_loss":77},{"damage_healed":0,"gold_gain":0,"player_choice":"Entered Light","damage_taken":14,"max_hp_gain":0,"max_hp_loss":0,"event_name":"Shining Light","floor":12,"gold_loss":0,"cards_upgraded":["Strike_G","Strike_G"]},{"damage_healed":0,"gold_gain":0,"player_choice":"Traded Relic","damage_taken":0,"relics_obtained":["Nloth\u0027s Gift"],"max_hp_gain":0,"max_hp_loss":0,"event_name":"N\u0027loth","floor":22,"relics_lost":["Ring of the Snake"],"gold_loss":0}],"is_beta":false,"boss_relics":[{"not_picked":["Ectoplasm","Ring of the Serpent"],"picked":"Sozu"}],"items_purged_floors":[],"is_endless":false,"potions_floor_spawned":[6,8,16,18,25,31],"killed_by":"Collector","ascension_level":5}