{"gold_per_floor":[115,130,130,145,16,16,16,16,43,43,57,57,71,21,21,21],"floor_reached":16,"playtime":2020,"items_purged":["Strike_G","Strike_G"],"score":125,"play_id":"b0852db0-da17-43d6-a3ab-ce4fa10797ab","local_time":"20190127220307","is_ascension_mode":true,"campfire_choices":[{"data":"Underhanded Strike","floor":6,"key":"SMITH"},{"floor":8,"key":"REST"},{"floor":15,"key":"REST"}],"neow_cost":"NONE","seed_source_timestamp":408838757140311,"circlet_count":0,"master_deck":["Defend_G","Defend_G","Defend_G","Defend_G","Defend_G","Strike_G","Strike_G","Strike_G","Survivor","Neutralize","Flying Knee","Blur","Leg Sweep","Underhanded Strike+1","Flechettes","Blind","All Out Attack","Skewer"],"relics":["HoveringKite","Smiling Mask"],"potions_floor_usage":[7,16,16],"damage_taken":[{"damage":9,"enemies":"Small Slimes","floor":1,"turns":7},{"damage":15,"enemies":"Cultist","floor":2,"turns":7},{"damage":1,"enemies":"2 Louse","floor":4,"turns":4},{"damage":40,"enemies":"3 Sentries","floor":7,"turns":9},{"damage":3,"enemies":"2 Fungi Beasts","floor":11,"turns":6},{"damage":5,"enemies":"Large Slime","floor":13,"turns":11},{"damage":46,"enemies":"Slime Boss","floor":16,"turns":10}],"seed_played":"-8306227308407082543","potions_obtained":[{"floor":1,"key":"Weak Potion"},{"floor":4,"key":"SmokeBomb"},{"floor":11,"key":"EssenceOfSteel"}],"is_trial":false,"path_per_floor":["M","M","?","M","$","R","E","R","T","?","M","$","M","$","R","B"],"character_chosen":"THE_SILENT","items_purchased":["Underhanded Strike"],"campfire_rested":2,"item_purchase_floors":[5],"current_hp_per_floor":[61,46,46,45,45,45,5,26,26,26,23,23,18,18,39,0],"gold":21,"neow_bonus":"BOSS_RELIC","is_prod":false,"is_daily":false,"chose_seed":false,"campfire_upgraded":1,"win_rate":0,"timestamp":1548648187,"path_taken":["M","M","?","M","$","R","E","R","T","?","?","$","M","?","R","BOSS"],"build_version":"2019-01-23","purchased_purges":2,"victory":false,"max_hp_per_floor":[70,70,70,70,70,70,70,70,70,70,70,70,70,70,70,70],"card_choices":[{"not_picked":["Masterful Stab","Setup"],"picked":"Flying Knee","floor":1},{"not_picked":["Quick Slash","Deadly Poison"],"picked":"Blur","floor":2},{"not_picked":["Prepared","Dagger Throw"],"picked":"Leg Sweep","floor":4},{"not_picked":["Footwork","Sucker Punch"],"picked":"All Out Attack","floor":11},{"not_picked":["Flying Knee","Prepared"],"picked":"Skewer","floor":13}],"player_experience":734603,"relics_obtained":[{"floor":9,"key":"Smiling Mask"}],"event_choices":[{"damage_healed":0,"gold_gain":0,"player_choice":"Ignored","damage_taken":0,"max_hp_gain":0,"max_hp_loss":0,"event_name":"Shining Light","floor":3,"gold_loss":0},{"damage_healed":0,"gold_gain":0,"player_choice":"2 cards matched","damage_taken":0,"max_hp_gain":0,"max_hp_loss":0,"event_name":"Match and Keep!","floor":10,"gold_loss":0,"cards_obtained":["Flechettes","Blind"]}],"is_beta":false,"boss_relics":[],"items_purged_floors":[5,14],"is_endless":false,"potions_floor_spawned":[1,4,7,11],"killed_by":"Slime Boss","ascension_level":5}