{"gold_per_floor":[362,287,297,316,16,16,49,61,99,111,148,160,189,219,231,243],"floor_reached":16,"playtime":969,"items_purged":[],"score":220,"play_id":"29f17181-b194-4f89-9d47-9803744404d3","local_time":"20190403002409","is_ascension_mode":true,"campfire_choices":[{"data":"Bash","floor":6,"key":"SMITH"},{"data":"Cleave","floor":8,"key":"SMITH"},{"data":"Anger","floor":10,"key":"SMITH"},{"data":"Metallicize","floor":15,"key":"SMITH"}],"neow_cost":"TEN_PERCENT_HP_LOSS","seed_source_timestamp":1711687053702900,"circlet_count":0,"master_deck":["AscendersBane","Strike_R","Strike_R","Strike_R","Strike_R","Defend_R","Defend_R","Defend_R","Defend_R","Bash+1","Cleave+1","Heavy Blade","Anger+1","Sword Boomerang","Shockwave","True Grit+1","Metallicize+1"],"relics":["Burning Blood","Singing Bowl","MawBank","Centennial Puzzle","Bag of Preparation"],"potions_floor_usage":[7,7,16,16],"damage_taken":[{"damage":6,"enemies":"Cultist","floor":1,"turns":3},{"damage":5,"enemies":"Small Slimes","floor":3,"turns":4},{"damage":9,"enemies":"Jaw Worm","floor":4,"turns":4},{"damage":15,"enemies":"Lagavulin","floor":7,"turns":5},{"damage":8,"enemies":"Gremlin Nob","floor":11,"turns":3},{"damage":0,"enemies":"2 Fungi Beasts","floor":13,"turns":2},{"damage":15,"enemies":"Exordium Thugs","floor":14,"turns":5},{"damage":53,"enemies":"The Guardian","floor":16,"turns":15}],"seed_played":"-4342247588169330491","potions_obtained":[{"floor":3,"key":"SkillPotion"},{"floor":4,"key":"AttackPotion"},{"floor":11,"key":"EssenceOfSteel"},{"floor":14,"key":"SkillPotion"}],"is_trial":false,"path_per_floor":["M","?","M","M","$","R","E","R","T","R","E","?","M","M","R","B"],"character_chosen":"IRONCLAD","items_purchased":["Singing Bowl","Sword Boomerang"],"campfire_rested":0,"item_purchase_floors":[5,5],"current_hp_per_floor":[68,68,68,65,65,65,56,56,56,56,54,54,60,53,53,0],"gold":243,"neow_bonus":"TWO_FIFTY_GOLD","is_prod":false,"is_daily":false,"chose_seed":false,"campfire_upgraded":4,"win_rate":0,"timestamp":1554265449,"path_taken":["M","?","M","M","$","R","E","R","T","R","E","?","M","M","R","BOSS"],"build_version":"2019-01-23","purchased_purges":0,"victory":false,"max_hp_per_floor":[68,68,68,68,68,68,68,68,68,68,68,68,68,70,70,70],"card_choices":[{"not_picked":["Rage","Intimidate"],"picked":"Cleave","floor":1},{"not_picked":["Blood for Blood","Searing Blow"],"picked":"Heavy Blade","floor":3},{"not_picked":["True Grit","Seeing Red"],"picked":"Anger","floor":4},{"not_picked":["Searing Blow","Dropkick"],"picked":"Shockwave","floor":7},{"not_picked":["Infernal Blade","Clash"],"picked":"True Grit","floor":11},{"not_picked":["Body Slam","Heavy Blade"],"picked":"Metallicize","floor":13},{"not_picked":["Feel No Pain","Body Slam","Perfected Strike"],"picked":"Singing Bowl","floor":14}],"player_experience":792885,"relics_obtained":[{"floor":7,"key":"MawBank"},{"floor":9,"key":"Centennial Puzzle"},{"floor":11,"key":"Bag of Preparation"}],"event_choices":[{"cards_removed":["Strike_R"],"damage_healed":0,"gold_gain":0,"player_choice":"Card Removal","damage_taken":0,"max_hp_gain":0,"max_hp_loss":0,"event_name":"The Cleric","floor":2,"gold_loss":75},{"damage_healed":0,"gold_gain":0,"player_choice":"Grow","damage_taken":0,"max_hp_gain":0,"max_hp_loss":0,"event_name":"Living Wall","floor":12,"gold_loss":0,"cards_upgraded":["True Grit"]}],"is_beta":false,"boss_relics":[],"items_purged_floors":[],"is_endless":false,"potions_floor_spawned":[3,4,11,14],"killed_by":"The Guardian","ascension_level":20}