{"gold_per_floor":[113,113,63,63,9,9,9,9,90,102,112,112,24,41,41,136,136,155,80,179,2,20,55,55,55,55,65,65,65,84,2,2,2],"floor_reached":33,"playtime":2406,"items_purged":["Pain","Regret"],"score":364,"play_id":"7b7d8353-8cdb-4917-be87-46952fc55543","local_time":"20190412225421","is_ascension_mode":true,"campfire_choices":[{"data":"Dagger Spray","floor":6,"key":"SMITH"},{"data":"Survivor","floor":8,"key":"SMITH"},{"data":"Noxious Fumes","floor":12,"key":"SMITH"},{"data":"Footwork","floor":15,"key":"SMITH"},{"data":"Glass Knife","floor":28,"key":"SMITH"},{"data":"Footwork","floor":32,"key":"SMITH"}],"neow_cost":"NONE","seed_source_timestamp":54267075280068,"circlet_count":0,"master_deck":["Defend_G","Defend_G","Defend_G","Defend_G","Defend_G","Survivor+1","Neutralize+1","Dagger Spray+1","Backflip+1","Noxious Fumes+1","Cloak And Dagger","Footwork+1","Deflect","Venomology","Tools of the Trade","Injury","Leg Sweep","Footwork+1","Bane+1","Glass Knife+1","Shame","Deflect+1","Bite","Bite","Bite","Bite","Bite","Dodge and Roll+1","Corpse Explosion+1"],"relics":["Ring of the Snake","Whetstone","Mercury Hourglass","Meat on the Bone","Calling Bell","Lantern","Gremlin Horn","The Specimen","Anchor","Toxic Egg 2","FossilizedHelix"],"potions_floor_usage":[16,16,18,18,18,18,18,22,22,22,23,23,25,25,33,33,33],"damage_taken":[{"damage":0,"enemies":"Small Slimes","floor":1,"turns":4},{"damage":0,"enemies":"Jaw Worm","floor":10,"turns":3},{"damage":0,"enemies":"Cultist","floor":11,"turns":3},{"damage":0,"enemies":"2 Fungi Beasts","floor":14,"turns":3},{"damage":7,"enemies":"Slime Boss","floor":16,"turns":10},{"damage":6,"enemies":"Chosen","floor":18,"turns":5},{"damage":0,"enemies":"Spheric Guardian","floor":22,"turns":7},{"damage":23,"enemies":"Slavers","floor":23,"turns":6},{"damage":13,"enemies":"Book of Stabbing","floor":25,"turns":5},{"damage":6,"enemies":"Centurion and Healer","floor":27,"turns":8},{"damage":8,"enemies":"Snake Plant","floor":30,"turns":6},{"damage":59,"enemies":"Collector","floor":33,"turns":9}],"seed_played":"-5026719693018045697","potions_obtained":[{"floor":10,"key":"EssenceOfSteel"},{"floor":11,"key":"LiquidBronze"},{"floor":14,"key":"Fire Potion"},{"floor":18,"key":"SpeedPotion"},{"floor":23,"key":"SmokeBomb"}],"is_trial":false,"path_per_floor":["M","?","?","T","$","R","?","R","T","M","M","R","$","M","R","B",null,"M","$","?","$","M","E","?","E","T","M","R","?","M","$","R","B"],"character_chosen":"THE_SILENT","items_purchased":["Backflip","Footwork","Deflect","Footwork","Corpse Explosion+1"],"campfire_rested":0,"item_purchase_floors":[5,13,13,21,31],"current_hp_per_floor":[70,63,63,63,63,63,63,63,63,63,63,63,63,63,63,56,67,61,61,61,61,61,38,38,39,39,45,45,45,47,47,47,0],"gold":2,"neow_bonus":"RANDOM_COMMON_RELIC","is_prod":false,"is_daily":false,"chose_seed":false,"campfire_upgraded":6,"win_rate":0,"timestamp":1555127661,"path_taken":["M","?","?","?","$","R","?","R","T","M","M","R","$","M","R","BOSS","M","?","?","?","?","E","?","E","T","M","R","?","M","$","R","BOSS"],"build_version":"2019-01-23","purchased_purges":2,"victory":false,"max_hp_per_floor":[70,70,70,70,70,70,70,70,70,70,70,70,70,70,70,70,70,70,70,70,70,70,70,70,70,70,70,70,49,49,49,49,49],"card_choices":[{"not_picked":["Dodge and Roll","Flechettes"],"picked":"Dagger Spray","floor":1},{"not_picked":["Tactician","Dagger Spray"],"picked":"Noxious Fumes","floor":10},{"not_picked":["Acrobatics","Deadly Poison"],"picked":"Cloak And Dagger","floor":11},{"not_picked":["Flying Knee","Dagger Spray"],"picked":"Venomology","floor":14},{"not_picked":["Storm of Steel","Phantasmal Killer"],"picked":"Tools of the Trade","floor":16},{"not_picked":["Quick Slash","Bane+1"],"picked":"Leg Sweep","floor":18},{"not_picked":["Underhanded Strike","Skewer+1"],"picked":"Bane+1","floor":22},{"not_picked":["Well Laid Plans+1","Dagger Spray"],"picked":"Glass Knife","floor":23},{"not_picked":["Riddle With Holes","Quick Slash"],"picked":"Deflect+1","floor":27},{"not_picked":["Well Laid Plans","Underhanded Strike+1"],"picked":"Dodge and Roll+1","floor":30}],"player_experience":810709,"relics_obtained":[{"floor":4,"key":"Mercury Hourglass"},{"floor":9,"key":"Meat on the Bone"},{"floor":17,"key":"Lantern"},{"floor":17,"key":"Gremlin Horn"},{"floor":17,"key":"The Specimen"},{"floor":23,"key":"Anchor"},{"floor":26,"key":"FossilizedHelix"}],"event_choices":[{"cards_removed":["Strike_G"],"damage_healed":0,"gold_gain":0,"player_choice":"Card Removal","damage_taken":7,"max_hp_gain":0,"max_hp_loss":0,"event_name":"Golden Wing","floor":2,"gold_loss":0},{"cards_removed":["Strike_G"],"damage_healed":0,"gold_gain":0,"player_choice":"Card Removal","damage_taken":0,"max_hp_gain":0,"max_hp_loss":0,"event_name":"The Cleric","floor":3,"gold_loss":50},{"damage_healed":0,"gold_gain":0,"player_choice":"Upgraded","damage_taken":0,"max_hp_gain":0,"max_hp_loss":0,"event_name":"Upgrade Shrine","floor":7,"gold_loss":0,"cards_upgraded":["Backflip"]},{"damage_healed":0,"gold_gain":99,"player_choice":"Stole From Cult","damage_taken":0,"max_hp_gain":0,"max_hp_loss":0,"event_name":"Nest","floor":20,"gold_loss":0},{"damage_healed":0,"gold_gain":0,"player_choice":"Stole Relic","damage_taken":0,"relics_obtained":["Toxic Egg 2"],"max_hp_gain":0,"max_hp_loss":0,"event_name":"Addict","floor":24,"gold_loss":0,"cards_obtained":["Shame"]},{"damage_healed":0,"gold_gain":0,"player_choice":"Became a vampire","damage_taken":0,"max_hp_gain":0,"max_hp_loss":21,"event_name":"Vampires","floor":29,"gold_loss":0,"cards_obtained":["Bite","Bite","Bite","Bite","Bite"]}],"is_beta":false,"boss_relics":[{"not_picked":["Coffee Dripper","Eternal Feather"],"picked":"Calling Bell"}],"items_purged_floors":[19,21],"is_endless":false,"potions_floor_spawned":[10,11,14,18,23],"killed_by":"Collector","ascension_level":5}