{"gold_per_floor":[113,113,113,288,84,84,104,104,184,200,227,227,267,279,291,426,438,475,510,70,70,86,86,147,147,197,233,246,246,246,246,246,369,369,385,410,423,10,10,10],"floor_reached":40,"playtime":1664,"items_purged":["Regret","Dagger Spray"],"score":579,"play_id":"116bcb13-0fde-4a63-8b85-53f4a2cfe34a","local_time":"20190403212248","is_ascension_mode":true,"campfire_choices":[{"data":"Blur","floor":6,"key":"SMITH"},{"data":"Caltrops","floor":8,"key":"SMITH"},{"floor":15,"key":"REST"},{"floor":23,"key":"REST"},{"floor":25,"key":"REST"},{"floor":29,"key":"REST"},{"data":"Burst","floor":32,"key":"SMITH"}],"neow_cost":"CURSE","seed_source_timestamp":1226206984443937,"circlet_count":0,"master_deck":["Survivor","Neutralize","Blur+1","Doubt","Backflip","Well Laid Plans","Caltrops+1","Deadly Poison","Blur","Corpse Explosion+1","Cloak And Dagger","Adrenaline","Bouncing Flask","Unload","Envenom+1","Terror+1","Bane","Endless Agony","Escape Plan","Bane","Deflect+1","Setup","Envenom+1","Outmaneuver","Noxious Fumes+1","Endless Agony+1","Caltrops+1","Deadly Poison","Deadly Poison+1","Burst+1","Sucker Punch","Envenom+1","Crippling Poison+1","Acrobatics+1","Noxious Fumes+1","Prepared"],"relics":["Ring of the Snake","Ginger","Golden Idol","Anchor","Mercury Hourglass","Dream Catcher","MawBank","Frozen Egg 2","Pandora\u0027s Box","Thread and Needle","MutagenicStrength","Tiny Chest","Potion Belt","War Paint","Pantograph","HoveringKite","Regal Pillow","TwistedFunnel","Mango"],"potions_floor_usage":[27,27,40],"damage_taken":[{"damage":4,"enemies":"Small Slimes","floor":1,"turns":4},{"damage":0,"enemies":"2 Louse","floor":7,"turns":4},{"damage":0,"enemies":"Cultist","floor":10,"turns":3},{"damage":28,"enemies":"Gremlin Nob","floor":13,"turns":5},{"damage":25,"enemies":"Hexaghost","floor":16,"turns":13},{"damage":19,"enemies":"Spheric Guardian","floor":18,"turns":4},{"damage":0,"enemies":"Chosen","floor":19,"turns":4},{"damage":0,"enemies":"3 Cultists","floor":22,"turns":2},{"damage":27,"enemies":"Gremlin Leader","floor":24,"turns":6},{"damage":19,"enemies":"Slavers","floor":27,"turns":3},{"damage":4,"enemies":"Snake Plant","floor":28,"turns":3},{"damage":43,"enemies":"Automaton","floor":33,"turns":8},{"damage":19,"enemies":"3 Darklings","floor":35,"turns":4},{"damage":0,"enemies":"Orb Walker","floor":37,"turns":3},{"damage":53,"enemies":"Giant Head","floor":40,"turns":6}],"seed_played":"-1708970627522298857","potions_obtained":[{"floor":1,"key":"FearPotion"},{"floor":7,"key":"Block Potion"},{"floor":10,"key":"SpeedPotion"},{"floor":19,"key":"Explosive Potion"},{"floor":27,"key":"Dexterity Potion"},{"floor":37,"key":"FearPotion"}],"is_trial":false,"path_per_floor":["M","?","?","?","$","R","M","R","T","M","T","?","E","T","R","B",null,"M","M","$","?","M","R","E","R","T","E","M","R","T","?","R","B",null,"M","T","M","$","T","E"],"character_chosen":"THE_SILENT","items_purchased":["Backflip","Well Laid Plans","Envenom+1","Thread and Needle","TwistedFunnel","Noxious Fumes+1","Prepared"],"campfire_rested":4,"item_purchase_floors":[5,5,20,20,38,38,38],"current_hp_per_floor":[66,49,49,49,49,49,49,49,49,49,49,42,14,14,34,9,53,34,34,34,34,34,54,27,47,47,28,24,44,44,44,44,24,56,37,37,37,37,51,0],"gold":10,"neow_bonus":"ONE_RARE_RELIC","is_prod":false,"is_daily":false,"chose_seed":false,"campfire_upgraded":3,"win_rate":0,"timestamp":1554344568,"path_taken":["M","?","?","?","$","R","M","R","T","M","?","?","E","?","R","BOSS","M","M","$","?","M","R","E","R","T","E","M","R","?","?","R","BOSS","M","?","M","$","?","E"],"build_version":"2019-01-23","purchased_purges":2,"victory":false,"max_hp_per_floor":[70,70,70,70,70,70,70,70,70,70,70,67,67,67,67,67,67,67,67,67,67,67,67,67,67,67,67,67,67,67,67,67,67,67,67,67,67,67,81,81],"card_choices":[{"not_picked":["Backstab","Heel Hook"],"picked":"Blur","floor":1},{"not_picked":["Acrobatics","Cloak And Dagger"],"picked":"Caltrops","floor":7},{"not_picked":["Terror","Accuracy"],"picked":"Deadly Poison","floor":10},{"not_picked":["Backflip","Setup"],"picked":"Blur","floor":13},{"not_picked":["Die Die Die","Burst"],"picked":"Corpse Explosion","floor":16},{"not_picked":["Outmaneuver+1","Dagger Throw"],"picked":"Deflect+1","floor":18},{"not_picked":["Acrobatics","Outmaneuver"],"picked":"Setup","floor":19},{"not_picked":["PiercingWail","Tactician"],"picked":"Outmaneuver","floor":22},{"not_picked":["Predator","PiercingWail+1"],"picked":"Dagger Spray","floor":23},{"not_picked":["Outmaneuver","Backstab+1"],"picked":"Noxious Fumes+1","floor":24},{"not_picked":["Wraith Form v2+1","Accuracy+1"],"picked":"Endless Agony+1","floor":25},{"not_picked":["Quick Slash","Dash+1"],"picked":"Caltrops+1","floor":27},{"not_picked":["Deflect","Outmaneuver"],"picked":"Deadly Poison","floor":28},{"not_picked":["Dodge and Roll+1","Blade Dance"],"picked":"Deadly Poison+1","floor":29},{"not_picked":["Tools of the Trade+1","Grand Finale"],"picked":"Envenom+1","floor":33},{"not_picked":["Blur","Underhanded Strike"],"picked":"Crippling Poison+1","floor":35},{"not_picked":["PiercingWail+1","Masterful Stab+1"],"picked":"Acrobatics+1","floor":37}],"player_experience":788013,"relics_obtained":[{"floor":9,"key":"Mercury Hourglass"},{"floor":11,"key":"Dream Catcher"},{"floor":13,"key":"MawBank"},{"floor":14,"key":"Frozen Egg 2"},{"floor":24,"key":"Tiny Chest"},{"floor":26,"key":"Potion Belt"},{"floor":27,"key":"War Paint"},{"floor":30,"key":"Pantograph"},{"floor":36,"key":"Regal Pillow"},{"floor":39,"key":"Mango"}],"event_choices":[{"damage_healed":0,"gold_gain":0,"player_choice":"Take Damage","damage_taken":17,"relics_obtained":["Golden Idol"],"max_hp_gain":0,"max_hp_loss":0,"event_name":"Golden Idol","floor":2,"gold_loss":0},{"damage_healed":0,"gold_gain":0,"player_choice":"Box","damage_taken":0,"relics_obtained":["Anchor"],"max_hp_gain":0,"max_hp_loss":0,"event_name":"Big Fish","floor":3,"gold_loss":0,"cards_obtained":["Regret"]},{"damage_healed":0,"gold_gain":175,"player_choice":"AGREE","damage_taken":0,"max_hp_gain":0,"max_hp_loss":0,"event_name":"Liars Game","floor":4,"gold_loss":0,"cards_obtained":["Doubt"]},{"cards_removed":["Parasite"],"damage_healed":0,"gold_gain":0,"player_choice":"Card Removal","damage_taken":7,"max_hp_gain":0,"max_hp_loss":0,"event_name":"Golden Wing","floor":12,"gold_loss":0},{"damage_healed":0,"gold_gain":0,"player_choice":"Inject Mutagens","damage_taken":0,"relics_obtained":["MutagenicStrength"],"max_hp_gain":0,"max_hp_loss":0,"event_name":"Drug Dealer","floor":21,"gold_loss":0},{"damage_healed":0,"gold_gain":0,"player_choice":"2 cards matched","damage_taken":0,"max_hp_gain":0,"max_hp_loss":0,"event_name":"Match and Keep!","floor":31,"gold_loss":0,"cards_obtained":["Burst","Sucker Punch"]}],"is_beta":false,"boss_relics":[{"not_picked":["Fusion Hammer","Empty Cage"],"picked":"Pandora\u0027s Box"},{"not_picked":["Orrery","Sozu"],"picked":"HoveringKite"}],"items_purged_floors":[5,38],"is_endless":false,"potions_floor_spawned":[1,7,10,19,24,27,37],"killed_by":"Giant Head","ascension_level":5}