{"gold_per_floor":[118,118,118,141,157,157,157,197,197,197,111,126,126,157,157,157],"floor_reached":16,"playtime":838,"items_purged":[],"score":205,"play_id":"a2776e9a-e1d0-4493-a72f-02372848d081","local_time":"20181224004236","is_ascension_mode":true,"campfire_choices":[{"data":"Bash","floor":6,"key":"SMITH"},{"data":"Havoc","floor":10,"key":"SMITH"},{"data":"Clothesline","floor":13,"key":"SMITH"},{"floor":15,"key":"REST"}],"neow_cost":"NONE","seed_source_timestamp":224797524274322,"circlet_count":0,"master_deck":["AscendersBane","Strike_R","Strike_R","Strike_R","Strike_R","Defend_R","Defend_R","Defend_R","Defend_R","Bash+1","Twin Strike","Havoc+1","Pommel Strike","Pommel Strike","Pummel","Clothesline+1","Disarm"],"relics":["Burning Blood","Golden Idol","Bottled Lightning","Gremlin Horn","Boot"],"potions_floor_usage":[8,8,8,16],"damage_taken":[{"damage":3,"enemies":"2 Louse","floor":1,"turns":3},{"damage":4,"enemies":"Small Slimes","floor":4,"turns":4},{"damage":1,"enemies":"Cultist","floor":5,"turns":3},{"damage":25,"enemies":"3 Sentries","floor":8,"turns":10},{"damage":1,"enemies":"Lots of Slimes","floor":12,"turns":4},{"damage":30,"enemies":"Lagavulin","floor":14,"turns":6},{"damage":39,"enemies":"Hexaghost","floor":16,"turns":11}],"seed_played":"7292367818509941207","potions_obtained":[{"floor":1,"key":"Fire Potion"},{"floor":4,"key":"EssenceOfSteel"},{"floor":5,"key":"EntropicBrew"}],"is_trial":false,"path_per_floor":["M","?","?","M","M","R","?","E","T","R","$","M","R","E","R","B"],"character_chosen":"IRONCLAD","items_purchased":["Pummel"],"campfire_rested":1,"item_purchase_floors":[11],"current_hp_per_floor":[78,50,43,45,50,50,50,31,31,31,31,36,36,12,36,0],"gold":157,"neow_bonus":"TEN_PERCENT_HP_BONUS","is_prod":false,"is_daily":false,"chose_seed":false,"campfire_upgraded":3,"win_rate":0,"timestamp":1545640956,"path_taken":["M","?","?","M","M","R","?","E","T","R","$","M","R","E","R","BOSS"],"build_version":"2018-12-20","purchased_purges":0,"victory":false,"max_hp_per_floor":[82,82,82,82,82,82,82,82,82,82,82,82,82,82,82,82],"card_choices":[{"not_picked":["Flex","Havoc"],"picked":"Twin Strike","floor":1},{"not_picked":["Clash","Body Slam"],"picked":"Havoc","floor":4},{"not_picked":["Shrug It Off","Thunderclap"],"picked":"Pommel Strike","floor":5},{"not_picked":["Juggernaut","Reckless Charge"],"picked":"Pommel Strike","floor":8},{"not_picked":["Twin Strike","Headbutt"],"picked":"Clothesline","floor":12},{"not_picked":["Ghostly Armor","Bloodletting"],"picked":"Disarm","floor":14}],"player_experience":675365,"relics_obtained":[{"floor":8,"key":"Bottled Lightning"},{"floor":9,"key":"Gremlin Horn"},{"floor":14,"key":"Boot"}],"event_choices":[{"damage_healed":0,"gold_gain":0,"player_choice":"Take Damage","damage_taken":28,"relics_obtained":["Golden Idol"],"max_hp_gain":0,"max_hp_loss":0,"event_name":"Golden Idol","floor":2,"gold_loss":0},{"cards_removed":["Strike_R"],"damage_healed":0,"gold_gain":0,"player_choice":"Card Removal","damage_taken":7,"max_hp_gain":0,"max_hp_loss":0,"event_name":"Golden Wing","floor":3,"gold_loss":0},{"damage_healed":0,"gold_gain":0,"player_choice":"Ignored","damage_taken":0,"max_hp_gain":0,"max_hp_loss":0,"event_name":"Shining Light","floor":7,"gold_loss":0}],"is_beta":false,"boss_relics":[],"items_purged_floors":[],"is_endless":false,"potions_floor_spawned":[1,4,5],"killed_by":"Hexaghost","ascension_level":18}