{"gold_per_floor":[118,118,136,155,44,72,89,89,89,89,115,26,60,60],"floor_reached":14,"playtime":687,"items_purged":[],"score":194,"play_id":"e123520e-a788-44da-8f17-045554cde097","local_time":"20180823225136","is_ascension_mode":true,"campfire_choices":[{"data":"Clothesline","floor":8,"key":"SMITH"},{"data":"Clothesline","floor":10,"key":"SMITH"}],"neow_cost":"NONE","seed_source_timestamp":579660818594442,"circlet_count":0,"master_deck":["Strike_R","Strike_R","Strike_R","Strike_R","Strike_R","Defend_R","Defend_R","Defend_R","Defend_R","Bash+1","AscendersBane","Shrug It Off","Hemokinesis","Clothesline+1","True Grit","Shockwave","Headbutt","Clothesline+1","Shrug It Off","Bludgeon"],"relics":["Burning Blood","Centennial Puzzle","Juzu Bracelet","Self Forming Clay","Paper Frog"],"potions_floor_usage":[6,13,13],"damage_taken":[{"damage":1,"enemies":"Small Slimes","floor":1,"turns":4},{"damage":16,"enemies":"Jaw Worm","floor":3,"turns":5},{"damage":3,"enemies":"Cultist","floor":4,"turns":3},{"damage":44,"enemies":"Lagavulin","floor":6,"turns":9},{"damage":1,"enemies":"Exordium Wildlife","floor":7,"turns":3},{"damage":33,"enemies":"3 Sentries","floor":11,"turns":8},{"damage":10,"enemies":"Lagavulin","floor":13,"turns":6},{"damage":10,"enemies":"3 Louse","floor":14,"turns":1}],"seed_played":"-7480767463237273978","potions_obtained":[{"floor":3,"key":"Swift Potion"},{"floor":6,"key":"Poison Potion"}],"is_trial":false,"path_per_floor":["M","?","M","M","$","E","M","R","T","R","E","$","E"],"character_chosen":"IRONCLAD","items_purchased":["True Grit","Shockwave","Shrug It Off","Block Potion"],"campfire_rested":0,"item_purchase_floors":[5,5,12,12],"current_hp_per_floor":[80,80,70,73,73,35,40,40,40,40,13,13,9,0],"gold":60,"neow_bonus":"TEN_PERCENT_HP_BONUS","is_prod":false,"is_daily":false,"chose_seed":false,"campfire_upgraded":2,"win_rate":0,"timestamp":1535089896,"path_taken":["M","?","M","M","?","E","M","R","T","R","E","?","E","M"],"build_version":"2018-08-16","purchased_purges":0,"victory":false,"max_hp_per_floor":[82,82,82,82,82,82,82,82,82,82,82,82,82,82],"card_choices":[{"not_picked":["Dropkick","Body Slam"],"picked":"Shrug It Off","floor":1},{"not_picked":["Sword Boomerang","True Grit"],"picked":"Hemokinesis","floor":3},{"not_picked":["Iron Wave","Rage"],"picked":"Clothesline","floor":4},{"not_picked":["Fire Breathing","Clash"],"picked":"Headbutt","floor":6},{"not_picked":["Battle Trance","Clash"],"picked":"Clothesline","floor":7},{"not_picked":["Flex","Entrench","Sentinel"],"picked":"SKIP","floor":11},{"not_picked":["Disarm","Intimidate"],"picked":"Bludgeon","floor":13}],"player_experience":598822,"relics_obtained":[{"floor":6,"key":"Centennial Puzzle"},{"floor":9,"key":"Juzu Bracelet"},{"floor":11,"key":"Self Forming Clay"},{"floor":13,"key":"Paper Frog"}],"event_choices":[{"event_name":"Living Wall","player_choice":"Grow","floor":2,"damage_taken":0}],"is_beta":false,"boss_relics":[],"items_purged_floors":[],"is_endless":false,"potions_floor_spawned":[3,6],"killed_by":"3 Louse","ascension_level":16}