{"gold_per_floor":[115,115,115,290,12,43,43,83,106,106,146,164,177,215,215,346,346,358],"floor_reached":18,"playtime":1181,"items_purged":["Doubt"],"score":233,"play_id":"fb480093-8bb1-4ba1-894b-6d9e378e39fe","local_time":"20180727034850","is_ascension_mode":true,"campfire_choices":[{"data":"Shockwave","floor":7,"key":"SMITH"},{"floor":15,"key":"REST"}],"neow_cost":"NONE","seed_source_timestamp":315963416841975,"circlet_count":0,"master_deck":["Strike_R","Strike_R","Strike_R","Strike_R","Strike_R","Defend_R","Defend_R+1","Defend_R+1","Defend_R","Bash","Shockwave+1","Regret","Dropkick","Headbutt","Shockwave","Thunderclap","Cleave","Clothesline","Reaper","Pain","Decay","Parasite"],"relics":["Burning Blood","Blood Vial","Golden Idol","Lee\u0027s Waffle","Oddly Smooth Stone","Kunai","War Paint","Pantograph","Pen Nib","Smiling Mask","Calling Bell","MawBank","Shuriken","Turnip"],"potions_floor_usage":[6,6,16,16,16],"damage_taken":[{"damage":1,"enemies":"Cultist","floor":1,"turns":3},{"damage":26,"enemies":"3 Sentries","floor":6,"turns":7},{"damage":35,"enemies":"Lagavulin","floor":8,"turns":7},{"damage":30,"enemies":"Gremlin Nob","floor":11,"turns":5},{"damage":9,"enemies":"2 Louse","floor":12,"turns":3},{"damage":3,"enemies":"Jaw Worm","floor":13,"turns":3},{"damage":15,"enemies":"3 Sentries","floor":14,"turns":5},{"damage":28,"enemies":"Slime Boss","floor":16,"turns":9},{"damage":17,"enemies":"Chosen","floor":18,"turns":5}],"seed_played":"-7305812156643168312","potions_obtained":[{"floor":11,"key":"Regen Potion"},{"floor":12,"key":"SneckoOil"},{"floor":13,"key":"Poison Potion"}],"is_trial":false,"path_per_floor":["M","?","?","?","$","E","R","E","T","?","E","M","M","E","R","B",null],"character_chosen":"IRONCLAD","items_purchased":["Lee\u0027s Waffle"],"campfire_rested":1,"item_purchase_floors":[5],"current_hp_per_floor":[80,80,60,60,87,67,67,40,40,33,11,10,15,8,34,54,79,70],"gold":358,"neow_bonus":"THREE_SMALL_POTIONS","is_prod":false,"is_daily":false,"chose_seed":false,"campfire_upgraded":1,"win_rate":0,"timestamp":1532688530,"path_taken":["M","?","?","?","$","E","R","E","T","?","E","M","M","E","R","BOSS","M"],"build_version":"2018-07-26","purchased_purges":1,"victory":false,"max_hp_per_floor":[80,80,80,80,87,87,87,87,87,87,87,87,87,87,87,87,87,87],"card_choices":[{"not_picked":["Body Slam","Flex"],"picked":"Shockwave","floor":1},{"not_picked":["Searing Blow","Body Slam"],"picked":"Dropkick","floor":6},{"not_picked":["Exhume","Heavy Blade"],"picked":"Headbutt","floor":8},{"not_picked":["Flex","Body Slam"],"picked":"Shockwave","floor":11},{"not_picked":["Clash","Fire Breathing"],"picked":"Thunderclap","floor":12},{"not_picked":["Clothesline","Hemokinesis"],"picked":"Cleave","floor":13},{"not_picked":["Corruption","Thunderclap"],"picked":"Clothesline","floor":14},{"not_picked":["Berserk","Bludgeon"],"picked":"Reaper","floor":16}],"player_experience":213154,"relics_obtained":[{"floor":6,"key":"Oddly Smooth Stone"},{"floor":8,"key":"Kunai"},{"floor":9,"key":"War Paint"},{"floor":11,"key":"Pen Nib"},{"floor":14,"key":"Smiling Mask"},{"floor":17,"key":"MawBank"},{"floor":17,"key":"Shuriken"},{"floor":17,"key":"Turnip"}],"event_choices":[{"event_name":"Big Fish","player_choice":"Box","floor":2,"damage_taken":0},{"event_name":"Golden Idol","player_choice":"Take Damage","floor":3,"damage_taken":0},{"event_name":"Liars Game","player_choice":"agreed","floor":4,"damage_taken":0},{"event_name":"Scrap Ooze","player_choice":"success","floor":10,"damage_taken":7}],"is_beta":false,"boss_relics":[{"not_picked":["Tiny House","Runic Pyramid"],"picked":"Calling Bell"}],"items_purged_floors":[5],"is_endless":false,"potions_floor_spawned":[11,12,13],"killed_by":"Chosen","ascension_level":5}