{"gold_per_floor":[114,39,2,12,12,43,43,68,68,80,80,106,30,30,30,104,104,115,215,227,21,71,71,71,71,96,96,45,45,65,81,81,81],"floor_reached":33,"playtime":1255,"items_purged":[],"score":593,"play_id":"45382037-d9b0-47b4-be0d-e4ca5802ce3f","local_time":"20190403005956","is_ascension_mode":true,"campfire_choices":[{"data":"Clothesline","floor":7,"key":"SMITH"},{"data":"Uppercut","floor":11,"key":"SMITH"},{"data":"Carnage","floor":15,"key":"SMITH"},{"data":"Bash","floor":23,"key":"SMITH"},{"data":"Feed","floor":24,"key":"SMITH"},{"data":"Disarm","floor":25,"key":"SMITH"},{"data":"Armaments","floor":32,"key":"SMITH"}],"neow_cost":"NONE","seed_source_timestamp":1713552723230500,"circlet_count":0,"master_deck":["AscendersBane","Defend_R","Defend_R","Defend_R","Bash+1","Clothesline+1","Shockwave","Shrug It Off","True Grit","Uppercut+1","Pommel Strike","Carnage+1","Feed+1","Anger","Fire Breathing+1","Limit Break","Disarm+1","Bite","Bite","Bite","Bite","Bite","Shrug It Off","Armaments+1","Armaments"],"relics":["Burning Blood","NeowsBlessing","Mummified Hand","Mercury Hourglass","Frozen Egg 2","Bronze Scales","Bird Faced Urn","Coffee Dripper","WingedGreaves","Paper Frog","Strawberry","Ancient Tea Set"],"potions_floor_usage":[8,12,16,31],"damage_taken":[{"damage":0,"enemies":"Small Slimes","floor":1,"turns":1},{"damage":0,"enemies":"Jaw Worm","floor":4,"turns":1},{"damage":0,"enemies":"Lagavulin","floor":6,"turns":1},{"damage":19,"enemies":"Gremlin Nob","floor":8,"turns":4},{"damage":0,"enemies":"Cultist","floor":10,"turns":3},{"damage":15,"enemies":"3 Sentries","floor":12,"turns":7},{"damage":18,"enemies":"Slime Boss","floor":16,"turns":9},{"damage":7,"enemies":"Chosen","floor":18,"turns":4},{"damage":24,"enemies":"Colosseum Slavers","floor":19,"turns":5},{"damage":22,"enemies":"Colosseum Nobs","floor":19,"turns":4},{"damage":22,"enemies":"Shell Parasite","floor":20,"turns":4},{"damage":9,"enemies":"Chosen and Byrds","floor":30,"turns":4},{"damage":6,"enemies":"Snake Plant","floor":31,"turns":4},{"damage":78,"enemies":"Champ","floor":33,"turns":10}],"seed_played":"-2313508047328401389","potions_obtained":[{"floor":5,"key":"Energy Potion"},{"floor":5,"key":"Poison Potion"},{"floor":10,"key":"Poison Potion"},{"floor":19,"key":"BloodPotion"},{"floor":20,"key":"Energy Potion"}],"is_trial":false,"path_per_floor":["M","?","$","M","?","E","R","E","T","M","R","E","$","T","R","B",null,"M","?","M","$","?","R","R","R","T","?","$","?","M","M","R","B"],"character_chosen":"IRONCLAD","items_purchased":["Shockwave","Carnage","Strawberry","Disarm","Shrug It Off"],"campfire_rested":0,"item_purchase_floors":[3,13,21,21,28],"current_hp_per_floor":[74,74,74,75,75,75,75,62,62,68,68,59,59,59,59,47,68,67,33,19,26,26,26,26,26,26,26,26,26,31,44,44,0],"gold":81,"neow_bonus":"THREE_ENEMY_KILL","is_prod":false,"is_daily":false,"chose_seed":false,"campfire_upgraded":7,"win_rate":0,"timestamp":1554267596,"path_taken":["M","?","?","?","?","E","R","E","T","M","R","E","$","?","R","BOSS","M","?","M","$","?","R","R","R","T","?","$","?","M","M","R","BOSS"],"build_version":"2019-01-23","purchased_purges":0,"victory":false,"max_hp_per_floor":[75,75,75,75,75,75,75,75,75,75,75,75,75,75,75,75,75,75,75,75,82,82,82,82,82,82,57,57,57,57,57,57,57],"card_choices":[{"not_picked":["Warcry","Rupture"],"picked":"Clothesline","floor":1},{"not_picked":["Heavy Blade","Flex","Clash"],"picked":"SKIP","floor":4},{"not_picked":["Headbutt","Exhume"],"picked":"Shrug It Off","floor":6},{"not_picked":["Clash","Berserk"],"picked":"True Grit","floor":8},{"not_picked":["Iron Wave","Sword Boomerang"],"picked":"Uppercut","floor":10},{"not_picked":["Clash","Heavy Blade"],"picked":"Pommel Strike","floor":12},{"not_picked":["Fiend Fire","Bludgeon"],"picked":"Feed","floor":16},{"not_picked":["Havoc","Thunderclap"],"picked":"Anger","floor":18},{"not_picked":["Corruption+1","Wild Strike"],"picked":"Fire Breathing+1","floor":19},{"not_picked":["Fire Breathing+1","Twin Strike"],"picked":"Limit Break","floor":20},{"not_picked":["Thunderclap","Havoc"],"picked":"Armaments","floor":30},{"not_picked":["Wild Strike","Heavy Blade"],"picked":"Armaments","floor":31}],"player_experience":794585,"relics_obtained":[{"floor":6,"key":"Mummified Hand"},{"floor":8,"key":"Mercury Hourglass"},{"floor":9,"key":"Frozen Egg 2"},{"floor":12,"key":"Bronze Scales"},{"floor":14,"key":"Bird Faced Urn"},{"floor":19,"key":"WingedGreaves"},{"floor":19,"key":"Paper Frog"},{"floor":26,"key":"Ancient Tea Set"}],"event_choices":[{"cards_removed":["Strike_R"],"damage_healed":0,"gold_gain":0,"player_choice":"Card Removal","damage_taken":0,"max_hp_gain":0,"max_hp_loss":0,"event_name":"The Cleric","floor":2,"gold_loss":75},{"damage_healed":0,"gold_gain":0,"player_choice":"Got Potions","damage_taken":0,"max_hp_gain":0,"max_hp_loss":0,"event_name":"Lab","floor":5,"gold_loss":0},{"damage_healed":0,"gold_gain":0,"player_choice":"Fight","damage_taken":0,"max_hp_gain":0,"max_hp_loss":0,"event_name":"Colosseum","floor":19,"gold_loss":0},{"damage_healed":0,"gold_gain":0,"player_choice":"Fought Nobs","damage_taken":0,"max_hp_gain":0,"max_hp_loss":0,"event_name":"Colosseum","floor":19,"gold_loss":0},{"damage_healed":0,"gold_gain":50,"player_choice":"Stole From Cult","damage_taken":0,"max_hp_gain":0,"max_hp_loss":0,"event_name":"Nest","floor":22,"gold_loss":0},{"damage_healed":0,"gold_gain":0,"player_choice":"Became a vampire","damage_taken":0,"max_hp_gain":0,"max_hp_loss":25,"event_name":"Vampires","floor":27,"gold_loss":0,"cards_obtained":["Bite","Bite","Bite","Bite","Bite"]},{"cards_removed":["Defend_R"],"damage_healed":0,"gold_gain":0,"player_choice":"Elegance","damage_taken":0,"max_hp_gain":0,"max_hp_loss":0,"event_name":"Back to Basics","floor":29,"gold_loss":0}],"is_beta":false,"boss_relics":[{"not_picked":["Astrolabe","Ectoplasm"],"picked":"Coffee Dripper"}],"items_purged_floors":[],"is_endless":false,"potions_floor_spawned":[6,10,19,20,30],"killed_by":"Champ","ascension_level":20}