{"gold_per_floor":[114,114,114,25,44,44,70,70,70,70,81,96,108,138,138,214,214,231,250,250,321,337,337,370,388,388,388,421,34,64,74,74,148,198,214,314,43,43,56,56,84,84,111,159,159,0,14,86,86,86],"floor_reached":51,"playtime":3390,"items_purged":["Strike_R"],"score":1496,"play_id":"c0cce5cd-6da2-4d45-afc1-3e382d6a2b57","local_time":"20190322145914","is_ascension_mode":true,"campfire_choices":[{"data":"Uppercut","floor":6.0,"key":"SMITH"},{"data":"Immolate","floor":8.0,"key":"SMITH"},{"floor":10.0,"key":"REST"},{"data":"Bash","floor":15.0,"key":"SMITH"},{"data":"Armaments","floor":23.0,"key":"SMITH"},{"data":"Limit Break","floor":27.0,"key":"SMITH"},{"floor":32.0,"key":"REST"},{"data":"Mind Blast","floor":40.0,"key":"SMITH"},{"data":"Disarm","floor":42.0,"key":"SMITH"},{"data":"Metallicize","floor":45,"key":"SMITH"},{"floor":49,"key":"REST"}],"neow_cost":"NONE","seed_source_timestamp":0,"circlet_count":0,"master_deck":["AscendersBane","Strike_R","Strike_R+1","Strike_R","Strike_R","Defend_R","Defend_R+1","Defend_R","Defend_R","Bash+1","Uppercut+1","Immolate+1","Spot Weakness+1","Shrug It Off","Feed","Limit Break+1","Sword Boomerang","Armaments+1","RitualDagger","Carnage","Anger","Shrug It Off+1","True Grit","Impervious","Shrug It Off","Anger","Metallicize+1","Clothesline","Reaper","Metallicize","Disarm+1","Clothesline","Impervious","Dark Shackles","Purity","Mind Blast+1","True Grit","Clothesline+1","Disarm+1","Havoc+1","Armaments"],"special_seed":0,"relics":["Burning Blood","Anchor","Bag of Marbles","Regal Pillow","Dream Catcher","Velvet Choker","Meat on the Bone","Sundial","Gremlin Horn","Potion Belt","Darkstone Periapt","Tiny House","Turnip","Prayer Wheel","Vajra","Unceasing Top","Red Mask","Kunai"],"potions_floor_usage":[47,47,47,50,50,50,50],"damage_taken":[{"damage":10.0,"enemies":"Small Slimes","floor":1.0,"turns":5.0},{"damage":3.0,"enemies":"2 Louse","floor":5.0,"turns":3.0},{"damage":33.0,"enemies":"Lagavulin","floor":7.0,"turns":8.0},{"damage":0.0,"enemies":"Jaw Worm","floor":11.0,"turns":2.0},{"damage":0.0,"enemies":"Exordium Thugs","floor":12.0,"turns":2.0},{"damage":0.0,"enemies":"Large Slime","floor":13.0,"turns":2.0},{"damage":0.0,"enemies":"3 Sentries","floor":14.0,"turns":5.0},{"damage":62.0,"enemies":"Hexaghost","floor":16.0,"turns":8.0},{"damage":7.0,"enemies":"3 Byrds","floor":18.0,"turns":5.0},{"damage":0.0,"enemies":"Chosen","floor":19.0,"turns":3.0},{"damage":18.0,"enemies":"Centurion and Healer","floor":22.0,"turns":5.0},{"damage":26.0,"enemies":"Book of Stabbing","floor":24.0,"turns":4.0},{"damage":20.0,"enemies":"Snecko","floor":25.0,"turns":4.0},{"damage":39.0,"enemies":"Slavers","floor":28.0,"turns":5.0},{"damage":32.0,"enemies":"Book of Stabbing","floor":30.0,"turns":5.0},{"damage":1.0,"enemies":"Snake Plant","floor":31.0,"turns":2.0},{"damage":78.0,"enemies":"Automaton","floor":33.0,"turns":11.0},{"damage":0.0,"enemies":"Orb Walker","floor":35.0,"turns":3.0},{"damage":25.0,"enemies":"Mind Bloom Boss Battle","floor":36.0,"turns":20.0},{"damage":38.0,"enemies":"3 Darklings","floor":39.0,"turns":10.0},{"damage":33.0,"enemies":"Reptomancer","floor":41.0,"turns":6.0},{"damage":14,"enemies":"2 Orb Walkers","floor":44,"turns":4},{"damage":58,"enemies":"Transient","floor":47,"turns":6},{"damage":22,"enemies":"Awakened One","floor":50,"turns":13}],"seed_played":"-6188259974505407967","potions_obtained":[{"floor":1.0,"key":"Weak Potion"},{"floor":5.0,"key":"SpeedPotion"},{"floor":7.0,"key":"Explosive Potion"},{"floor":19.0,"key":"PowerPotion"},{"floor":25.0,"key":"FearPotion"},{"floor":28.0,"key":"SteroidPotion"},{"floor":30.0,"key":"Poison Potion"},{"floor":34.0,"key":"SkillPotion"},{"floor":36.0,"key":"Swift Potion"},{"floor":39.0,"key":"SteroidPotion"}],"is_trial":false,"path_per_floor":["M","?","?","$","M","R","E","R","T","R","M","M","M","E","R","B",null,"M","M","?","T","M","R","E","M","T","R","E","$","E","M","R","B",null,"M","?","$","?","M","R","E","R","T","?","R","?","M","T","R","B",null],"character_chosen":"IRONCLAD","items_purchased":["Uppercut","Impervious","Shrug It Off","Anger","Fire Potion","Impervious","EntropicBrew"],"campfire_rested":3,"item_purchase_floors":[4,29,29,29,29,37,37],"current_hp_per_floor":[71,46,35,35,38,38,11,11,11,50,56,62,68,74,74,18,66,68,77,71,71,62,62,54,52,52,52,35,35,24,44,89,29,88,106,104,104,94,72,72,64,64,64,68,68,68,28,28,76,78],"gold":86,"neow_bonus":"TEN_PERCENT_HP_BONUS","is_prod":false,"is_daily":false,"chose_seed":false,"campfire_upgraded":8,"win_rate":0,"timestamp":1553281154,"path_taken":["M","?","?","?","M","R","E","R","T","R","M","M","M","E","R","BOSS","M","M","?","?","M","R","E","M","T","R","E","$","E","M","R","BOSS","M","?","$","?","M","R","E","R","T","?","R","?","M","?","R","BOSS"],"build_version":"2019-01-23","purchased_purges":1,"victory":true,"max_hp_per_floor":[82,82,82,82,82,82,82,82,82,82,82,82,82,82,82,82,82,85,88,88,88,91,91,91,91,91,91,95,95,98,101,101,101,106,106,110,110,110,110,110,110,110,110,110,110,110,110,110,110,110],"card_choices":[{"not_picked":["Corruption","Flex","Warcry"],"picked":"SKIP","floor":1.0},{"not_picked":["Heavy Blade","Warcry","Dropkick"],"picked":"SKIP","floor":5.0},{"not_picked":["Battle Trance","Pommel Strike"],"picked":"Immolate","floor":7.0},{"not_picked":["Thunderclap","Pummel"],"picked":"Spot Weakness","floor":11.0},{"not_picked":["Flex","Pommel Strike","Blood for Blood"],"picked":"SKIP","floor":12.0},{"not_picked":["Rage","Perfected Strike"],"picked":"Shrug It Off","floor":13.0},{"not_picked":["Searing Blow","Hemokinesis"],"picked":"Feed","floor":14.0},{"not_picked":["Berserk","Fiend Fire"],"picked":"Limit Break","floor":16.0},{"not_picked":["Reckless Charge","Wild Strike"],"picked":"Sword Boomerang","floor":18.0},{"not_picked":["Perfected Strike","Evolve"],"picked":"Armaments","floor":19.0},{"not_picked":["Intimidate","Searing Blow"],"picked":"Carnage","floor":22.0},{"not_picked":["Clash","Burning Pact+1"],"picked":"Anger","floor":24.0},{"not_picked":["Thunderclap","Cleave+1"],"picked":"Shrug It Off+1","floor":25.0},{"not_picked":["Twin Strike","Body Slam"],"picked":"True Grit","floor":28.0},{"not_picked":["Rage","Thunderclap"],"picked":"Metallicize","floor":30.0},{"not_picked":["Twin Strike","Wild Strike","Anger"],"picked":"SKIP","floor":31.0},{"not_picked":["Searing Blow","Brutality"],"picked":"Clothesline","floor":32.0},{"not_picked":["Dark Embrace","Berserk"],"picked":"Reaper","floor":33.0},{"not_picked":["Thunderclap","Body Slam"],"picked":"Metallicize","floor":34.0},{"not_picked":["Iron Wave+1","Metallicize"],"picked":"Disarm","floor":35.0},{"not_picked":["Iron Wave","Rage+1"],"picked":"Clothesline","floor":36.0},{"not_picked":["Good Instincts","Jack Of All Trades"],"picked":"Dark Shackles","floor":38.0},{"not_picked":["Metamorphosis","Swift Strike"],"picked":"Purity","floor":38.0},{"not_picked":["Blind","Madness"],"picked":"Mind Blast","floor":38.0},{"not_picked":["Feel No Pain","Fire Breathing"],"picked":"True Grit","floor":39.0},{"not_picked":["Reckless Charge","Iron Wave"],"picked":"Clothesline+1","floor":41.0},{"not_picked":["Ghostly Armor+1","Power Through"],"picked":"Disarm+1","floor":44},{"not_picked":["Sword Boomerang","Metallicize"],"picked":"Havoc+1","floor":47},{"not_picked":["Wild Strike","Sword Boomerang","Bludgeon"],"picked":"SKIP","floor":47},{"not_picked":["Body Slam","Feel No Pain"],"picked":"Armaments","floor":49}],"player_experience":752162,"relics_obtained":[{"floor":7.0,"key":"Bag of Marbles"},{"floor":9.0,"key":"Regal Pillow"},{"floor":14.0,"key":"Dream Catcher"},{"floor":21.0,"key":"Meat on the Bone"},{"floor":24.0,"key":"Sundial"},{"floor":26.0,"key":"Gremlin Horn"},{"floor":28.0,"key":"Potion Belt"},{"floor":30.0,"key":"Darkstone Periapt"},{"floor":36.0,"key":"Turnip"},{"floor":41.0,"key":"Prayer Wheel"},{"floor":43.0,"key":"Vajra"},{"floor":44,"key":"Unceasing Top"},{"floor":48,"key":"Kunai"}],"event_choices":[{"damage_healed":0.0,"max_hp_gain":0.0,"max_hp_loss":0.0,"gold_gain":0.0,"event_name":"Shining Light","player_choice":"Entered Light","floor":2.0,"gold_loss":0.0,"damage_taken":25.0,"cards_upgraded":["Strike_R","Defend_R"]},{"damage_healed":0.0,"max_hp_gain":0.0,"max_hp_loss":0.0,"gold_gain":0.0,"event_name":"Scrap Ooze","player_choice":"Success","floor":3.0,"gold_loss":0.0,"damage_taken":11.0,"relics_obtained":["Anchor"]},{"damage_healed":0.0,"max_hp_gain":0.0,"max_hp_loss":0.0,"gold_gain":0.0,"event_name":"Nest","player_choice":"Joined the Cult","floor":20.0,"gold_loss":0.0,"damage_taken":6.0,"cards_obtained":["RitualDagger"]},{"damage_healed":0.0,"max_hp_gain":0.0,"max_hp_loss":0.0,"gold_gain":0.0,"event_name":"MindBloom","player_choice":"Fight","floor":36.0,"gold_loss":0.0,"damage_taken":0.0},{"damage_healed":0.0,"max_hp_gain":0.0,"max_hp_loss":0.0,"gold_gain":0.0,"event_name":"SensoryStone","player_choice":"Memory 3","floor":38.0,"gold_loss":0.0,"damage_taken":10.0},{"damage_healed":0,"gold_gain":0,"player_choice":"Fight","damage_taken":0,"max_hp_gain":0,"max_hp_loss":0,"event_name":"Mysterious Sphere","floor":44,"gold_loss":0},{"damage_healed":0,"gold_gain":0,"player_choice":"Paid","damage_taken":0,"relics_obtained":["Red Mask"],"max_hp_gain":0,"max_hp_loss":0,"event_name":"Tomb of Lord Red Mask","floor":46,"gold_loss":159}],"is_beta":false,"boss_relics":[{"not_picked":["Mark of Pain","Astrolabe"],"picked":"Velvet Choker"},{"not_picked":["Calling Bell","Sozu"],"picked":"Tiny House"}],"items_purged_floors":[29],"is_endless":false,"potions_floor_spawned":[1,5,7,19,25,28,30,36,39],"ascension_level":19}