{"gold_per_floor":[115,115,11,11,25,53,53,85,85,85,105,105,139,155,155,234,234,248,5,24,24,24,24,40,40,40,105,119,132,146,172,172,246,246,261,261,178,37,37,37,37],"floor_reached":41,"playtime":2300,"items_purged":[],"score":979,"play_id":"e0bb6092-9e1e-4848-8ada-a233231230ed","local_time":"20190321231900","is_ascension_mode":true,"campfire_choices":[{"data":"Flame Barrier","floor":10,"key":"SMITH"},{"data":"Bash","floor":12,"key":"SMITH"},{"data":"Disarm","floor":15,"key":"SMITH"},{"floor":23,"key":"REST"},{"data":"Flame Barrier","floor":25,"key":"SMITH"},{"floor":32,"key":"REST"},{"data":"Uppercut","floor":40,"key":"SMITH"}],"neow_cost":"NONE","seed_source_timestamp":665973350645700,"circlet_count":0,"master_deck":["AscendersBane","Strike_R","Defend_R","Defend_R","Defend_R","Defend_R","Bash+1","Pommel Strike","Clothesline","True Grit","Flame Barrier+1","Cleave","Anger","Rampage","Disarm+1","Feed","Uppercut+1","Flame Barrier+1","Whirlwind","Warcry+1","Pommel Strike+1","Pummel+1","Shrug It Off","Pommel Strike+1","Pummel+1","Clothesline+1","Dark Embrace+1","Shrug It Off","Battle Trance","True Grit"],"relics":["Burning Blood","NeowsBlessing","Blood Vial","Red Skull","Paper Frog","Pear","Sozu","Lantern","Enchiridion","Molten Egg 2","Ornamental Fan","Tiny Chest","Juzu Bracelet","Astrolabe","Boot"],"potions_floor_usage":[8,8,20,27],"damage_taken":[{"damage":0,"enemies":"Small Slimes","floor":1,"turns":1},{"damage":0,"enemies":"Cultist","floor":5,"turns":1},{"damage":0,"enemies":"3 Sentries","floor":6,"turns":1},{"damage":38,"enemies":"Gremlin Nob","floor":8,"turns":5},{"damage":2,"enemies":"Jaw Worm","floor":11,"turns":3},{"damage":14,"enemies":"3 Sentries","floor":13,"turns":7},{"damage":45,"enemies":"Large Slime","floor":14,"turns":11},{"damage":0,"enemies":"Hexaghost","floor":16,"turns":10},{"damage":31,"enemies":"3 Byrds","floor":18,"turns":5},{"damage":26,"enemies":"Shell Parasite","floor":20,"turns":6},{"damage":0,"enemies":"Snecko","floor":24,"turns":3},{"damage":39,"enemies":"Slavers","floor":27,"turns":5},{"damage":8,"enemies":"Chosen and Byrds","floor":28,"turns":5},{"damage":7,"enemies":"3 Cultists","floor":29,"turns":5},{"damage":11,"enemies":"Snake Plant","floor":30,"turns":2},{"damage":29,"enemies":"Automaton","floor":33,"turns":11},{"damage":12,"enemies":"3 Shapes","floor":35,"turns":10},{"damage":98,"enemies":"Giant Head","floor":41,"turns":8}],"seed_played":"5099549658712679694","potions_obtained":[{"floor":2,"key":"GamblersBrew"},{"floor":2,"key":"Swift Potion"},{"floor":6,"key":"Weak Potion"},{"floor":8,"key":"Weak Potion"},{"floor":11,"key":"Ancient Potion"},{"floor":13,"key":"Dexterity Potion"}],"is_trial":false,"path_per_floor":["M","?","$","$","M","E","?","E","T","R","M","R","E","M","R","B",null,"M","$","M","?","T","R","M","R","T","E","M","M","M","T","R","B",null,"M","$","?","$","?","R","E"],"character_chosen":"IRONCLAD","items_purchased":["Clothesline","True Grit","Lantern","Flame Barrier","Battle Trance","True Grit"],"campfire_rested":2,"item_purchase_floors":[3,3,19,19,38,38],"current_hp_per_floor":[74,74,74,74,75,75,75,43,43,43,49,49,53,16,16,24,70,47,47,29,8,8,33,44,44,44,13,13,17,14,14,41,20,73,72,72,72,72,72,72,0],"gold":37,"neow_bonus":"THREE_ENEMY_KILL","is_prod":false,"is_daily":false,"chose_seed":false,"campfire_upgraded":5,"win_rate":0,"timestamp":1553224740,"path_taken":["M","?","?","$","?","E","?","E","T","R","M","R","E","M","R","BOSS","M","$","M","?","?","R","M","R","T","E","?","M","M","?","R","BOSS","M","$","?","$","?","R","E"],"build_version":"2019-01-23","purchased_purges":0,"victory":false,"max_hp_per_floor":[75,75,75,75,75,75,75,75,75,75,75,75,85,85,85,85,85,85,85,85,85,85,85,88,88,88,88,88,91,91,91,91,91,91,94,94,94,94,94,94,94],"card_choices":[{"not_picked":["Flex","Thunderclap"],"picked":"Pommel Strike","floor":1},{"not_picked":["Bloodletting","Clash"],"picked":"Flame Barrier","floor":5},{"not_picked":["Sword Boomerang","Flex"],"picked":"Cleave","floor":6},{"not_picked":["Clothesline","Fire Breathing"],"picked":"Anger","floor":8},{"not_picked":["Clash","Pommel Strike"],"picked":"Rampage","floor":11},{"not_picked":["Armaments","Dark Embrace"],"picked":"Disarm","floor":13},{"not_picked":["Corruption","Pommel Strike","Combust"],"picked":"SKIP","floor":14},{"not_picked":["Demon Form","Impervious"],"picked":"Feed","floor":16},{"not_picked":["Thunderclap","Heavy Blade"],"picked":"Uppercut","floor":18},{"not_picked":["Shockwave","Combust"],"picked":"Whirlwind","floor":20},{"not_picked":["Headbutt+1","Clash+1"],"picked":"Warcry+1","floor":24},{"not_picked":["Headbutt+1","Clash+1"],"picked":"Pommel Strike+1","floor":27},{"not_picked":["Exhume","Flex+1"],"picked":"Pummel+1","floor":28},{"not_picked":["Heavy Blade+1","Body Slam+1"],"picked":"Shrug It Off","floor":29},{"not_picked":["Infernal Blade","Flex"],"picked":"Pommel Strike+1","floor":30},{"not_picked":["Perfected Strike+1","Pummel+1"],"picked":"Shrug It Off","floor":35}],"player_experience":744724,"relics_obtained":[{"floor":6,"key":"Blood Vial"},{"floor":8,"key":"Red Skull"},{"floor":9,"key":"Paper Frog"},{"floor":13,"key":"Pear"},{"floor":21,"key":"Enchiridion"},{"floor":22,"key":"Molten Egg 2"},{"floor":26,"key":"Ornamental Fan"},{"floor":27,"key":"Tiny Chest"},{"floor":31,"key":"Juzu Bracelet"}],"event_choices":[{"damage_healed":0,"gold_gain":0,"player_choice":"Got Potions","damage_taken":0,"max_hp_gain":0,"max_hp_loss":0,"event_name":"Lab","floor":2,"gold_loss":0},{"damage_healed":0,"gold_gain":0,"player_choice":"Ignored","damage_taken":0,"max_hp_gain":0,"max_hp_loss":0,"event_name":"Liars Game","floor":7,"gold_loss":0},{"damage_healed":0,"gold_gain":0,"player_choice":"Obtained Book","damage_taken":21,"max_hp_gain":0,"max_hp_loss":0,"event_name":"Cursed Tome","floor":21,"gold_loss":0},{"damage_healed":0,"gold_gain":0,"player_choice":"Paid Gold","damage_taken":0,"relics_obtained":["Boot"],"max_hp_gain":0,"max_hp_loss":0,"event_name":"WeMeetAgain","floor":37,"gold_loss":83},{"cards_removed":["Strike_R"],"damage_healed":0,"gold_gain":0,"player_choice":"Purged","damage_taken":0,"max_hp_gain":0,"max_hp_loss":0,"event_name":"Purifier","floor":39,"gold_loss":0}],"is_beta":false,"boss_relics":[{"not_picked":["Runic Dome","Lizard Tail"],"picked":"Sozu"},{"not_picked":["Black Star","Philosopher\u0027s Stone"],"picked":"Astrolabe"}],"items_purged_floors":[],"is_endless":false,"potions_floor_spawned":[6,8,11,13,24,29,30,33],"killed_by":"Giant Head","ascension_level":19}