{"gold_per_floor":[114,114,132,82,82,82,115,17,17,17,31,43,43,69,69,69],"floor_reached":16,"playtime":928,"items_purged":[],"score":180,"play_id":"ed4600f8-350c-42b8-8e69-f73958c278a5","local_time":"20180803184425","is_ascension_mode":true,"campfire_choices":[{"data":"Neutralize","floor":6,"key":"SMITH"},{"data":"Leg Sweep","floor":10,"key":"SMITH"},{"data":"Backstab","floor":13,"key":"SMITH"},{"floor":15,"key":"REST"}],"neow_cost":"","seed_source_timestamp":974766374230567,"circlet_count":0,"master_deck":["Defend_G","Defend_G","Defend_G","Defend_G","Strike_G","Strike_G","Strike_G","Strike_G","Survivor","Neutralize+1","Deflect","Leg Sweep+1","Noxious Fumes","Dagger Throw","Tactician","Backstab+1","Cloak And Dagger"],"relics":["Ring of the Snake","Gremlin Horn","Ornamental Fan","Orichalcum"],"potions_floor_usage":[7,14,16],"damage_taken":[{"damage":2,"enemies":"2 Louse","floor":1,"turns":4},{"damage":3,"enemies":"Cultist","floor":3,"turns":5},{"damage":25,"enemies":"Lagavulin","floor":7,"turns":11},{"damage":0,"enemies":"Jaw Worm","floor":11,"turns":6},{"damage":0,"enemies":"Looter","floor":12,"turns":5},{"damage":0,"enemies":"3 Sentries","floor":14,"turns":7},{"damage":72,"enemies":"Slime Boss","floor":16,"turns":11}],"seed_played":"-7339514319093238937","potions_obtained":[{"floor":3,"key":"FearPotion"},{"floor":7,"key":"GamblersBrew"},{"floor":12,"key":"Block Potion"}],"is_trial":false,"path_per_floor":["M","?","M","?","?","R","E","$","T","R","M","M","R","E","R"],"character_chosen":"THE_SILENT","items_purchased":["Noxious Fumes","Dagger Throw"],"campfire_rested":1,"item_purchase_floors":[8,8],"current_hp_per_floor":[61,61,58,58,70,70,45,45,45,45,45,45,45,45,66,0],"gold":69,"neow_bonus":"","is_prod":false,"is_daily":false,"chose_seed":false,"campfire_upgraded":3,"win_rate":0,"timestamp":1533347065,"path_taken":["M","?","M","?","?","R","E","$","T","R","?","?","R","E","R","BOSS"],"build_version":"2018-08-02","purchased_purges":0,"victory":false,"max_hp_per_floor":[70,70,70,70,70,70,70,70,70,70,70,70,70,70,70,70],"card_choices":[{"not_picked":["Accuracy","Acrobatics"],"picked":"Deflect","floor":1},{"not_picked":["Calculated Gamble","Prepared","Bane"],"picked":"SKIP","floor":3},{"not_picked":["Storm of Steel","Outmaneuver"],"picked":"Leg Sweep","floor":7},{"not_picked":["Setup","Poisoned Stab"],"picked":"Tactician","floor":11},{"not_picked":["Footwork","Sucker Punch"],"picked":"Backstab","floor":12},{"not_picked":["Leg Sweep","Underhanded Strike"],"picked":"Cloak And Dagger","floor":14}],"player_experience":277132,"relics_obtained":[{"floor":7,"key":"Gremlin Horn"},{"floor":9,"key":"Ornamental Fan"},{"floor":14,"key":"Orichalcum"}],"event_choices":[{"event_name":"Bonfire Elementals","player_choice":"BASIC","floor":2,"damage_taken":0},{"event_name":"The Cleric","player_choice":"Card Removal","floor":4,"damage_taken":0},{"event_name":"Wheel of Change","player_choice":"Full Heal","floor":5,"damage_taken":0}],"is_beta":false,"boss_relics":[],"items_purged_floors":[],"is_endless":false,"potions_floor_spawned":[3,7,12],"killed_by":"Slime Boss","ascension_level":7}