{"gold_per_floor":[114,128,128,128,139,139,165,165,165,195,195,229,229,53,53,53],"floor_reached":16,"playtime":1008,"items_purged":["Parasite"],"score":219,"play_id":"2498a955-fcad-400b-b855-fe910898177e","local_time":"20180809160323","is_ascension_mode":true,"campfire_choices":[{"data":"Dagger Spray","floor":6,"key":"SMITH"},{"floor":8,"key":"REST"},{"data":"Backstab","floor":13,"key":"SMITH"},{"data":"Dodge and Roll","floor":15,"key":"SMITH"}],"neow_cost":"NONE","seed_source_timestamp":1483434613795492,"circlet_count":0,"master_deck":["Defend_G","Defend_G","Defend_G","Defend_G","Defend_G","Strike_G","Strike_G","Strike_G","Strike_G","Strike_G","Survivor","Neutralize+1","AscendersBane","Backstab+1","Deflect+1","Dagger Spray+1","Dodge and Roll+1","Backstab+1","Well Laid Plans","Cloak And Dagger+1","Dodge and Roll+1"],"relics":["Ring of the Snake","Pantograph","Anchor","Bottled Lightning","Toxic Egg 2","Bag of Marbles"],"potions_floor_usage":[16,16],"damage_taken":[{"damage":6,"enemies":"2 Louse","floor":1,"turns":4},{"damage":0,"enemies":"Small Slimes","floor":2,"turns":5},{"damage":0,"enemies":"Jaw Worm","floor":5,"turns":2},{"damage":19,"enemies":"Gremlin Nob","floor":7,"turns":5},{"damage":27,"enemies":"Lagavulin","floor":10,"turns":10},{"damage":0,"enemies":"3 Sentries","floor":12,"turns":7},{"damage":62,"enemies":"Hexaghost","floor":16,"turns":19}],"seed_played":"-8073426707011946780","potions_obtained":[{"floor":2,"key":"FairyPotion"},{"floor":5,"key":"Weak Potion"},{"floor":10,"key":"Dexterity Potion"}],"is_trial":false,"path_per_floor":["M","M","?","T","M","R","E","R","T","E","?","E","R","$","R"],"character_chosen":"THE_SILENT","items_purchased":["Cloak And Dagger+1","Dodge and Roll+1"],"campfire_rested":1,"item_purchase_floors":[14,14],"current_hp_per_floor":[57,57,43,43,43,43,24,45,45,18,35,35,35,35,35,0],"gold":53,"neow_bonus":"UPGRADE_CARD","is_prod":false,"is_daily":false,"chose_seed":false,"campfire_upgraded":3,"win_rate":0,"timestamp":1533855803,"path_taken":["M","M","?","?","M","R","E","R","T","E","?","E","R","$","R","BOSS"],"build_version":"2018-08-02","purchased_purges":1,"victory":false,"max_hp_per_floor":[70,70,70,70,70,70,70,70,70,70,70,70,70,67,67,67],"card_choices":[{"not_picked":["Dagger Throw","Underhanded Strike"],"picked":"Backstab","floor":1},{"not_picked":["Riddle With Holes","Setup"],"picked":"Deflect","floor":2},{"not_picked":["Masterful Stab","Underhanded Strike"],"picked":"Dagger Spray","floor":5},{"not_picked":["Blade Dance","Bane"],"picked":"Dodge and Roll","floor":7},{"not_picked":["Bane","After Image"],"picked":"Backstab","floor":10},{"not_picked":["Flechettes","Outmaneuver+1"],"picked":"Well Laid Plans","floor":12}],"player_experience":405140,"relics_obtained":[{"floor":4,"key":"Pantograph"},{"floor":7,"key":"Anchor"},{"floor":9,"key":"Bottled Lightning"},{"floor":10,"key":"Toxic Egg 2"},{"floor":12,"key":"Bag of Marbles"}],"event_choices":[{"event_name":"Shining Light","player_choice":"Entered Light","floor":3,"damage_taken":0},{"event_name":"Mushrooms","player_choice":"Healed and dodged fight","floor":11,"damage_taken":0}],"is_beta":false,"boss_relics":[],"items_purged_floors":[14],"is_endless":false,"potions_floor_spawned":[2,5,10],"killed_by":"Hexaghost","ascension_level":11}