{"gold_per_floor":[119,134,150,150,161,161,195,195,195,222,239,10,26,19,19,114,114,132,57,47,9,28,28,46,0,48,62,80,80,98,115,115,115],"floor_reached":33,"playtime":1965,"items_purged":[],"score":394,"play_id":"4a7f559d-7a8e-4f0a-beda-13c99b3cc701","local_time":"20190116224540","is_ascension_mode":true,"campfire_choices":[{"data":"Caltrops","floor":6,"key":"SMITH"},{"data":"Leg Sweep","floor":8,"key":"SMITH"},{"floor":15,"key":"REST"},{"floor":23,"key":"REST"},{"floor":32,"key":"REST"}],"neow_cost":"NONE","seed_source_timestamp":91402505213361,"circlet_count":0,"master_deck":["Defend_G","Defend_G","Defend_G","Defend_G","Defend_G","Strike_G","Strike_G","Strike_G","Strike_G","Survivor","Neutralize","Leg Sweep+1","Blur","Caltrops+1","Dagger Throw","Blade Dance","Footwork","Backstab","Outmaneuver","Venomology","Dodge and Roll","Cloak And Dagger+1","Cloak And Dagger","Dodge and Roll+1","Caltrops","Backflip","Leg Sweep+1","Expertise"],"relics":["Ring of the Snake","NeowsBlessing","Bag of Marbles","FossilizedHelix","The Courier","Gremlin Horn","Art of War","Blood Vial","WristBlade","Pen Nib"],"potions_floor_usage":[7,11,13,16,16,27,28,28,29,33,33,33],"damage_taken":[{"damage":0,"enemies":"Cultist","floor":1,"turns":1},{"damage":0,"enemies":"Small Slimes","floor":2,"turns":1},{"damage":0,"enemies":"2 Louse","floor":3,"turns":1},{"damage":16,"enemies":"Exordium Wildlife","floor":5,"turns":7},{"damage":25,"enemies":"Gremlin Nob","floor":7,"turns":4},{"damage":27,"enemies":"3 Sentries","floor":10,"turns":10},{"damage":0,"enemies":"Red Slaver","floor":11,"turns":6},{"damage":0,"enemies":"2 Fungi Beasts","floor":13,"turns":5},{"damage":0,"enemies":"Exordium Thugs","floor":14,"turns":4},{"damage":0,"enemies":"The Guardian","floor":16,"turns":19},{"damage":23,"enemies":"Spheric Guardian","floor":18,"turns":8},{"damage":20,"enemies":"2 Thieves","floor":20,"turns":4},{"damage":0,"enemies":"3 Cultists","floor":22,"turns":7},{"damage":10,"enemies":"Snake Plant","floor":24,"turns":3},{"damage":0,"enemies":"Snecko","floor":27,"turns":6},{"damage":0,"enemies":"Sentry and Sphere","floor":28,"turns":5},{"damage":4,"enemies":"Colosseum Slavers","floor":29,"turns":5},{"damage":12,"enemies":"Cultist and Chosen","floor":30,"turns":9},{"damage":0,"enemies":"Snecko","floor":31,"turns":5},{"damage":60,"enemies":"Automaton","floor":33,"turns":12}],"seed_played":"-6300236779077679385","potions_obtained":[{"floor":2,"key":"Weak Potion"},{"floor":5,"key":"LiquidBronze"},{"floor":7,"key":"SteroidPotion"},{"floor":10,"key":"FearPotion"},{"floor":11,"key":"Strength Potion"},{"floor":13,"key":"AttackPotion"},{"floor":20,"key":"LiquidBronze"},{"floor":22,"key":"SteroidPotion"},{"floor":24,"key":"Energy Potion"},{"floor":31,"key":"Dexterity Potion"}],"is_trial":false,"path_per_floor":["M","M","M","?","M","R","E","R","T","E","M","$","M","M","R","B",null,"M","?","M","$","M","R","M","?","T","M","M","?","M","M","R","B"],"character_chosen":"THE_SILENT","items_purchased":["Art of War","Blood Vial","Cloak And Dagger"],"campfire_rested":3,"item_purchase_floors":[12,12,21],"current_hp_per_floor":[70,70,70,70,54,54,29,29,29,2,2,2,4,6,27,29,60,39,39,21,21,23,44,36,36,36,38,40,38,28,30,51,0],"gold":115,"neow_bonus":"THREE_ENEMY_KILL","is_prod":false,"is_daily":false,"chose_seed":false,"campfire_upgraded":2,"win_rate":0,"timestamp":1547700340,"path_taken":["M","M","M","?","?","R","E","R","T","E","M","$","M","M","R","BOSS","M","?","M","$","M","R","M","?","T","M","M","?","M","?","R","BOSS"],"build_version":"2019-01-10","purchased_purges":0,"victory":false,"max_hp_per_floor":[70,70,70,70,70,70,70,70,70,70,70,70,70,70,70,70,70,70,70,70,70,70,70,70,70,70,70,70,70,70,70,70,70],"card_choices":[{"not_picked":["Flying Knee","Deadly Poison"],"picked":"Leg Sweep","floor":1},{"not_picked":["All Out Attack","Blade Dance"],"picked":"Blur","floor":2},{"not_picked":["Distraction","Acrobatics"],"picked":"Caltrops","floor":3},{"not_picked":["Poisoned Stab","Eviscerate"],"picked":"Dagger Throw","floor":5},{"not_picked":["Catalyst","Reflex"],"picked":"Blade Dance","floor":7},{"not_picked":["Tools of the Trade","All Out Attack"],"picked":"Footwork","floor":10},{"not_picked":["Reflex","Expertise","Bane"],"picked":"SKIP","floor":11},{"not_picked":["Catalyst","Setup"],"picked":"Backstab","floor":13},{"not_picked":["Bouncing Flask","Dagger Throw"],"picked":"Outmaneuver","floor":14},{"not_picked":["Night Terror","Adrenaline"],"picked":"Venomology","floor":16},{"not_picked":["Deflect","Terror"],"picked":"Dodge and Roll","floor":18},{"not_picked":["Deflect","Terror"],"picked":"Cloak And Dagger+1","floor":20},{"not_picked":["Slice","Dagger Spray"],"picked":"Dodge and Roll+1","floor":22},{"not_picked":["Setup","Escape Plan"],"picked":"Caltrops","floor":24},{"not_picked":["Sucker Punch","Endless Agony+1"],"picked":"Backflip","floor":27},{"not_picked":["Poisoned Stab+1","Sucker Punch"],"picked":"Leg Sweep+1","floor":28},{"not_picked":["Underhanded Strike","PiercingWail+1"],"picked":"Expertise","floor":30},{"not_picked":["Setup","Terror+1","Malaise"],"picked":"SKIP","floor":31}],"player_experience":707893,"relics_obtained":[{"floor":7,"key":"FossilizedHelix"},{"floor":9,"key":"The Courier"},{"floor":10,"key":"Gremlin Horn"},{"floor":26,"key":"Pen Nib"}],"event_choices":[{"damage_healed":0,"gold_gain":0,"player_choice":"Gave Potion","damage_taken":0,"relics_obtained":["Bag of Marbles"],"max_hp_gain":0,"max_hp_loss":0,"event_name":"WeMeetAgain","floor":4,"gold_loss":0},{"cards_removed":["Strike_G"],"damage_healed":0,"gold_gain":0,"player_choice":"Gave Gold","damage_taken":0,"max_hp_gain":0,"max_hp_loss":0,"event_name":"Beggar","floor":19,"gold_loss":75},{"damage_healed":0,"gold_gain":0,"player_choice":"Paid Fearfully","damage_taken":0,"max_hp_gain":0,"max_hp_loss":0,"event_name":"Masked Bandits","floor":25,"gold_loss":46},{"damage_healed":0,"gold_gain":0,"player_choice":"Fight","damage_taken":0,"max_hp_gain":0,"max_hp_loss":0,"event_name":"Colosseum","floor":29,"gold_loss":0},{"damage_healed":0,"gold_gain":0,"player_choice":"Fled From Nobs","damage_taken":0,"max_hp_gain":0,"max_hp_loss":0,"event_name":"Colosseum","floor":29,"gold_loss":0}],"is_beta":false,"boss_relics":[{"not_picked":["Lizard Tail","Philosopher\u0027s Stone"],"picked":"WristBlade"}],"items_purged_floors":[],"is_endless":false,"potions_floor_spawned":[2,5,7,10,11,13,20,22,24,31],"killed_by":"Automaton","ascension_level":5}