{"gold_per_floor":[111,131,141,141,216,216,245,263,289,323,323,72,82,111,111,111],"floor_reached":16,"playtime":1204,"items_purged":["Strike_G"],"score":204,"play_id":"e5ff2180-b27c-49f8-ae08-50bb104d02b9","local_time":"20190409182318","is_ascension_mode":true,"campfire_choices":[{"data":"Neutralize","floor":6,"key":"SMITH"},{"floor":11,"key":"REST"},{"floor":15,"key":"REST"}],"neow_cost":"NONE","seed_source_timestamp":679783378350652,"circlet_count":0,"master_deck":["AscendersBane","Defend_G","Defend_G","Defend_G","Defend_G","Defend_G","Strike_G","Strike_G","Strike_G+1","Strike_G+1","Survivor","Neutralize+1","Riddle With Holes","Crippling Poison","Poisoned Stab","Leg Sweep","Poisoned Stab","Footwork","Dagger Spray","Bouncing Flask","PiercingWail","Malaise"],"relics":["Ring of the Snake","NeowsBlessing","Whetstone","Bag of Marbles","Omamori","Matryoshka"],"potions_floor_usage":[7,10,14],"damage_taken":[{"damage":0,"enemies":"Cultist","floor":1,"turns":1},{"damage":0,"enemies":"Small Slimes","floor":2,"turns":1},{"damage":0,"enemies":"Jaw Worm","floor":3,"turns":1},{"damage":25,"enemies":"3 Sentries","floor":7,"turns":11},{"damage":23,"enemies":"Gremlin Gang","floor":8,"turns":4},{"damage":7,"enemies":"Lagavulin","floor":10,"turns":7},{"damage":10,"enemies":"Large Slime","floor":13,"turns":6},{"damage":10,"enemies":"3 Sentries","floor":14,"turns":7},{"damage":32,"enemies":"Slime Boss","floor":16,"turns":9}],"seed_played":"9020674619120972048","potions_obtained":[{"floor":1,"key":"Block Potion"},{"floor":7,"key":"SpeedPotion"},{"floor":10,"key":"Block Potion"},{"floor":13,"key":"SmokeBomb"}],"is_trial":false,"path_per_floor":["M","M","M","?","?","R","E","M","T","E","R","$","M","E","R","B"],"character_chosen":"THE_SILENT","items_purchased":["Footwork","Dagger Spray","Bouncing Flask"],"campfire_rested":2,"item_purchase_floors":[12,12,12],"current_hp_per_floor":[59,59,59,64,57,57,32,9,9,2,23,23,13,3,24,0],"gold":111,"neow_bonus":"THREE_ENEMY_KILL","is_prod":false,"is_daily":false,"chose_seed":false,"campfire_upgraded":1,"win_rate":0,"timestamp":1554848598,"path_taken":["M","?","M","?","?","R","E","?","T","E","R","$","M","E","R","BOSS"],"build_version":"2019-01-23","purchased_purges":1,"victory":false,"max_hp_per_floor":[66,66,66,71,71,71,71,71,71,71,71,71,71,71,71,71],"card_choices":[{"not_picked":["Backflip","Deflect"],"picked":"Riddle With Holes","floor":1},{"not_picked":["Outmaneuver","Flechettes"],"picked":"Crippling Poison","floor":2},{"not_picked":["Underhanded Strike","Deflect"],"picked":"Poisoned Stab","floor":3},{"not_picked":["Eviscerate","Infinite Blades"],"picked":"Leg Sweep","floor":7},{"not_picked":["Setup","Backflip"],"picked":"Poisoned Stab","floor":8},{"not_picked":["Envenom","Blade Dance","Terror"],"picked":"SKIP","floor":10},{"not_picked":["Poisoned Stab","Bane"],"picked":"PiercingWail","floor":13},{"not_picked":["Skewer","Deadly Poison"],"picked":"Malaise","floor":14}],"player_experience":2104154,"relics_obtained":[{"floor":7,"key":"Whetstone"},{"floor":9,"key":"Bag of Marbles"},{"floor":10,"key":"Omamori"},{"floor":14,"key":"Matryoshka"}],"event_choices":[{"damage_healed":0,"gold_gain":0,"player_choice":"Donut","damage_taken":0,"max_hp_gain":5,"max_hp_loss":0,"event_name":"Big Fish","floor":4,"gold_loss":0},{"damage_healed":0,"gold_gain":75,"player_choice":"Touch","damage_taken":7,"max_hp_gain":0,"max_hp_loss":0,"event_name":"FaceTrader","floor":5,"gold_loss":0}],"is_beta":false,"boss_relics":[],"items_purged_floors":[12],"is_endless":false,"potions_floor_spawned":[1,7,10,13],"killed_by":"Slime Boss","ascension_level":14}