{"gold_per_floor":[110,125,140,65,65,65,99,123,148,148,168,168,202,7,7,78,78,92,7,26,40,40,66,86,86,86,86,121,46,46,59,59,59],"floor_reached":33,"playtime":5136,"items_purged":["Parasite"],"score":557,"play_id":"1a4a02d8-6ee3-43ec-a98b-1b658fee740e","local_time":"20181223205933","is_ascension_mode":true,"campfire_choices":[{"data":"Bash","floor":6,"key":"SMITH"},{"data":"Clothesline","floor":10,"key":"SMITH"},{"floor":12,"key":"REST"},{"data":"Immolate","floor":15,"key":"SMITH"},{"data":"1","floor":25,"key":"LIFT"},{"floor":27,"key":"REST"},{"data":"2","floor":30,"key":"LIFT"},{"data":"3","floor":32,"key":"LIFT"}],"neow_cost":"NONE","seed_source_timestamp":207084523466817,"circlet_count":0,"master_deck":["AscendersBane","Strike_R","Strike_R","Strike_R","Strike_R","Defend_R","Defend_R","Defend_R","Defend_R","Bash+1","Iron Wave","Whirlwind","Twin Strike","True Grit","Clothesline+1","Pommel Strike","Immolate+1","Shrug It Off","Iron Wave","Reaper","Pommel Strike","Metallicize+1","Havoc","Ghostly Armor+1"],"relics":["Burning Blood","Strawberry","Vajra","Odd Mushroom","Lantern","Bottled Flame","Cursed Key","Question Card","Girya","Toxic Egg 2","Magic Flower"],"potions_floor_usage":[8,13,16,16,28,33],"damage_taken":[{"damage":4,"enemies":"2 Louse","floor":1,"turns":4},{"damage":4,"enemies":"Jaw Worm","floor":2,"turns":5},{"damage":2,"enemies":"Cultist","floor":3,"turns":4},{"damage":54,"enemies":"Lagavulin","floor":7,"turns":10},{"damage":17,"enemies":"The Mushroom Lair","floor":8,"turns":3},{"damage":1,"enemies":"Red Slaver","floor":11,"turns":3},{"damage":6,"enemies":"Gremlin Nob","floor":13,"turns":3},{"damage":41,"enemies":"The Guardian","floor":16,"turns":10},{"damage":1,"enemies":"Chosen","floor":18,"turns":3},{"damage":0,"enemies":"3 Byrds","floor":20,"turns":3},{"damage":0,"enemies":"Snecko","floor":21,"turns":5},{"damage":38,"enemies":"Book of Stabbing","floor":23,"turns":5},{"damage":4,"enemies":"Centurion and Healer","floor":24,"turns":5},{"damage":2,"enemies":"Slavers","floor":28,"turns":3},{"damage":6,"enemies":"3 Cultists","floor":31,"turns":4},{"damage":112,"enemies":"Automaton","floor":33,"turns":10}],"seed_played":"1979032161283365490","potions_obtained":[{"floor":7,"key":"AttackPotion"},{"floor":11,"key":"SneckoOil"},{"floor":20,"key":"Fire Potion"},{"floor":23,"key":"PowerPotion"},{"floor":31,"key":"Poison Potion"}],"is_trial":false,"path_per_floor":["M","M","M","?","?","R","E","?","T","R","M","R","E","$","R","B",null,"M","?","M","M","?","E","M","R","T","R","E","$","R","M","R","B"],"character_chosen":"IRONCLAD","items_purchased":["Shrug It Off","Strength Potion","Dexterity Potion","Iron Wave"],"campfire_rested":2,"item_purchase_floors":[14,14,14,14],"current_hp_per_floor":[77,79,82,82,87,87,39,28,28,28,33,59,59,59,59,24,71,76,76,82,87,62,30,32,32,32,59,69,69,69,83,83,0],"gold":59,"neow_bonus":"RANDOM_COMMON_RELIC","is_prod":false,"is_daily":false,"chose_seed":false,"campfire_upgraded":3,"win_rate":0,"timestamp":1545627573,"path_taken":["M","M","M","?","?","R","E","?","T","R","M","R","E","?","R","BOSS","M","?","M","M","?","E","M","R","T","R","E","$","R","M","R","BOSS"],"build_version":"2018-12-20","purchased_purges":1,"victory":false,"max_hp_per_floor":[82,82,82,82,87,87,87,87,87,87,87,87,87,87,87,87,87,87,87,87,87,92,92,92,92,92,92,92,89,89,89,89,89],"card_choices":[{"not_picked":["Cleave","Spot Weakness"],"picked":"Iron Wave","floor":1},{"not_picked":["Anger","Blood for Blood"],"picked":"Whirlwind","floor":2},{"not_picked":["Flex","Body Slam"],"picked":"Twin Strike","floor":3},{"not_picked":["Armaments","Cleave"],"picked":"True Grit","floor":7},{"not_picked":["Shrug It Off","Seeing Red"],"picked":"Clothesline","floor":8},{"not_picked":["Flex","Entrench"],"picked":"Pommel Strike","floor":11},{"not_picked":["Wild Strike","Pommel Strike"],"picked":"Immolate","floor":13},{"not_picked":["Bludgeon","Dark Embrace"],"picked":"Reaper","floor":16},{"not_picked":["Second Wind","Intimidate"],"picked":"Pommel Strike","floor":18},{"not_picked":["Sword Boomerang","True Grit","Anger"],"picked":"Metallicize+1","floor":20},{"not_picked":["Bloodletting","Intimidate","Power Through","Perfected Strike"],"picked":"SKIP","floor":21},{"not_picked":["Dark Embrace","Whirlwind","Power Through"],"picked":"Havoc","floor":23},{"not_picked":["Heavy Blade","Armaments","Warcry","Cleave"],"picked":"SKIP","floor":24},{"not_picked":["Rage+1","Sever Soul","Rupture","Infernal Blade+1"],"picked":"SKIP","floor":28},{"not_picked":["Intimidate+1","Armaments+1","Wild Strike"],"picked":"Ghostly Armor+1","floor":31}],"player_experience":667711,"relics_obtained":[{"floor":7,"key":"Vajra"},{"floor":8,"key":"Odd Mushroom"},{"floor":9,"key":"Lantern"},{"floor":13,"key":"Bottled Flame"},{"floor":23,"key":"Girya"},{"floor":26,"key":"Toxic Egg 2"},{"floor":28,"key":"Magic Flower"}],"event_choices":[{"cards_removed":["Strike_R"],"damage_healed":0,"gold_gain":0,"player_choice":"Card Removal","damage_taken":0,"max_hp_gain":0,"max_hp_loss":0,"event_name":"The Cleric","floor":4,"gold_loss":75},{"damage_healed":0,"gold_gain":0,"player_choice":"Donut","damage_taken":0,"max_hp_gain":5,"max_hp_loss":0,"event_name":"Big Fish","floor":5,"gold_loss":0},{"damage_healed":0,"gold_gain":0,"player_choice":"Fought Mushrooms","damage_taken":0,"max_hp_gain":0,"max_hp_loss":0,"event_name":"Mushrooms","floor":8,"gold_loss":0},{"damage_healed":0,"gold_gain":0,"player_choice":"Obtained Relic","damage_taken":0,"relics_obtained":["Question Card"],"max_hp_gain":0,"max_hp_loss":0,"event_name":"Addict","floor":19,"gold_loss":85},{"damage_healed":0,"gold_gain":0,"player_choice":"Shed Blood","damage_taken":30,"max_hp_gain":5,"max_hp_loss":0,"event_name":"Forgotten Altar","floor":22,"gold_loss":0}],"is_beta":false,"boss_relics":[{"not_picked":["Eternal Feather","Tiny House"],"picked":"Cursed Key"}],"items_purged_floors":[29],"is_endless":false,"potions_floor_spawned":[7,11,20,23,24,31],"killed_by":"Automaton","ascension_level":18}