{"gold_per_floor":[116,116,139,159,180,216,216,236,236,236,272,14,14,93,93,217,217,230,230,230,253,278,278,296,330,330,368,383,401,401,444,444,564,564,580,580,599,109,139,173,173,506,506,531,235,28,53,70,70,70],"floor_reached":51,"playtime":5615,"items_purged":["Strike_B","Strike_B","Strike_B","Defend_B"],"score":1094,"play_id":"467764a4-d823-4b9c-b675-0cbec405983c","local_time":"20180726180252","is_ascension_mode":true,"campfire_choices":[{"data":"Sunder","floor":7.0,"key":"SMITH"},{"data":"Zap","floor":10.0,"key":"SMITH"},{"data":"Seek","floor":15.0,"key":"SMITH"},{"data":"Defragment","floor":23.0,"key":"SMITH"},{"data":"Coolheaded","floor":30,"key":"SMITH"},{"data":"Fission","floor":32,"key":"SMITH"},{"data":"Thinking Ahead","floor":41,"key":"SMITH"},{"data":"Echo Form","floor":49,"key":"SMITH"}],"neow_cost":"NONE","seed_source_timestamp":0,"circlet_count":0,"master_deck":["Defend_B","Defend_B","Defend_B","Zap+1","Dualcast","Beam Cell","Self Repair","Sunder+1","Glacier+1","Cold Snap","Cold Snap","Seek+1","Hologram","Coolheaded+1","Fission+1","Turbo","Cold Snap","Capacitor","Ball Lightning","Defragment+1","Consume+1","Loop+1","Blizzard+1","Coolheaded+1","Compile Driver","Hologram","Stack","Capacitor","Aggregate","Echo Form+1","Self Repair+1","Fusion","Sweeping Beam+1","Seek+1","Thinking Ahead+1","Hologram+1","Coolheaded+1","Compile Driver","Hologram","Fusion","Sunder","Cold Snap+1","Conserve Battery+1"],"special_seed":0,"relics":["Cracked Core","Anchor","Vajra","Letter Opener","Torii","Question Card","Orrery","Gremlin Horn","Mummified Hand","War Paint","Boot","Runic Dome","DollysMirror","Tiny Chest","Smiling Mask","Cables","Strawberry","Runic Capacitor","Bottled Flame"],"potions_floor_usage":[27,27,33,50,50,50],"damage_taken":[{"damage":3.0,"enemies":"Small Slimes","floor":1.0,"turns":3.0},{"damage":7.0,"enemies":"Jaw Worm","floor":3.0,"turns":3.0},{"damage":1.0,"enemies":"Cultist","floor":4.0,"turns":3.0},{"damage":14.0,"enemies":"Exordium Thugs","floor":5.0,"turns":5.0},{"damage":0.0,"enemies":"Gremlin Nob","floor":6.0,"turns":4.0},{"damage":6.0,"enemies":"Blue Slaver","floor":8.0,"turns":3.0},{"damage":3.0,"enemies":"3 Sentries","floor":11.0,"turns":5.0},{"damage":1.0,"enemies":"3 Sentries","floor":14.0,"turns":8.0},{"damage":11.0,"enemies":"Slime Boss","floor":16.0,"turns":12.0},{"damage":1.0,"enemies":"Chosen","floor":18.0,"turns":8.0},{"damage":7.0,"enemies":"Shell Parasite","floor":21.0,"turns":6.0},{"damage":0.0,"enemies":"Centurion and Healer","floor":22.0,"turns":10.0},{"damage":8.0,"enemies":"Sentry and Sphere","floor":24.0,"turns":6.0},{"damage":14.0,"enemies":"Gremlin Leader","floor":25.0,"turns":8.0},{"damage":3,"enemies":"Slavers","floor":27,"turns":5},{"damage":0,"enemies":"Snake Plant","floor":28,"turns":3},{"damage":0,"enemies":"Cultist and Chosen","floor":29,"turns":5},{"damage":6,"enemies":"Book of Stabbing","floor":31,"turns":7},{"damage":17,"enemies":"Collector","floor":33,"turns":11},{"damage":49,"enemies":"3 Darklings","floor":35,"turns":5},{"damage":9,"enemies":"3 Shapes","floor":37,"turns":3},{"damage":1,"enemies":"Giant Head","floor":40,"turns":8},{"damage":0,"enemies":"2 Orb Walkers","floor":44,"turns":5},{"damage":23,"enemies":"Nemesis","floor":47,"turns":5},{"damage":8,"enemies":"3 Darklings","floor":48,"turns":4},{"damage":77,"enemies":"Awakened One","floor":50,"turns":11}],"seed_played":"-1896268642750626099","potions_obtained":[{"floor":4.0,"key":"Fire Potion"},{"floor":8.0,"key":"Poison Potion"},{"floor":11.0,"key":"Dexterity Potion"},{"floor":14.0,"key":"Regen Potion"},{"floor":14.0,"key":"Poison Potion"},{"floor":18.0,"key":"Poison Potion"},{"floor":20.0,"key":"Explosive Potion"},{"floor":27,"key":"Fire Potion"},{"floor":29,"key":"Regen Potion"},{"floor":35,"key":"Regen Potion"},{"floor":44,"key":"Regen Potion"}],"is_trial":false,"path_per_floor":["M","?","M","M","M","E","R","M","T","R","E","$","$","?","R","B",null,"M","?","?","M","M","R","M","E","T","E","M","M","R","E","R","B",null,"M","?","M","$","T","E","R","?","T","E","$","$","E","M","R","B"],"character_chosen":"DEFECT","items_purchased":["Seek","Hologram","DollysMirror","Thinking Ahead","Runic Capacitor","Compile Driver","Hologram","Fusion","Sunder"],"campfire_rested":0,"item_purchase_floors":[12,12,38,38,45,45,46,46,46],"current_hp_per_floor":[72,69,62,68,61,68,68,69,69,69,66,66,66,65,65,61,69,69,69,69,62,69,69,61,47,47,65,65,69,69,69,69,59,69,27,27,35,35,35,51,51,51,51,75,75,75,69,71,71,76],"gold":70,"neow_bonus":"RANDOM_COMMON_RELIC","is_prod":false,"is_daily":false,"chose_seed":false,"campfire_upgraded":8,"win_rate":0,"timestamp":1532653372,"path_taken":["M","?","M","M","M","E","R","M","T","R","E","?","$","?","R","BOSS","M","?","?","M","M","R","M","E","T","E","?","?","R","E","R","BOSS","M","?","M","$","?","E","R","?","T","E","?","$","E","M","R","BOSS"],"build_version":"2018-07-19v2","purchased_purges":4,"victory":true,"max_hp_per_floor":[75,69,69,69,69,69,69,69,69,69,69,69,69,69,69,69,69,69,69,69,69,69,69,69,69,69,69,69,69,69,69,69,69,69,69,69,69,69,69,69,69,69,69,76,76,76,76,76,76,76],"card_choices":[{"not_picked":["Blizzard","Scrape"],"picked":"Beam Cell","floor":1.0},{"not_picked":["Coolheaded","Rebound"],"picked":"Self Repair","floor":3.0},{"not_picked":["Redo","Loop"],"picked":"Sunder","floor":4.0},{"not_picked":["Coolheaded","Redo"],"picked":"Glacier","floor":5.0},{"not_picked":["Leap","Amplify"],"picked":"Cold Snap","floor":6.0},{"not_picked":["White Noise","Heatsinks","Stack"],"picked":"SKIP","floor":8.0},{"not_picked":["Barrage","Leap"],"picked":"Cold Snap","floor":11.0},{"not_picked":["Ball Lightning","Rebound","Beam Cell"],"picked":"Coolheaded","floor":14.0},{"not_picked":["All For One","Multi-Cast","Rainbow"],"picked":"Fission","floor":16.0},{"not_picked":["Self Repair","Gash","Stack"],"picked":"Turbo","floor":17.0},{"not_picked":["Hologram","Beam Cell","Static Discharge"],"picked":"Cold Snap","floor":17.0},{"not_picked":["Genetic Algorithm","Loop","Streamline"],"picked":"Capacitor","floor":17.0},{"not_picked":["Leap","Steam","Scrape"],"picked":"Ball Lightning","floor":17.0},{"not_picked":["Undo","White Noise","Fission"],"picked":"Defragment","floor":17.0},{"not_picked":["Ball Lightning","Stack","Gash"],"picked":"Consume+1","floor":18.0},{"not_picked":["Skim","Sweeping Beam","Cold Snap"],"picked":"Loop+1","floor":21.0},{"not_picked":["Loop","Chill","Hologram"],"picked":"Blizzard+1","floor":22.0},{"not_picked":["Creative AI","Glacier","Go for the Eyes"],"picked":"Coolheaded","floor":24.0},{"not_picked":["Double Energy","Force Field","All For One"],"picked":"Compile Driver","floor":25.0},{"not_picked":["Hyperbeam","Compile Driver+1","Genetic Algorithm"],"picked":"Hologram","floor":27},{"not_picked":["Sunder+1","Cold Snap","Compile Driver+1"],"picked":"Stack","floor":28},{"not_picked":["Barrage","Steam","Leap+1"],"picked":"Capacitor","floor":29},{"not_picked":["Sweeping Beam","Static Discharge","Steam"],"picked":"Aggregate","floor":31},{"not_picked":["Core Surge","Meteor Strike","Machine Learning"],"picked":"Echo Form","floor":33},{"not_picked":["Genetic Algorithm+1","Melter+1","Steam+1"],"picked":"Self Repair+1","floor":35},{"not_picked":["Stack","Steam","Streamline"],"picked":"Sweeping Beam+1","floor":37},{"not_picked":["Steam","Consume+1","Leap+1"],"picked":"Hologram+1","floor":40},{"not_picked":["Static Discharge","Gash","Go for the Eyes+1"],"picked":"Coolheaded+1","floor":44},{"not_picked":["Ball Lightning","Beam Cell+1","Gash+1"],"picked":"Cold Snap+1","floor":47},{"not_picked":["Go for the Eyes","Sweeping Beam","Steam Power+1"],"picked":"Conserve Battery+1","floor":48}],"player_experience":196881,"relics_obtained":[{"floor":6.0,"key":"Vajra"},{"floor":9.0,"key":"Letter Opener"},{"floor":11.0,"key":"Torii"},{"floor":25.0,"key":"Gremlin Horn"},{"floor":26.0,"key":"Mummified Hand"},{"floor":27,"key":"War Paint"},{"floor":31,"key":"Boot"},{"floor":39,"key":"Tiny Chest"},{"floor":40,"key":"Smiling Mask"},{"floor":43,"key":"Cables"},{"floor":44,"key":"Strawberry"},{"floor":47,"key":"Bottled Flame"}],"event_choices":[{"event_name":"Golden Idol","player_choice":"Lose Max HP","floor":2.0,"damage_taken":0.0},{"event_name":"Dead Adventurer","player_choice":"Searched \u00272\u0027 times","floor":14.0,"damage_taken":0.0},{"event_name":"Drug Dealer","player_choice":"Ignored","floor":19.0,"damage_taken":0.0},{"event_name":"The Lab","player_choice":"Got Potions","floor":20.0,"damage_taken":0.0},{"event_name":"Transmorgrifier","player_choice":"Transform","floor":36,"damage_taken":0},{"event_name":"The Moai Head","player_choice":"Gave Idol","floor":42,"damage_taken":0}],"is_beta":false,"boss_relics":[{"not_picked":["Busted Crown","Tiny House"],"picked":"Orrery"},{"not_picked":["Lizard Tail","Velvet Choker"],"picked":"Runic Dome"}],"items_purged_floors":[12,38,45,46],"is_endless":false,"potions_floor_spawned":[4,8,11,14,14,18,21,27,29,35,44],"ascension_level":4}