{"gold_per_floor":[110,128,147,162,73,73,88,88,111,131,150,150,176,196,196,298,348,331,345,358,375,52,52,86,98,164,206,218,145,177,189],"floor_reached":31,"playtime":2058,"items_purged":[],"score":373,"play_id":"a897cba1-2428-4d36-99ee-002044925532","local_time":"20180923220500","is_ascension_mode":true,"campfire_choices":[{"data":"Noxious Fumes","floor":6,"key":"SMITH"},{"data":"Noxious Fumes","floor":8,"key":"SMITH"},{"data":"Endless Agony","floor":15,"key":"SMITH"},{"data":"After Image","floor":23,"key":"SMITH"},{"floor":25,"key":"REST"},{"floor":28,"key":"REST"}],"neow_cost":"CURSE","seed_source_timestamp":207736376405347,"circlet_count":0,"master_deck":["Defend_G","Defend_G","Defend_G","Defend_G","Defend_G","Strike_G","Strike_G","Strike_G","Strike_G","Strike_G","Survivor","Neutralize","Doubt","Blade Dance+1","Deadly Poison+1","Blade Dance","Noxious Fumes+1","Noxious Fumes+1","Deadly Poison","Deflect","Endless Agony+1","Finisher","Bane","Poisoned Stab","Storm of Steel","Choke","Bane","After Image+1","Blade Dance+1","Poisoned Stab","Infinite Blades","Blade Dance","Poisoned Stab","PiercingWail","Cloak And Dagger"],"relics":["Ring of the Snake","FossilizedHelix","Anchor","Smiling Mask","Art of War","Tiny House","Lee\u0027s Waffle","MawBank","Bronze Scales","Potion Belt","War Paint"],"potions_floor_usage":[11,13,18,24,27],"damage_taken":[{"damage":0,"enemies":"Cultist","floor":1,"turns":6},{"damage":0,"enemies":"Jaw Worm","floor":2,"turns":5},{"damage":0,"enemies":"Small Slimes","floor":3,"turns":3},{"damage":9,"enemies":"Exordium Wildlife","floor":4,"turns":7},{"damage":0,"enemies":"Looter","floor":7,"turns":4},{"damage":10,"enemies":"Gremlin Gang","floor":10,"turns":4},{"damage":1,"enemies":"Lots of Slimes","floor":11,"turns":4},{"damage":6,"enemies":"Gremlin Nob","floor":13,"turns":4},{"damage":0,"enemies":"Large Slime","floor":14,"turns":6},{"damage":3,"enemies":"Slime Boss","floor":16,"turns":9},{"damage":0,"enemies":"2 Thieves","floor":18,"turns":4},{"damage":27,"enemies":"3 Byrds","floor":19,"turns":6},{"damage":8,"enemies":"Centurion and Healer","floor":20,"turns":6},{"damage":20,"enemies":"Snecko","floor":21,"turns":5},{"damage":52,"enemies":"Gremlin Leader","floor":24,"turns":6},{"damage":44,"enemies":"Slavers","floor":27,"turns":5},{"damage":25,"enemies":"Snake Plant","floor":30,"turns":4},{"damage":29,"enemies":"Centurion and Healer","floor":31,"turns":4}],"seed_played":"-2476960585547538687","potions_obtained":[{"floor":1,"key":"SpeedPotion"},{"floor":4,"key":"Block Potion"},{"floor":11,"key":"PowerPotion"},{"floor":13,"key":"Block Potion"},{"floor":17,"key":"EssenceOfSteel"},{"floor":19,"key":"FairyPotion"},{"floor":21,"key":"Poison Potion"}],"is_trial":false,"path_per_floor":["M","M","M","M","$","R","M","R","T","M","M","?","E","M","R","B",null,"M","M","M","M","$","R","E","R","T","E","R","?","M"],"character_chosen":"THE_SILENT","items_purchased":["Noxious Fumes","Deadly Poison","Lee\u0027s Waffle","Infinite Blades","Blade Dance"],"campfire_rested":2,"item_purchase_floors":[5,5,22,22,22],"current_hp_per_floor":[70,70,70,61,61,61,61,61,61,51,50,47,41,41,41,38,75,75,48,40,20,82,82,30,54,54,10,34,34,9,0],"gold":189,"neow_bonus":"ONE_RARE_RELIC","is_prod":false,"is_daily":false,"chose_seed":false,"campfire_upgraded":4,"win_rate":0,"timestamp":1537758300,"path_taken":["M","M","M","M","$","R","M","R","T","M","M","?","E","M","R","BOSS","M","M","M","M","$","R","E","R","T","E","R","?","M","M"],"build_version":"2018-09-20","purchased_purges":0,"victory":false,"max_hp_per_floor":[70,70,70,70,70,70,70,70,70,70,70,70,70,70,70,70,75,75,75,75,75,82,82,82,82,82,82,82,82,82,82],"card_choices":[{"not_picked":["Underhanded Strike","Bane"],"picked":"Blade Dance","floor":1},{"not_picked":["Prepared","Sucker Punch"],"picked":"Deadly Poison","floor":2},{"not_picked":["Riddle With Holes","Escape Plan"],"picked":"Blade Dance","floor":3},{"not_picked":["Calculated Gamble","Prepared"],"picked":"Noxious Fumes","floor":4},{"not_picked":["Bane","Sucker Punch"],"picked":"Deflect","floor":7},{"not_picked":["Finisher","Concentrate"],"picked":"Endless Agony","floor":10},{"not_picked":["Outmaneuver","Wraith Form v2"],"picked":"Finisher","floor":11},{"not_picked":["Backflip","Quick Slash"],"picked":"Bane","floor":13},{"not_picked":["Acrobatics","PiercingWail"],"picked":"Poisoned Stab","floor":14},{"not_picked":["Unload","Phantasmal Killer"],"picked":"Storm of Steel","floor":16},{"not_picked":["Sucker Punch","Escape Plan"],"picked":"Choke","floor":17},{"not_picked":["Flying Knee","Dagger Spray+1"],"picked":"Bane","floor":18},{"not_picked":["Setup","Riddle With Holes+1"],"picked":"After Image","floor":19},{"not_picked":["Flying Knee","Backflip"],"picked":"Blade Dance","floor":20},{"not_picked":["Setup","Deadly Poison"],"picked":"Poisoned Stab","floor":21},{"not_picked":["Bane","Outmaneuver"],"picked":"Poisoned Stab","floor":24},{"not_picked":["Outmaneuver","Expertise"],"picked":"PiercingWail","floor":27},{"not_picked":["Adrenaline","Well Laid Plans+1"],"picked":"Cloak And Dagger","floor":30}],"player_experience":384137,"relics_obtained":[{"floor":9,"key":"Anchor"},{"floor":13,"key":"Art of War"},{"floor":24,"key":"MawBank"},{"floor":26,"key":"Bronze Scales"},{"floor":27,"key":"Potion Belt"}],"event_choices":[{"event_name":"Scrap Ooze","player_choice":"success","floor":12,"damage_taken":3},{"event_name":"Addict","player_choice":"Obtained Relic","floor":29,"damage_taken":0}],"is_beta":false,"boss_relics":[{"not_picked":["Ectoplasm","Ring of the Serpent"],"picked":"Tiny House"}],"items_purged_floors":[],"is_endless":false,"potions_floor_spawned":[1,4,11,13,19,20,21],"killed_by":"Centurion and Healer","ascension_level":3}