{"gold_per_floor":[110,32,43,43,43,43,56,56,56,56,84,49,49,49,49,152,152,172,172,172,183,206,236,236,255,255,275,14,47,47,67,67,67],"floor_reached":33,"playtime":1404,"items_purged":[],"score":383,"play_id":"4ce32c2b-134a-4d33-b907-dca48c29937a","local_time":"20190205214332","is_ascension_mode":true,"campfire_choices":[{"data":"Corpse Explosion","floor":6,"key":"SMITH"},{"data":"Noxious Fumes","floor":8,"key":"SMITH"},{"data":"Backstab","floor":10,"key":"SMITH"},{"floor":15,"key":"REST"},{"data":"Bane","floor":24,"key":"SMITH"},{"floor":30,"key":"REST"},{"floor":32,"key":"REST"}],"neow_cost":"NONE","seed_source_timestamp":684734981620115,"circlet_count":0,"master_deck":["Defend_G","Defend_G","Defend_G","Defend_G","Defend_G","Strike_G","Strike_G","Strike_G","Survivor","Neutralize","Corpse Explosion+1","Backstab+1","Noxious Fumes+1","Poisoned Stab","Distraction+1","Bane","Burst+1","Blur+1","Outmaneuver+1","Dodge and Roll+1","Bouncing Flask+1","Bane+1","Backflip+1","Dash","Leg Sweep+1","Distraction+1"],"relics":["Ring of the Snake","Blood Vial","Toxic Egg 2","Tough Bandages","Bag of Marbles","Black Star","Anchor","Bag of Preparation","Pen Nib","Matryoshka","Pear","Nunchaku","Centennial Puzzle"],"potions_floor_usage":[16,21,23,29,29,33,33],"damage_taken":[{"damage":8,"enemies":"Small Slimes","floor":1,"turns":4},{"damage":0,"enemies":"2 Louse","floor":3,"turns":1},{"damage":0,"enemies":"Cultist","floor":7,"turns":3},{"damage":43,"enemies":"Gremlin Nob","floor":11,"turns":4},{"damage":44,"enemies":"The Guardian","floor":16,"turns":8},{"damage":3,"enemies":"Spheric Guardian","floor":18,"turns":3},{"damage":0,"enemies":"2 Thieves","floor":21,"turns":1},{"damage":12,"enemies":"Gremlin Leader","floor":23,"turns":6},{"damage":2,"enemies":"Shelled Parasite and Fungi","floor":25,"turns":6},{"damage":7,"enemies":"3 Cultists","floor":27,"turns":6},{"damage":27,"enemies":"Slavers","floor":29,"turns":3},{"damage":12,"enemies":"Centurion and Healer","floor":31,"turns":5},{"damage":81,"enemies":"Champ","floor":33,"turns":11}],"seed_played":"5772443754080169791","potions_obtained":[{"floor":1,"key":"Regen Potion"},{"floor":11,"key":"Fire Potion"},{"floor":16,"key":"Strength Potion"},{"floor":18,"key":"Energy Potion"},{"floor":21,"key":"GhostInAJar"},{"floor":27,"key":"Swift Potion"},{"floor":31,"key":"Strength Potion"}],"is_trial":false,"path_per_floor":["M","$","M","?","?","R","M","R","T","R","E","?","$","?","R","B",null,"M","?","?","M","T","E","R","M","T","M","$","E","R","M","R","B"],"character_chosen":"THE_SILENT","items_purchased":["Noxious Fumes","Pear"],"campfire_rested":3,"item_purchase_floors":[2,28],"current_hp_per_floor":[62,62,62,59,59,59,61,61,61,61,20,37,37,37,58,31,60,59,59,59,61,61,51,51,51,51,46,56,31,55,45,69,0],"gold":67,"neow_bonus":"ONE_RANDOM_RARE_CARD","is_prod":false,"is_daily":false,"chose_seed":false,"campfire_upgraded":4,"win_rate":0,"timestamp":1549424612,"path_taken":["M","$","M","?","?","R","M","R","T","R","E","?","$","?","R","BOSS","M","?","?","?","?","E","R","?","T","M","$","E","R","M","R","BOSS"],"build_version":"2019-01-23","purchased_purges":0,"victory":false,"max_hp_per_floor":[70,70,70,70,70,70,70,70,70,70,70,70,70,70,70,70,70,70,70,70,70,70,70,70,70,70,70,80,80,80,80,80,80],"card_choices":[{"not_picked":["Blade Dance","Dodge and Roll"],"picked":"Backstab","floor":1},{"not_picked":["Sucker Punch","Blade Dance"],"picked":"Poisoned Stab","floor":3},{"not_picked":["Riddle With Holes","Acrobatics+1"],"picked":"Distraction+1","floor":7},{"not_picked":["Quick Slash","Dodge and Roll+1"],"picked":"Bane","floor":11},{"not_picked":["Bullet Time+1","Venomology+1"],"picked":"Burst+1","floor":16},{"not_picked":["Leg Sweep+1","Masterful Stab"],"picked":"Blur+1","floor":18},{"not_picked":["Underhanded Strike+1","Blade Dance+1"],"picked":"Bouncing Flask+1","floor":21},{"not_picked":["Choke","Crippling Poison+1"],"picked":"Bane","floor":23},{"not_picked":["Masterful Stab+1","Blade Dance+1"],"picked":"Backflip+1","floor":25},{"not_picked":["Dagger Spray","Sucker Punch+1"],"picked":"Dash","floor":27},{"not_picked":["Reflex+1","Riddle With Holes"],"picked":"Leg Sweep+1","floor":29},{"not_picked":["Dagger Throw","Endless Agony+1"],"picked":"Distraction+1","floor":31}],"player_experience":753075,"relics_obtained":[{"floor":9,"key":"Tough Bandages"},{"floor":11,"key":"Bag of Marbles"},{"floor":22,"key":"Anchor"},{"floor":23,"key":"Bag of Preparation"},{"floor":23,"key":"Pen Nib"},{"floor":26,"key":"Matryoshka"},{"floor":29,"key":"Nunchaku"},{"floor":29,"key":"Centennial Puzzle"}],"event_choices":[{"damage_healed":0,"gold_gain":0,"player_choice":"Success","damage_taken":3,"relics_obtained":["Blood Vial"],"max_hp_gain":0,"max_hp_loss":0,"event_name":"Scrap Ooze","floor":4,"gold_loss":0},{"damage_healed":0,"gold_gain":0,"player_choice":"Box","damage_taken":0,"relics_obtained":["Toxic Egg 2"],"max_hp_gain":0,"max_hp_loss":0,"event_name":"Big Fish","floor":5,"gold_loss":0,"cards_obtained":["Regret"]},{"damage_healed":17,"gold_gain":0,"player_choice":"Healed","damage_taken":0,"max_hp_gain":0,"max_hp_loss":0,"event_name":"The Cleric","floor":12,"gold_loss":35},{"damage_healed":0,"gold_gain":0,"player_choice":"Ignored","damage_taken":0,"max_hp_gain":0,"max_hp_loss":0,"event_name":"Liars Game","floor":14,"gold_loss":0},{"damage_healed":0,"gold_gain":0,"cards_transformed":["Strike_G","Strike_G"],"player_choice":"Became Test Subject","damage_taken":0,"max_hp_gain":0,"max_hp_loss":0,"event_name":"Drug Dealer","floor":19,"gold_loss":0,"cards_obtained":["Outmaneuver","Dodge and Roll"]},{"cards_removed":["Regret"],"damage_healed":0,"gold_gain":0,"player_choice":"Purged","damage_taken":0,"max_hp_gain":0,"max_hp_loss":0,"event_name":"Purifier","floor":20,"gold_loss":0}],"is_beta":false,"boss_relics":[{"not_picked":["Lizard Tail","HoveringKite"],"picked":"Black Star"}],"items_purged_floors":[],"is_endless":false,"potions_floor_spawned":[1,11,16,18,21,27,31],"killed_by":"Champ","ascension_level":5}