{"gold_per_floor":[119,139,155,155,155,155,6,25,72,88,88,123,123,153,153,227,227,240,255,267,129,149,149,178,178,230,155,155,155,183,193,193,265,265,282,33,0,0,0,0,0],"floor_reached":41,"playtime":2315,"items_purged":["Regret","Strike_R","Strike_R"],"score":785,"play_id":"79ed70cc-69da-482b-b50a-224b5c4be332","local_time":"20180816002710","is_ascension_mode":true,"campfire_choices":[{"data":"Bash","floor":6.0,"key":"SMITH"},{"data":"True Grit","floor":11.0,"key":"SMITH"},{"data":"Carnage","floor":13.0,"key":"SMITH"},{"data":"Inflame","floor":15.0,"key":"SMITH"},{"data":"Barricade","floor":23.0,"key":"SMITH"},{"data":"Limit Break","floor":25.0,"key":"SMITH"},{"floor":28.0,"key":"REST"},{"floor":32.0,"key":"REST"},{"data":"Immolate","floor":40,"key":"SMITH"}],"neow_cost":"NONE","seed_source_timestamp":2030604527662452,"circlet_count":0,"master_deck":["Strike_R+1","Strike_R+1","Defend_R","Defend_R","Defend_R+1","Defend_R","Bash+1","AscendersBane","Spot Weakness","Cleave","Iron Wave+1","Carnage+1","Inflame+1","True Grit+1","Limit Break+1","Feel No Pain","Feel No Pain","Barricade+1","Pummel","Shrug It Off","Immolate+1","Feel No Pain","Thunderclap+1"],"special_seed":0,"relics":["Black Blood","Pen Nib","Lantern","Ice Cream","Champion Belt","Sozu","Whetstone","Juzu Bracelet","Nloth\u0027s Gift","The Courier","Strawberry","Red Mask","Nunchaku"],"potions_floor_usage":[],"damage_taken":[{"damage":14.0,"enemies":"Jaw Worm","floor":1.0,"turns":6.0},{"damage":10.0,"enemies":"Small Slimes","floor":2.0,"turns":3.0},{"damage":1.0,"enemies":"Cultist","floor":3.0,"turns":3.0},{"damage":0.0,"enemies":"Exordium Wildlife","floor":8.0,"turns":1.0},{"damage":4.0,"enemies":"3 Louse","floor":10.0,"turns":3.0},{"damage":20.0,"enemies":"3 Sentries","floor":12.0,"turns":5.0},{"damage":22.0,"enemies":"Lagavulin","floor":14.0,"turns":5.0},{"damage":5.0,"enemies":"Hexaghost","floor":16.0,"turns":7.0},{"damage":7.0,"enemies":"Chosen","floor":18.0,"turns":3.0},{"damage":0.0,"enemies":"Spheric Guardian","floor":19.0,"turns":3.0},{"damage":3.0,"enemies":"Cultist and Chosen","floor":20.0,"turns":3.0},{"damage":27.0,"enemies":"Snake Plant","floor":22.0,"turns":4.0},{"damage":26.0,"enemies":"Slavers","floor":24.0,"turns":4.0},{"damage":34.0,"enemies":"Book of Stabbing","floor":30.0,"turns":4.0},{"damage":25.0,"enemies":"Centurion and Healer","floor":31.0,"turns":4.0},{"damage":2.0,"enemies":"Champ","floor":33.0,"turns":14.0},{"damage":13.0,"enemies":"Flame Bruiser 1 Orb","floor":35.0,"turns":6.0},{"damage":8.0,"floor":38.0,"turns":7.0},{"damage":85,"enemies":"2 Orb Walkers","floor":41,"turns":6}],"seed_played":"7419241305841934245","potions_obtained":[{"floor":1.0,"key":"Strength Potion"},{"floor":3.0,"key":"BloodPotion"},{"floor":12.0,"key":"Fire Potion"}],"is_trial":false,"path_per_floor":["M","M","M","?","?","R","$","M","T","M","R","E","R","E","R","B",null,"M","M","M","$","M","R","E","R","T","?","R","?","E","M","R","B",null,"M","$","?","?","?","R"],"character_chosen":"IRONCLAD","items_purchased":["Carnage","Feel No Pain","Feel No Pain","Strawberry"],"campfire_rested":2,"item_purchase_floors":[7,21,36,36],"current_hp_per_floor":[60,56,61,46,46,46,46,52,52,54,54,40,40,24,24,25,63,62,68,71,71,50,50,30,30,30,30,52,52,24,12,34,38,66,63,70,70,72,72,72,0],"gold":0,"neow_bonus":"RANDOM_COMMON_RELIC","is_prod":false,"is_daily":false,"chose_seed":false,"campfire_upgraded":7,"win_rate":0,"timestamp":1534404430,"path_taken":["M","M","M","?","?","R","$","?","T","M","R","E","R","E","R","BOSS","M","M","M","$","M","R","E","R","T","?","R","?","E","M","R","BOSS","M","$","?","?","?","R","E"],"build_version":"2018-08-09","purchased_purges":3,"victory":false,"max_hp_per_floor":[75,75,75,75,75,75,75,75,75,75,75,75,75,75,75,75,75,75,75,75,75,75,75,75,75,75,75,75,75,75,75,75,75,75,75,82,82,82,82,82,82],"card_choices":[{"not_picked":["Rupture","Clash"],"picked":"Spot Weakness","floor":1.0},{"not_picked":["Clash","Power Through"],"picked":"Cleave","floor":2.0},{"not_picked":["Headbutt","Armaments"],"picked":"Iron Wave","floor":3.0},{"not_picked":["Entrench","Infernal Blade"],"picked":"Inflame","floor":8.0},{"not_picked":["Body Slam","Thunderclap"],"picked":"True Grit","floor":10.0},{"not_picked":["Cleave","Body Slam","Warcry"],"picked":"SKIP","floor":12.0},{"not_picked":["Power Through","Corruption","Havoc"],"picked":"SKIP","floor":14.0},{"not_picked":["Fiend Fire","Double Tap"],"picked":"Limit Break","floor":16.0},{"not_picked":["Blood for Blood","Iron Wave"],"picked":"Feel No Pain","floor":18.0},{"not_picked":["Dual Wield","Pommel Strike","Body Slam"],"picked":"SKIP","floor":19.0},{"not_picked":["Thunderclap","Entrench","Rage+1"],"picked":"SKIP","floor":20.0},{"not_picked":["Iron Wave+1","Havoc"],"picked":"Barricade","floor":22.0},{"not_picked":["Cleave","Searing Blow","Thunderclap+1"],"picked":"SKIP","floor":24.0},{"not_picked":["Anger","Thunderclap"],"picked":"Pummel","floor":30.0},{"not_picked":["Havoc","Perfected Strike"],"picked":"Shrug It Off","floor":31.0},{"not_picked":["Limit Break","Bludgeon"],"picked":"Immolate","floor":33.0},{"not_picked":["Combust","Dual Wield","Perfected Strike"],"picked":"SKIP","floor":35.0},{"not_picked":["Evolve","Cleave+1"],"picked":"Thunderclap+1","floor":38.0}],"player_experience":471697,"relics_obtained":[{"floor":9.0,"key":"Vajra"},{"floor":12.0,"key":"Ice Cream"},{"floor":14.0,"key":"Champion Belt"},{"floor":24.0,"key":"Whetstone"},{"floor":26.0,"key":"Juzu Bracelet"},{"floor":30.0,"key":"The Courier"},{"floor":38.0,"key":"Nunchaku"}],"event_choices":[{"event_name":"Shining Light","player_choice":"Entered Light","floor":4.0,"damage_taken":0.0},{"event_name":"Big Fish","player_choice":"Box","floor":5.0,"damage_taken":0.0},{"event_name":"Beggar","player_choice":"Gave Gold","floor":27.0,"damage_taken":0.0},{"event_name":"N\u0027loth","player_choice":"Traded a Vajra","floor":29.0,"damage_taken":0.0},{"event_name":"Tomb of Lord Red Mask","player_choice":"Paid","floor":37.0,"damage_taken":0.0},{"event_name":"MindBloom","player_choice":"Fight","floor":38.0,"damage_taken":0.0},{"event_name":"Mysterious Sphere","player_choice":"Ignore","floor":39,"damage_taken":0}],"is_beta":false,"boss_relics":[{"not_picked":["Calling Bell","Runic Pyramid"],"picked":"Sozu"},{"not_picked":["Cursed Key","Busted Crown"],"picked":"Black Blood"}],"items_purged_floors":[7,21,36],"is_endless":false,"potions_floor_spawned":[1,3,12,16,20,22,30,35],"killed_by":"2 Orb Walkers","ascension_level":14}