{"gold_per_floor":[116,126,126,137,137,137,163,163,163,173,200,217,546,569,569,664,664,677,693,706,706,706,736,736,736,785,785,804,804],"floor_reached":29,"playtime":2561,"items_purged":[],"score":302,"play_id":"2c02f86c-01ec-4e42-8f4f-619f7596225d","local_time":"20180723095728","is_ascension_mode":true,"campfire_choices":[{"data":"Outmaneuver","floor":6.0,"key":"SMITH"},{"floor":8.0,"key":"REST"},{"floor":15.0,"key":"REST"}],"neow_cost":"","seed_source_timestamp":635388690005823,"circlet_count":0,"master_deck":["Defend_G","Defend_G","Defend_G","Defend_G","Strike_G","Strike_G","Strike_G","Strike_G","Strike_G","Survivor","Neutralize","Outmaneuver+1","Backflip","Flying Knee","Die Die Die","Dagger Throw","Predator","After Image","Venomology","RitualDagger"],"special_seed":0,"relics":["Ring of the Snake","Nunchaku","Juzu Bracelet","Shuriken","Dodecahedron","Old Coin","Odd Mushroom","Busted Crown","Darkstone Periapt","Ancient Tea Set","Ninja Scroll"],"potions_floor_usage":[20,20,23,23,28,28,29],"damage_taken":[{"damage":0.0,"enemies":"Cultist","floor":1.0,"turns":4.0},{"damage":0.0,"enemies":"2 Louse","floor":2.0,"turns":2.0},{"damage":0.0,"enemies":"Jaw Worm","floor":4.0,"turns":4.0},{"damage":31.0,"enemies":"Lagavulin","floor":7.0,"turns":10.0},{"damage":1.0,"enemies":"Exordium Thugs","floor":10.0,"turns":3.0},{"damage":12.0,"enemies":"3 Sentries","floor":11.0,"turns":6.0},{"damage":0.0,"enemies":"2 Fungi Beasts","floor":12.0,"turns":3.0},{"damage":20.0,"enemies":"Gremlin Nob","floor":13.0,"turns":4.0},{"damage":3.0,"floor":14.0,"turns":4.0},{"damage":25.0,"enemies":"Slime Boss","floor":16.0,"turns":11.0},{"damage":0,"enemies":"Shell Parasite","floor":18,"turns":5},{"damage":0,"enemies":"Chosen","floor":19,"turns":4},{"damage":2,"enemies":"Snecko","floor":20,"turns":5},{"damage":34,"enemies":"Slavers","floor":23,"turns":5},{"damage":19,"enemies":"Snake Plant","floor":28,"turns":4},{"damage":21,"enemies":"Book of Stabbing","floor":29,"turns":2}],"seed_played":"7786249246985368648","potions_obtained":[{"floor":1.0,"key":"SkillPotion"},{"floor":4.0,"key":"LiquidBronze"},{"floor":7.0,"key":"AttackPotion"},{"floor":10.0,"key":"LiquidBronze"},{"floor":14.0,"key":"SneckoOil"},{"floor":19,"key":"Block Potion"},{"floor":20,"key":"Energy Potion"}],"is_trial":false,"path_per_floor":["M","M","?","M","?","R","E","R","T","M","E","M","E","?","R","B",null,"M","M","M","?","?","E","?","?","T","T","M"],"character_chosen":"THE_SILENT","items_purchased":[],"campfire_rested":2,"item_purchase_floors":[],"current_hp_per_floor":[70,70,63,63,51,51,20,41,41,40,28,28,8,5,26,1,70,70,70,68,68,68,34,34,28,28,28,9,0],"gold":804,"neow_bonus":"","is_prod":false,"is_daily":false,"chose_seed":false,"campfire_upgraded":1,"win_rate":0,"timestamp":1532365048,"path_taken":["M","?","?","?","?","R","E","R","T","M","E","M","E","?","R","BOSS","M","M","M","?","?","E","?","?","T","?","M","E"],"build_version":"2018-07-19v2","purchased_purges":0,"victory":false,"max_hp_per_floor":[70,70,70,70,70,70,70,70,70,70,70,70,70,70,70,70,70,70,70,70,70,70,70,70,70,70,70,70,70],"card_choices":[{"not_picked":["Finisher","Slice"],"picked":"Outmaneuver","floor":1.0},{"not_picked":["Slice","Calculated Gamble"],"picked":"Backflip","floor":2.0},{"not_picked":["Deadly Poison","Cloak And Dagger"],"picked":"Flying Knee","floor":4.0},{"not_picked":["Bane","Slice"],"picked":"Die Die Die","floor":7.0},{"not_picked":["Flechettes","Blur"],"picked":"Dagger Throw","floor":10.0},{"not_picked":["Deflect","Cloak And Dagger","Prepared"],"picked":"SKIP","floor":11.0},{"not_picked":["PiercingWail","Bane"],"picked":"Predator","floor":12.0},{"not_picked":["Infinite Blades","Underhanded Strike"],"picked":"After Image","floor":13.0},{"not_picked":["A Thousand Cuts","Grand Finale"],"picked":"Venomology","floor":16.0},{"not_picked":["Underhanded Strike"],"picked":"SKIP","floor":18},{"not_picked":["Riddle With Holes"],"picked":"SKIP","floor":19},{"not_picked":["Riddle With Holes+1"],"picked":"SKIP","floor":20},{"not_picked":["Slice"],"picked":"SKIP","floor":23},{"not_picked":["Deadly Poison+1"],"picked":"SKIP","floor":28}],"player_experience":134803,"relics_obtained":[{"floor":7.0,"key":"Juzu Bracelet"},{"floor":9.0,"key":"Shuriken"},{"floor":11.0,"key":"Dodecahedron"},{"floor":13.0,"key":"Old Coin"},{"floor":14.0,"key":"Odd Mushroom"},{"floor":23,"key":"Darkstone Periapt"},{"floor":26,"key":"Ancient Tea Set"},{"floor":27,"key":"Ninja Scroll"}],"event_choices":[{"event_name":"Golden Wing","player_choice":"Card Removal","floor":3.0,"damage_taken":0.0},{"event_name":"Scrap Ooze","player_choice":"success","floor":5.0,"damage_taken":12.0},{"event_name":"Mushrooms","player_choice":"Fought Mushrooms","floor":14.0,"damage_taken":0.0},{"event_name":"Drug Dealer","player_choice":"Ignored","floor":21,"damage_taken":0},{"event_name":"Ghosts","player_choice":"Ignored","floor":22,"damage_taken":0},{"event_name":"Accursed Blacksmith","player_choice":"Ignore","floor":24,"damage_taken":0},{"event_name":"Nest","player_choice":"Joined the Cult","floor":25,"damage_taken":0}],"is_beta":false,"boss_relics":[{"not_picked":["Calling Bell","Cursed Key"],"picked":"Busted Crown"}],"items_purged_floors":[],"is_endless":false,"potions_floor_spawned":[1,4,7,10,14,19,20],"killed_by":"Book of Stabbing","ascension_level":3}