{"gold_per_floor":[117,128,128,2,26,26,69,69,69,94,94,169,24,74,74,204,204,218,218,117,57,75,118,143,143],"floor_reached":25,"playtime":1600,"items_purged":["Injury","Regret"],"score":274,"play_id":"01621bbe-96d0-4f93-a6ea-5761bd1b518c","local_time":"20190412220705","is_ascension_mode":true,"campfire_choices":[{"data":"Calculated Gamble","floor":6,"key":"SMITH"},{"data":"Crippling Poison","floor":11,"key":"SMITH"},{"floor":15,"key":"REST"}],"neow_cost":"NONE","seed_source_timestamp":52238968271640,"circlet_count":0,"master_deck":["Defend_G","Defend_G","Defend_G","Defend_G","Defend_G","Strike_G","Strike_G","Strike_G","Strike_G","Strike_G","Survivor","Neutralize","Doppelganger","Crippling Poison+1","Poisoned Stab","Backflip","Calculated Gamble+1","Deadly Poison","Burst","Prepared","Venomology","Dash+1","Caltrops+1","Leg Sweep","Dagger Throw+1","All Out Attack+1","Outmaneuver+1","Calculated Gamble"],"relics":["Ring of the Snake","Golden Idol","Molten Egg 2","Frozen Egg 2","Bronze Scales","Snake Skull","Velvet Choker","MutagenicStrength","Question Card"],"potions_floor_usage":[7,18,22,22,23,23,24],"damage_taken":[{"damage":5,"enemies":"Cultist","floor":1,"turns":5},{"damage":0,"enemies":"2 Louse","floor":2,"turns":3},{"damage":0,"enemies":"Small Slimes","floor":5,"turns":3},{"damage":26,"enemies":"3 Sentries","floor":7,"turns":14},{"damage":1,"enemies":"Looter","floor":10,"turns":3},{"damage":38,"enemies":"The Guardian","floor":16,"turns":11},{"damage":1,"enemies":"3 Byrds","floor":18,"turns":2},{"damage":12,"enemies":"2 Thieves","floor":21,"turns":4},{"damage":23,"enemies":"Sentry and Sphere","floor":22,"turns":6},{"damage":2,"enemies":"Gremlin Leader","floor":23,"turns":4},{"damage":8,"enemies":"Chosen and Byrds","floor":24,"turns":6},{"damage":29,"enemies":"Cultist and Chosen","floor":25,"turns":4}],"seed_played":"6427836565779315308","potions_obtained":[{"floor":1,"key":"Swift Potion"},{"floor":10,"key":"Swift Potion"},{"floor":22,"key":"Swift Potion"}],"is_trial":false,"path_per_floor":["M","M","?","$","M","R","E","?","T","M","R","?","$","T","R","B",null,"M","?","$","M","M","E","M","M"],"character_chosen":"THE_SILENT","items_purchased":["Backflip","Prepared","Caltrops+1","Leg Sweep"],"campfire_rested":1,"item_purchase_floors":[4,13,20,20],"current_hp_per_floor":[65,65,65,65,65,65,39,39,39,38,38,27,27,27,48,10,55,54,54,54,42,34,32,24,0],"gold":143,"neow_bonus":"ONE_RANDOM_RARE_CARD","is_prod":false,"is_daily":false,"chose_seed":false,"campfire_upgraded":2,"win_rate":0,"timestamp":1555124825,"path_taken":["M","?","?","$","M","R","E","?","T","M","R","?","$","?","R","BOSS","M","?","$","M","M","E","M","M"],"build_version":"2019-01-23","purchased_purges":2,"victory":false,"max_hp_per_floor":[70,70,70,70,70,70,70,70,70,70,70,70,70,70,70,70,70,70,70,70,70,70,70,70,70],"card_choices":[{"not_picked":["Leg Sweep","Cloak And Dagger"],"picked":"Crippling Poison","floor":1},{"not_picked":["Outmaneuver","Distraction"],"picked":"Poisoned Stab","floor":2},{"not_picked":["Quick Slash","Slice"],"picked":"Calculated Gamble","floor":5},{"not_picked":["All Out Attack","Outmaneuver"],"picked":"Deadly Poison","floor":7},{"not_picked":["Bouncing Flask","Accuracy+1"],"picked":"Burst","floor":10},{"not_picked":["Malaise","Storm of Steel"],"picked":"Venomology","floor":16},{"not_picked":["Escape Plan","Skewer+1"],"picked":"Dash+1","floor":18},{"not_picked":["Setup","Blade Dance"],"picked":"Dagger Throw+1","floor":21},{"not_picked":["Dagger Spray+1","Slice+1"],"picked":"All Out Attack+1","floor":22},{"not_picked":["Finisher+1","Blur"],"picked":"Outmaneuver+1","floor":23},{"not_picked":["Cloak And Dagger","Expertise","Backflip"],"picked":"Calculated Gamble","floor":24}],"player_experience":809109,"relics_obtained":[{"floor":7,"key":"Molten Egg 2"},{"floor":9,"key":"Bronze Scales"},{"floor":14,"key":"Snake Skull"},{"floor":23,"key":"Question Card"}],"event_choices":[{"damage_healed":0,"gold_gain":0,"player_choice":"Take Wound","damage_taken":0,"relics_obtained":["Golden Idol"],"max_hp_gain":0,"max_hp_loss":0,"event_name":"Golden Idol","floor":3,"gold_loss":0,"cards_obtained":["Injury"]},{"damage_healed":0,"gold_gain":0,"player_choice":"Box","damage_taken":0,"relics_obtained":["Frozen Egg 2"],"max_hp_gain":0,"max_hp_loss":0,"event_name":"Big Fish","floor":8,"gold_loss":0,"cards_obtained":["Regret"]},{"damage_healed":0,"gold_gain":75,"player_choice":"Gather Gold","damage_taken":11,"max_hp_gain":0,"max_hp_loss":0,"event_name":"World of Goop","floor":12,"gold_loss":0},{"damage_healed":0,"gold_gain":0,"player_choice":"Inject Mutagens","damage_taken":0,"relics_obtained":["MutagenicStrength"],"max_hp_gain":0,"max_hp_loss":0,"event_name":"Drug Dealer","floor":19,"gold_loss":0}],"is_beta":false,"boss_relics":[{"not_picked":["Orrery","Eternal Feather"],"picked":"Velvet Choker"}],"items_purged_floors":[4,13],"is_endless":false,"potions_floor_spawned":[1,10,22],"killed_by":"Cultist and Chosen","ascension_level":5}