{"gold_per_floor":[115,127,146,146,162,194,194,221,221,221],"floor_reached":10,"playtime":668,"items_purged":[],"score":133,"play_id":"558eaf15-8202-4ab8-957e-74aaca044add","local_time":"20190408183003","is_ascension_mode":true,"campfire_choices":[{"floor":7,"key":"REST"}],"neow_cost":"NONE","seed_source_timestamp":594260716582222,"circlet_count":0,"master_deck":["AscendersBane","Defend_G","Defend_G","Defend_G","Defend_G","Defend_G","Strike_G","Strike_G","Strike_G","Strike_G","Strike_G","Survivor","Neutralize+1","Adrenaline","Caltrops","Backflip","Flying Knee","Deadly Poison","Well Laid Plans+1"],"special_seed":0,"relics":["Ring of the Snake","Frozen Egg 2","Ornamental Fan","Bottled Lightning"],"potions_floor_usage":[6],"damage_taken":[{"damage":6.0,"enemies":"Cultist","floor":1.0,"turns":5.0},{"damage":0.0,"enemies":"2 Louse","floor":2.0,"turns":3.0},{"damage":1.0,"enemies":"Small Slimes","floor":3.0,"turns":4.0},{"damage":2.0,"enemies":"3 Louse","floor":5.0,"turns":5.0},{"damage":22,"enemies":"Gremlin Nob","floor":6,"turns":4},{"damage":38,"enemies":"Lagavulin","floor":8,"turns":9},{"damage":14,"enemies":"3 Sentries","floor":10,"turns":2}],"seed_played":"-3771735871450450070","potions_obtained":[{"floor":3.0,"key":"SteroidPotion"}],"is_trial":false,"path_per_floor":["M","M","M","?","M","E","R","E","T","E"],"character_chosen":"THE_SILENT","items_purchased":[],"campfire_rested":1,"item_purchase_floors":[],"current_hp_per_floor":[53,53,52,52,50,28,47,9,9,0],"gold":221,"neow_bonus":"ONE_RANDOM_RARE_CARD","is_prod":false,"is_daily":false,"chose_seed":false,"campfire_upgraded":0,"win_rate":0,"timestamp":1554762603,"path_taken":["M","?","M","?","M","E","R","E","T","E"],"build_version":"2019-01-23","purchased_purges":0,"victory":false,"max_hp_per_floor":[66,66,66,66,66,66,66,66,66,66],"card_choices":[{"not_picked":["Deflect","Outmaneuver"],"picked":"Caltrops","floor":1.0},{"not_picked":["Concentrate","Reflex"],"picked":"Backflip","floor":2.0},{"not_picked":["Prepared","Endless Agony"],"picked":"Flying Knee","floor":3.0},{"not_picked":["Accuracy","Blade Dance"],"picked":"Deadly Poison","floor":5.0},{"not_picked":["Acrobatics","Outmaneuver","Accuracy"],"picked":"SKIP","floor":6},{"not_picked":["Leg Sweep","Blur"],"picked":"Well Laid Plans+1","floor":8}],"player_experience":2099892,"relics_obtained":[{"floor":6,"key":"Frozen Egg 2"},{"floor":8,"key":"Ornamental Fan"},{"floor":9,"key":"Bottled Lightning"}],"event_choices":[{"damage_healed":0.0,"max_hp_gain":0.0,"max_hp_loss":0.0,"gold_gain":0.0,"event_name":"Living Wall","player_choice":"Grow","floor":4.0,"gold_loss":0.0,"damage_taken":0.0,"cards_upgraded":["Neutralize"]}],"is_beta":false,"boss_relics":[],"items_purged_floors":[],"is_endless":false,"potions_floor_spawned":[3],"killed_by":"3 Sentries","ascension_level":14}