{"gold_per_floor":[118,68,79,89,89,89],"floor_reached":6,"playtime":288,"items_purged":[],"score":45,"play_id":"9a679e4a-0fd2-4be7-a5e5-729032fa8cf8","local_time":"20190409214235","is_ascension_mode":true,"campfire_choices":[],"neow_cost":"NONE","seed_source_timestamp":50569180057711,"circlet_count":0,"master_deck":["Defend_G","Defend_G","Defend_G","Defend_G","Defend_G","Strike_G","Strike_G","Strike_G","Survivor","Neutralize","Catalyst","Deadly Poison","Cloak And Dagger","Slice","Dodge and Roll","Deflect","Outmaneuver","Escape Plan"],"relics":["Orrery"],"potions_floor_usage":[6],"damage_taken":[{"damage":7,"enemies":"Small Slimes","floor":1,"turns":3},{"damage":1,"enemies":"2 Louse","floor":3,"turns":3},{"damage":11,"enemies":"Jaw Worm","floor":4,"turns":4},{"damage":78,"enemies":"Gremlin Nob","floor":6,"turns":5}],"seed_played":"-594099477917093457","potions_obtained":[{"floor":1,"key":"Fire Potion"},{"floor":4,"key":"EssenceOfSteel"}],"is_trial":false,"path_per_floor":["M","?","M","M","?","E"],"character_chosen":"THE_SILENT","items_purchased":[],"campfire_rested":0,"item_purchase_floors":[],"current_hp_per_floor":[63,63,62,51,44,0],"gold":89,"neow_bonus":"BOSS_RELIC","is_prod":false,"is_daily":false,"chose_seed":false,"campfire_upgraded":0,"win_rate":0,"timestamp":1554864155,"path_taken":["M","?","M","M","?","E"],"build_version":"2019-01-23","purchased_purges":0,"victory":false,"max_hp_per_floor":[70,70,70,70,70,70],"card_choices":[{"not_picked":["Backstab","Deadly Poison"],"picked":"Catalyst","floor":0},{"not_picked":["Dodge and Roll","Dagger Throw"],"picked":"Deadly Poison","floor":0},{"not_picked":["Underhanded Strike","Bouncing Flask"],"picked":"Cloak And Dagger","floor":0},{"not_picked":["Underhanded Strike","PiercingWail"],"picked":"Slice","floor":0},{"not_picked":["PiercingWail","Wraith Form v2"],"picked":"Dodge and Roll","floor":0},{"not_picked":["Heel Hook","Underhanded Strike"],"picked":"Deflect","floor":1},{"not_picked":["Blade Dance","Reflex"],"picked":"Outmaneuver","floor":3},{"not_picked":["Slice","Heel Hook"],"picked":"Escape Plan","floor":4}],"player_experience":806322,"relics_obtained":[],"event_choices":[{"cards_removed":["Strike_G"],"damage_healed":0,"gold_gain":0,"player_choice":"Card Removal","damage_taken":0,"max_hp_gain":0,"max_hp_loss":0,"event_name":"The Cleric","floor":2,"gold_loss":50},{"cards_removed":["Strike_G"],"damage_healed":0,"gold_gain":0,"player_choice":"Card Removal","damage_taken":7,"max_hp_gain":0,"max_hp_loss":0,"event_name":"Golden Wing","floor":5,"gold_loss":0}],"is_beta":false,"boss_relics":[],"items_purged_floors":[],"is_endless":false,"potions_floor_spawned":[1,4],"killed_by":"Gremlin Nob","ascension_level":5}