{"gold_per_floor":[111,111,131,144,64,64,74,74,150,166,192,192,19,53,53,131,131,141,141,158,158,172,172,205,205,278,34,62,62,62,95,95,95],"floor_reached":33,"playtime":1702,"items_purged":["Writhe"],"score":606,"play_id":"b391e2be-b8a1-4272-b595-1627ff7a89fe","local_time":"20181227115616","is_ascension_mode":true,"campfire_choices":[{"data":"Searing Blow","floor":6.0,"key":"SMITH"},{"data":"Searing Blow+1","floor":12.0,"key":"SMITH"},{"floor":15.0,"key":"REST"},{"data":"Searing Blow+2","floor":23.0,"key":"SMITH"},{"data":"Searing Blow+3","floor":25.0,"key":"SMITH"},{"data":"Searing Blow+4","floor":29.0,"key":"SMITH"},{"data":"Searing Blow+5","floor":32,"key":"SMITH"}],"neow_cost":"NONE","seed_source_timestamp":279573921898820,"circlet_count":0,"master_deck":["AscendersBane","Strike_R","Strike_R","Strike_R+1","Strike_R","Defend_R","Defend_R","Defend_R+1","Defend_R","Bash","Searing Blow+6","Carnage+1","Anger","Metallicize","Shrug It Off","Shockwave+1","Shrug It Off","Feed","Armaments","Limit Break","Clothesline","Metallicize","Headbutt","True Grit"],"special_seed":0,"relics":["Burning Blood","Bronze Scales","Letter Opener","Blue Candle","Whetstone","Boot","Velvet Choker","Gremlin Horn","Anchor","Self Forming Clay","Bag of Preparation","War Paint","Potion Belt"],"potions_floor_usage":[31],"damage_taken":[{"damage":3.0,"enemies":"2 Louse","floor":1.0,"turns":3.0},{"damage":2.0,"enemies":"Cultist","floor":3.0,"turns":4.0},{"damage":0.0,"enemies":"Jaw Worm","floor":4.0,"turns":3.0},{"damage":11.0,"enemies":"Red Slaver","floor":7.0,"turns":5.0},{"damage":9.0,"enemies":"Looter","floor":10.0,"turns":3.0},{"damage":29.0,"enemies":"Lagavulin","floor":11.0,"turns":6.0},{"damage":16.0,"enemies":"Gremlin Nob","floor":14.0,"turns":4.0},{"damage":50.0,"enemies":"Slime Boss","floor":16.0,"turns":9.0},{"damage":12.0,"enemies":"Shell Parasite","floor":18.0,"turns":4.0},{"damage":21.0,"enemies":"Spheric Guardian","floor":20.0,"turns":4.0},{"damage":0.0,"enemies":"Centurion and Healer","floor":22.0,"turns":4.0},{"damage":25.0,"enemies":"Book of Stabbing","floor":24.0,"turns":5.0},{"damage":14.0,"enemies":"Slavers","floor":28.0,"turns":5.0},{"damage":12,"enemies":"Book of Stabbing","floor":31,"turns":5},{"damage":63,"enemies":"Automaton","floor":33,"turns":6}],"seed_played":"1020265422248933645","potions_obtained":[{"floor":1.0,"key":"Dexterity Potion"},{"floor":7.0,"key":"Explosive Potion"},{"floor":10.0,"key":"SpeedPotion"},{"floor":14.0,"key":"BloodPotion"},{"floor":19.0,"key":"Fire Potion"},{"floor":19.0,"key":"Dexterity Potion"},{"floor":22.0,"key":"Explosive Potion"},{"floor":28.0,"key":"PowerPotion"},{"floor":31,"key":"Explosive Potion"}],"is_trial":false,"path_per_floor":["M","?","M","M","$","R","M","?","T","M","E","R","$","E","R","B",null,"M","?","M","?","M","R","E","E","R","T","$","E","R","?","E","R","B"],"character_chosen":"IRONCLAD","items_purchased":["Metallicize","Feed","Bag of Preparation"],"campfire_rested":1,"item_purchase_floors":[5,13,27],"current_hp_per_floor":[71,71,75,75,75,75,70,52,52,49,26,26,26,19,42,8,63,57,57,45,45,54,54,35,35,35,35,31,31,49,43,43,0],"gold":95,"neow_bonus":"REMOVE_CARD","is_prod":false,"is_daily":false,"chose_seed":false,"campfire_upgraded":6,"win_rate":0,"timestamp":1545940576,"path_taken":["M","?","M","?","?","R","M","?","T","M","E","R","$","E","R","BOSS","M","?","?","?","M","R","E","R","T","$","E","R","?","E","R","BOSS"],"build_version":"2018-12-20","purchased_purges":1,"victory":false,"max_hp_per_floor":[75,75,75,75,75,75,75,75,75,75,75,75,75,78,78,81,81,81,81,84,84,87,87,87,87,87,87,91,91,91,91,91,91],"card_choices":[{"not_picked":["Pommel Strike","Heavy Blade"],"picked":"Searing Blow","floor":1.0},{"not_picked":["Headbutt","Body Slam"],"picked":"Carnage","floor":3.0},{"not_picked":["Heavy Blade","Sword Boomerang"],"picked":"Anger","floor":4.0},{"not_picked":["Thunderclap","Seeing Red"],"picked":"Shrug It Off","floor":7.0},{"not_picked":["Power Through","Evolve"],"picked":"Shockwave","floor":10.0},{"not_picked":["Warcry","Dropkick"],"picked":"Shrug It Off","floor":11.0},{"not_picked":["Sever Soul","Rage"],"picked":"Armaments","floor":14.0},{"not_picked":["Bludgeon","Juggernaut"],"picked":"Limit Break","floor":16.0},{"not_picked":["Shrug It Off","Clash"],"picked":"Clothesline","floor":18.0},{"not_picked":["Spot Weakness","Headbutt"],"picked":"Metallicize","floor":20.0},{"not_picked":["Pummel","Intimidate"],"picked":"Headbutt","floor":22.0},{"not_picked":["Warcry","Juggernaut","Perfected Strike"],"picked":"SKIP","floor":24.0},{"not_picked":["Burning Pact","Pummel"],"picked":"True Grit","floor":28.0},{"not_picked":["Power Through","Bloodletting","Clash"],"picked":"SKIP","floor":31}],"player_experience":728858,"relics_obtained":[{"floor":9.0,"key":"Blue Candle"},{"floor":11.0,"key":"Whetstone"},{"floor":14.0,"key":"Boot"},{"floor":24.0,"key":"Anchor"},{"floor":26.0,"key":"Self Forming Clay"},{"floor":28.0,"key":"War Paint"},{"floor":31,"key":"Potion Belt"}],"event_choices":[{"damage_healed":0.0,"max_hp_gain":0.0,"max_hp_loss":0.0,"gold_gain":0.0,"event_name":"WeMeetAgain","player_choice":"Gave Potion","floor":2.0,"gold_loss":0.0,"damage_taken":0.0,"relics_obtained":["Bronze Scales"]},{"damage_healed":0.0,"max_hp_gain":0.0,"max_hp_loss":0.0,"gold_gain":0.0,"event_name":"Scrap Ooze","player_choice":"Success","floor":8.0,"gold_loss":0.0,"damage_taken":18.0,"relics_obtained":["Letter Opener"]},{"damage_healed":0.0,"max_hp_gain":0.0,"max_hp_loss":0.0,"gold_gain":0.0,"event_name":"Lab","player_choice":"Got Potions","floor":19.0,"gold_loss":0.0,"damage_taken":0.0},{"damage_healed":0.0,"max_hp_gain":0.0,"max_hp_loss":0.0,"gold_gain":0.0,"event_name":"The Mausoleum","player_choice":"Opened","floor":21.0,"gold_loss":0.0,"damage_taken":0.0,"relics_obtained":["Gremlin Horn"],"cards_obtained":["Writhe"]},{"damage_healed":18.0,"max_hp_gain":0.0,"max_hp_loss":0.0,"gold_gain":0.0,"event_name":"The Library","player_choice":"Heal","floor":30.0,"gold_loss":0.0,"damage_taken":0.0}],"is_beta":false,"boss_relics":[{"not_picked":["Philosopher\u0027s Stone","White Beast Statue"],"picked":"Velvet Choker"}],"items_purged_floors":[27],"is_endless":false,"potions_floor_spawned":[1,7,10,14,22,28,31],"killed_by":"Automaton","ascension_level":19}