{"gold_per_floor":[116,130,143,155,171,171,188,202,281,308,367,367,401,66,66,171,171,182,182,182,196,0,0,31,43,55,77,89,101,129,141,153,165],"floor_reached":33,"playtime":3679,"items_purged":["Strike_G"],"score":399,"play_id":"36ff9f3f-4f9b-4504-af16-f52855a39403","local_time":"20180803194614","is_ascension_mode":true,"campfire_choices":[{"data":"Cloak And Dagger","floor":6,"key":"SMITH"},{"floor":12,"key":"REST"},{"data":"Cloak And Dagger","floor":15,"key":"SMITH"},{"data":"Neutralize","floor":23,"key":"SMITH"},{"floor":25,"key":"REST"},{"data":"Dagger Spray","floor":32,"key":"SMITH"}],"neow_cost":"TEN_PERCENT_HP_LOSS","seed_source_timestamp":975714937985901,"circlet_count":0,"master_deck":["Defend_G","Defend_G","Defend_G","Defend_G","Survivor","Neutralize+1","Dagger Spray+1","Leg Sweep","Slice","Cloak And Dagger+1","Cloak And Dagger+1","Leg Sweep","Tools of the Trade","Finisher","Noxious Fumes","Flash of Steel","Dodge and Roll","Reflex","Malaise","Deflect","RitualDagger","Poisoned Stab","Infinite Blades","Bane","Bite","Bite","Bite","Bite","Bite","Footwork"],"relics":["Ring of the Snake","Gambling Chip","Darkstone Periapt","Vajra","Pear","Tingsha","Sozu","MawBank","Boot"],"potions_floor_usage":[5,10,10,11],"damage_taken":[{"damage":0,"enemies":"Cultist","floor":1,"turns":4},{"damage":0,"enemies":"2 Louse","floor":2,"turns":3},{"damage":0,"enemies":"Small Slimes","floor":3,"turns":2},{"damage":0,"enemies":"Red Slaver","floor":4,"turns":5},{"damage":0,"enemies":"3 Louse","floor":5,"turns":1},{"damage":0,"enemies":"Large Slime","floor":7,"turns":5},{"damage":7,"enemies":"Exordium Thugs","floor":8,"turns":9},{"damage":5,"enemies":"Gremlin Nob","floor":10,"turns":5},{"damage":35,"enemies":"Lagavulin Event","floor":11,"turns":9},{"damage":2,"enemies":"Lagavulin","floor":13,"turns":9},{"damage":17,"enemies":"The Guardian","floor":16,"turns":9},{"damage":0,"enemies":"Chosen","floor":18,"turns":6},{"damage":1,"enemies":"2 Thieves","floor":21,"turns":4},{"damage":26,"enemies":"Slavers","floor":24,"turns":6},{"damage":0,"enemies":"3 Cultists","floor":27,"turns":5},{"damage":9,"enemies":"Chosen and Byrds","floor":30,"turns":6},{"damage":53,"enemies":"Collector","floor":33,"turns":7}],"seed_played":"3218116293233530510","potions_obtained":[{"floor":2,"key":"GamblersBrew"},{"floor":4,"key":"SteroidPotion"},{"floor":5,"key":"GhostInAJar"},{"floor":8,"key":"Dexterity Potion"}],"is_trial":false,"path_per_floor":["M","M","M","M","M","R","M","M","T","E","?","R","E","$","R","B",null,"M","?","?","M","?","R","E","R","T","M","$","?","M","?","R"],"character_chosen":"THE_SILENT","items_purchased":["Noxious Fumes","Flash of Steel","Dodge and Roll","Reflex"],"campfire_rested":2,"item_purchase_floors":[14,14,14,14],"current_hp_per_floor":[63,63,63,63,63,63,63,56,56,51,26,47,45,45,45,28,62,62,56,56,55,55,55,29,50,50,50,50,50,44,44,44,0],"gold":165,"neow_bonus":"ONE_RARE_RELIC","is_prod":false,"is_daily":false,"chose_seed":false,"campfire_upgraded":4,"win_rate":0,"timestamp":1533350774,"path_taken":["M","?","M","M","M","R","M","M","T","E","?","R","E","$","R","BOSS","M","?","?","M","?","R","E","R","T","?","?","?","M","?","R","BOSS"],"build_version":"2018-08-02","purchased_purges":1,"victory":false,"max_hp_per_floor":[63,63,63,63,63,63,63,63,63,63,73,73,73,73,73,73,73,73,73,73,73,73,73,73,73,73,73,73,51,51,51,51,51],"card_choices":[{"not_picked":["Quick Slash","Dodge and Roll"],"picked":"Dagger Spray","floor":1},{"not_picked":["Bane","Prepared","Heel Hook"],"picked":"SKIP","floor":2},{"not_picked":["Cloak And Dagger","PiercingWail"],"picked":"Leg Sweep","floor":3},{"not_picked":["Terror","Acrobatics"],"picked":"Slice","floor":4},{"not_picked":["Catalyst","Dodge and Roll"],"picked":"Cloak And Dagger","floor":5},{"not_picked":["Sucker Punch","Dodge and Roll"],"picked":"Cloak And Dagger","floor":7},{"not_picked":["Infinite Blades","PiercingWail"],"picked":"Leg Sweep","floor":8},{"not_picked":["Choke","Outmaneuver","Acrobatics"],"picked":"SKIP","floor":10},{"not_picked":["Underhanded Strike","Slice"],"picked":"Tools of the Trade","floor":11},{"not_picked":["Slice","Dagger Spray"],"picked":"Finisher","floor":13},{"not_picked":["A Thousand Cuts","Bullet Time"],"picked":"Malaise","floor":16},{"not_picked":["Poisoned Stab","Dodge and Roll"],"picked":"Deflect","floor":18},{"not_picked":["Cloak And Dagger","Predator"],"picked":"Infinite Blades","floor":21},{"not_picked":["Bullet Time","Dagger Throw"],"picked":"Bane","floor":24},{"not_picked":["Riddle With Holes","Deadly Poison","Underhanded Strike"],"picked":"SKIP","floor":27},{"not_picked":["Deflect","PiercingWail"],"picked":"Footwork","floor":30}],"player_experience":278060,"relics_obtained":[{"floor":9,"key":"Darkstone Periapt"},{"floor":10,"key":"Vajra"},{"floor":11,"key":"Pear"},{"floor":13,"key":"Tingsha"},{"floor":24,"key":"MawBank"},{"floor":26,"key":"Boot"}],"event_choices":[{"event_name":"Dead Adventurer","player_choice":"Searched \u00271\u0027 times","floor":11,"damage_taken":0},{"event_name":"Nest","player_choice":"Joined the Cult","floor":19,"damage_taken":0},{"event_name":"Transmorgrifier","player_choice":"Transform","floor":20,"damage_taken":0},{"event_name":"Vampires","player_choice":"Became a vampire","floor":29,"damage_taken":0},{"event_name":"Purifier","player_choice":"One Purge","floor":31,"damage_taken":0}],"is_beta":false,"boss_relics":[{"not_picked":["Astrolabe","Snecko Eye"],"picked":"Sozu"}],"items_purged_floors":[14],"is_endless":false,"potions_floor_spawned":[2,4,5,8,24,27],"killed_by":"Collector","ascension_level":7}