{"gold_per_floor":[117,130,130,149,160,191,204,233,233,233,248,264,264,278,278,383,383,399,418,438,15,15,43,43,43],"floor_reached":25,"playtime":4312,"items_purged":[],"score":311,"play_id":"46c50b61-7daf-4ce7-b086-94879be20e61","local_time":"20180803090048","is_ascension_mode":true,"campfire_choices":[{"floor":10,"key":"REST"},{"floor":13,"key":"REST"},{"floor":15,"key":"REST"},{"floor":24,"key":"REST"}],"neow_cost":"","seed_source_timestamp":134547513709298,"circlet_count":0,"master_deck":["Defend_G","Defend_G","Defend_G","Defend_G","Defend_G","Strike_G","Strike_G+1","Strike_G","Strike_G","Strike_G+1","Survivor","Neutralize","Leg Sweep","Heel Hook","Prepared","Neutralize","Terror","Slice","Sucker Punch","Tools of the Trade","Flying Knee","Caltrops","Deadly Poison","Underhanded Strike","Venomology","Crippling Poison","Underhanded Strike","Underhanded Strike","Underhanded Strike","Deadly Poison","Leg Sweep","Dagger Throw","Caltrops","Heel Hook","Blind","Tactician"],"relics":["Ring of the Snake","Whetstone","Centennial Puzzle","Blood Vial","Orrery","Tingsha","Regal Pillow"],"potions_floor_usage":[16,16,20,20,23,23],"damage_taken":[{"damage":1,"enemies":"Small Slimes","floor":1,"turns":4},{"damage":3,"enemies":"Cultist","floor":2,"turns":7},{"damage":0,"enemies":"2 Louse","floor":4,"turns":4},{"damage":3,"enemies":"Exordium Wildlife","floor":5,"turns":6},{"damage":13,"enemies":"Lagavulin","floor":6,"turns":8},{"damage":19,"enemies":"Lots of Slimes","floor":7,"turns":5},{"damage":24,"enemies":"3 Sentries","floor":8,"turns":8},{"damage":2,"enemies":"3 Louse","floor":11,"turns":3},{"damage":6,"enemies":"Looter","floor":12,"turns":3},{"damage":22,"enemies":"Lots of Slimes","floor":14,"turns":5},{"damage":13,"enemies":"Hexaghost","floor":16,"turns":7},{"damage":8,"enemies":"Chosen","floor":18,"turns":5},{"damage":31,"enemies":"Shell Parasite","floor":19,"turns":5},{"damage":19,"enemies":"Cultist and Chosen","floor":20,"turns":6},{"damage":13,"enemies":"Book of Stabbing","floor":23,"turns":6},{"damage":52,"enemies":"3 Cultists","floor":25,"turns":5}],"seed_played":"-7826381653672093051","potions_obtained":[{"floor":4,"key":"Poison Potion"},{"floor":5,"key":"FearPotion"},{"floor":11,"key":"SteroidPotion"},{"floor":14,"key":"PowerPotion"},{"floor":18,"key":"Weak Potion"},{"floor":20,"key":"Swift Potion"}],"is_trial":false,"path_per_floor":["M","M","?","M","M","E","M","E","T","R","M","M","R","M","R","B",null,"M","M","M","$","?","E","R"],"character_chosen":"THE_SILENT","items_purchased":["Tingsha","Heel Hook","Blind"],"campfire_rested":4,"item_purchase_floors":[21,21,21],"current_hp_per_floor":[69,66,66,66,63,50,31,7,7,28,28,24,45,25,46,35,70,62,33,16,16,16,5,41,0],"gold":43,"neow_bonus":"","is_prod":false,"is_daily":false,"chose_seed":false,"campfire_upgraded":0,"win_rate":0,"timestamp":1533304848,"path_taken":["M","M","?","M","M","E","M","E","T","R","M","M","R","M","R","BOSS","M","M","M","$","?","E","R","M"],"build_version":"2018-08-02","purchased_purges":0,"victory":false,"max_hp_per_floor":[70,70,70,70,70,70,70,70,70,70,70,70,70,70,70,70,70,70,70,70,70,70,70,70,70],"card_choices":[{"not_picked":["Sucker Punch","Concentrate"],"picked":"Leg Sweep","floor":1},{"not_picked":["Quick Slash","PiercingWail"],"picked":"Heel Hook","floor":2},{"not_picked":["Bane","Endless Agony"],"picked":"Terror","floor":4},{"not_picked":["Footwork","Acrobatics"],"picked":"Slice","floor":5},{"not_picked":["Quick Slash","Infinite Blades"],"picked":"Sucker Punch","floor":6},{"not_picked":["Blade Dance","Accuracy"],"picked":"Tools of the Trade","floor":7},{"not_picked":["Accuracy","Dagger Spray"],"picked":"Flying Knee","floor":8},{"not_picked":["Quick Slash","Dodge and Roll"],"picked":"Caltrops","floor":11},{"not_picked":["Prepared","Cloak And Dagger"],"picked":"Deadly Poison","floor":12},{"not_picked":["Dagger Throw","Quick Slash"],"picked":"Underhanded Strike","floor":14},{"not_picked":["Die Die Die","Phantasmal Killer"],"picked":"Venomology","floor":16},{"not_picked":["Quick Slash","Outmaneuver"],"picked":"Crippling Poison","floor":17},{"not_picked":["PiercingWail","Wraith Form v2"],"picked":"Underhanded Strike","floor":17},{"not_picked":["Dagger Spray","Bane"],"picked":"Underhanded Strike","floor":17},{"not_picked":["Backflip","Cloak And Dagger"],"picked":"Underhanded Strike","floor":17},{"not_picked":["Deflect","Prepared"],"picked":"Deadly Poison","floor":17},{"not_picked":["Backflip+1","Slice+1"],"picked":"Leg Sweep","floor":18},{"not_picked":["Blade Dance","Backflip+1"],"picked":"Dagger Throw","floor":19},{"not_picked":["All Out Attack","Bouncing Flask+1"],"picked":"Caltrops","floor":20},{"not_picked":["Leg Sweep","Distraction+1"],"picked":"Tactician","floor":23}],"player_experience":190403,"relics_obtained":[{"floor":6,"key":"Whetstone"},{"floor":8,"key":"Centennial Puzzle"},{"floor":9,"key":"Blood Vial"},{"floor":23,"key":"Regal Pillow"}],"event_choices":[{"event_name":"Match and Keep!","player_choice":"2 cards matched","floor":3,"damage_taken":0},{"event_name":"Drug Dealer","player_choice":"Ignored","floor":22,"damage_taken":0}],"is_beta":false,"boss_relics":[{"not_picked":["Pandora\u0027s Box","Tiny House"],"picked":"Orrery"}],"items_purged_floors":[],"is_endless":false,"potions_floor_spawned":[4,5,11,12,14,18,20],"killed_by":"3 Cultists","ascension_level":2}