{"gold_per_floor":[20,20,34,34,53,97,97,137,137,137,218,242,242,257,257,350,350,366,366,389,409,55,96,96,110,110,110,124,124,124,160,160,251,251,270,270],"floor_reached":36,"playtime":1890,"items_purged":["Strike_R"],"score":784,"play_id":"5a013c00-e056-4668-8be1-33f089fb567e","local_time":"20190405011745","is_ascension_mode":true,"campfire_choices":[{"data":"Bash","floor":7.0,"key":"SMITH"},{"data":"Havoc","floor":10.0,"key":"SMITH"},{"data":"Anger","floor":13.0,"key":"SMITH"},{"data":"Warcry","floor":15.0,"key":"SMITH"},{"data":"Flame Barrier","floor":24,"key":"SMITH"},{"data":"Demon Form","floor":27,"key":"SMITH"},{"data":"Ghostly Armor","floor":30,"key":"SMITH"},{"floor":32,"key":"REST"}],"neow_cost":"NO_GOLD","seed_source_timestamp":0,"circlet_count":0,"master_deck":["AscendersBane","Strike_R","Strike_R","Strike_R","Defend_R","Defend_R","Defend_R","Bash+1","Warcry+1","Clash","Havoc+1","Anger+1","Pommel Strike+1","Iron Wave+1","Fiend Fire+1","Uppercut+1","Cleave+1","Twin Strike+1","Immolate+1","Sword Boomerang+1","Sword Boomerang+1","Ghostly Armor+1","Flame Barrier+1","Demon Form+1","Bludgeon+1"],"special_seed":0,"relics":["Burning Blood","Golden Idol","Molten Egg 2","Blue Candle","Art of War","Sundial","Boot","Runic Dome","CultistMask","Paper Frog","Self Forming Clay","Singing Bowl","Red Mask","Eternal Feather"],"potions_floor_usage":[33,33],"damage_taken":[{"damage":7.0,"enemies":"Jaw Worm","floor":1.0,"turns":3.0},{"damage":5.0,"enemies":"Small Slimes","floor":3.0,"turns":3.0},{"damage":1.0,"enemies":"Cultist","floor":5.0,"turns":3.0},{"damage":20.0,"enemies":"3 Sentries","floor":6.0,"turns":7.0},{"damage":24.0,"enemies":"Lagavulin","floor":8.0,"turns":5.0},{"damage":20.0,"enemies":"3 Sentries","floor":11.0,"turns":7.0},{"damage":6.0,"enemies":"2 Fungi Beasts","floor":12.0,"turns":3.0},{"damage":0.0,"enemies":"Large Slime","floor":14.0,"turns":3.0},{"damage":13.0,"enemies":"Hexaghost","floor":16.0,"turns":8.0},{"damage":0,"enemies":"Spheric Guardian","floor":18,"turns":2},{"damage":0,"enemies":"Chosen","floor":20,"turns":2},{"damage":0,"enemies":"Centurion and Healer","floor":21,"turns":3},{"damage":42,"enemies":"Book of Stabbing","floor":23,"turns":4},{"damage":0,"enemies":"Cultist and Chosen","floor":25,"turns":3},{"damage":0,"enemies":"3 Cultists","floor":28,"turns":3},{"damage":5,"enemies":"Masked Bandits","floor":31,"turns":2},{"damage":55,"enemies":"Collector","floor":33,"turns":6},{"damage":35,"enemies":"3 Shapes","floor":35,"turns":4},{"damage":41,"enemies":"3 Darklings","floor":36,"turns":4}],"seed_played":"6567474299499076948","potions_obtained":[{"floor":1.0,"key":"Swift Potion"},{"floor":5.0,"key":"Swift Potion"},{"floor":6.0,"key":"FearPotion"},{"floor":8.0,"key":"Block Potion"},{"floor":14.0,"key":"SteroidPotion"},{"floor":21,"key":"Dexterity Potion"},{"floor":23,"key":"SkillPotion"},{"floor":33,"key":"SpeedPotion"},{"floor":35,"key":"Energy Potion"}],"is_trial":false,"path_per_floor":["M","?","M","?","M","E","R","E","T","R","?","M","R","M","R","B",null,"M","?","M","M","$","E","R","M","T","R","M","?","R","?","R","B",null,"M","M"],"character_chosen":"IRONCLAD","items_purchased":["Paper Frog"],"campfire_rested":1,"item_purchase_floors":[22],"current_hp_per_floor":[67,67,68,57,62,48,48,30,30,30,16,16,16,22,22,15,55,61,61,67,68,68,32,32,38,38,38,46,46,46,49,70,21,59,32,0],"gold":270,"neow_bonus":"TRANSFORM_TWO_CARDS","is_prod":false,"is_daily":false,"chose_seed":false,"campfire_upgraded":7,"win_rate":0,"timestamp":1554441465,"path_taken":["M","?","M","?","M","E","R","E","T","R","?","M","R","M","R","BOSS","M","?","M","M","$","E","R","?","T","R","M","?","R","?","R","BOSS","M","M"],"build_version":"2019-01-23","purchased_purges":1,"victory":false,"max_hp_per_floor":[75,68,68,68,68,68,68,68,68,68,68,68,68,68,68,68,68,68,68,68,68,68,68,68,68,68,68,70,70,70,72,72,72,72,74,74],"card_choices":[{"not_picked":["Intimidate","Power Through"],"picked":"Havoc","floor":1.0},{"not_picked":["Dual Wield","Reckless Charge"],"picked":"Anger","floor":3.0},{"not_picked":["Havoc","Heavy Blade+1"],"picked":"Pommel Strike+1","floor":5.0},{"not_picked":["Headbutt+1","Warcry"],"picked":"Iron Wave+1","floor":6.0},{"not_picked":["Brutality","Intimidate"],"picked":"Fiend Fire+1","floor":8.0},{"not_picked":["Seeing Red","Dropkick+1"],"picked":"Uppercut+1","floor":11.0},{"not_picked":["Wild Strike+1","Shockwave"],"picked":"Cleave+1","floor":12.0},{"not_picked":["Hemokinesis+1","Havoc"],"picked":"Twin Strike+1","floor":14.0},{"not_picked":["Juggernaut","Barricade"],"picked":"Immolate+1","floor":16.0},{"not_picked":["Cleave+1","Entrench"],"picked":"Sword Boomerang+1","floor":18},{"not_picked":["Heavy Blade+1","Bloodletting"],"picked":"Sword Boomerang+1","floor":20},{"not_picked":["Headbutt+1","Pummel+1"],"picked":"Ghostly Armor","floor":21},{"not_picked":["Thunderclap+1","Heavy Blade+1"],"picked":"Flame Barrier","floor":23},{"not_picked":["Power Through","Clash+1"],"picked":"Demon Form","floor":25},{"not_picked":["Anger+1","Spot Weakness","Corruption"],"picked":"Singing Bowl","floor":28},{"not_picked":["Body Slam+1","Thunderclap+1","Warcry"],"picked":"Singing Bowl","floor":31},{"not_picked":["Dark Embrace","Fiend Fire+1"],"picked":"Bludgeon+1","floor":33},{"not_picked":["Heavy Blade+1","Dropkick+1","Reckless Charge+1"],"picked":"Singing Bowl","floor":35}],"player_experience":804230,"relics_obtained":[{"floor":6.0,"key":"Blue Candle"},{"floor":8.0,"key":"Art of War"},{"floor":9.0,"key":"Sundial"},{"floor":11.0,"key":"Boot"},{"floor":23,"key":"Self Forming Clay"},{"floor":26,"key":"Singing Bowl"},{"floor":31,"key":"Red Mask"}],"event_choices":[{"damage_healed":0.0,"max_hp_gain":0.0,"max_hp_loss":7.0,"gold_gain":0.0,"event_name":"Golden Idol","player_choice":"Lose Max HP","floor":2.0,"gold_loss":0.0,"damage_taken":0.0,"relics_obtained":["Golden Idol"]},{"damage_healed":0.0,"max_hp_gain":0.0,"max_hp_loss":0.0,"gold_gain":0.0,"event_name":"Scrap Ooze","player_choice":"Success","floor":4.0,"gold_loss":0.0,"damage_taken":11.0,"relics_obtained":["Molten Egg 2"]},{"damage_healed":0.0,"max_hp_gain":0.0,"max_hp_loss":0.0,"gold_gain":0.0,"event_name":"Dead Adventurer","player_choice":"Searched \u00272\u0027 times","floor":11.0,"gold_loss":0.0,"damage_taken":0.0},{"damage_healed":0,"gold_gain":0,"player_choice":"Trade","damage_taken":0,"relics_obtained":["CultistMask"],"max_hp_gain":0,"max_hp_loss":0,"event_name":"FaceTrader","floor":19,"gold_loss":0},{"damage_healed":0,"gold_gain":0,"player_choice":"Ignored","damage_taken":0,"max_hp_gain":0,"max_hp_loss":0,"event_name":"Ghosts","floor":29,"gold_loss":0},{"damage_healed":0,"gold_gain":0,"player_choice":"Fought Bandits","damage_taken":0,"max_hp_gain":0,"max_hp_loss":0,"event_name":"Masked Bandits","floor":31,"gold_loss":0}],"is_beta":false,"boss_relics":[{"not_picked":["Ectoplasm","Black Star"],"picked":"Runic Dome"},{"not_picked":["Fusion Hammer","Mark of Pain"],"picked":"Eternal Feather"}],"items_purged_floors":[22],"is_endless":false,"potions_floor_spawned":[1,5,6,8,14,21,23,25,31,33,35],"killed_by":"3 Darklings","ascension_level":20}