{"gold_per_floor":[99,99,99,99,99,99,99,99,99,99,99,99,69,69,69,69,69,9,9,9,9,9,9],"floor_reached":23,"playtime":1931,"items_purged":[],"score":269,"play_id":"5fb6eaa6-796d-48aa-8361-782398351e77","local_time":"20180727145110","is_ascension_mode":true,"campfire_choices":[{"data":"Noxious Fumes","floor":7,"key":"SMITH"},{"floor":15,"key":"REST"}],"neow_cost":"NONE","seed_source_timestamp":354949319803243,"circlet_count":0,"master_deck":["Defend_G","Defend_G","Defend_G","Defend_G","Defend_G","Strike_G","Strike_G","Survivor","Neutralize","Noxious Fumes+1","Poisoned Stab","PiercingWail","Backflip","Dodge and Roll","Caltrops","Backflip","Deadly Poison","Dash","Envenom","Deadly Poison","Backstab+1","PiercingWail","Noxious Fumes"],"relics":["Ectoplasm","Oddly Smooth Stone","Juzu Bracelet","Regal Pillow","Question Card","Empty Cage"],"potions_floor_usage":[6,8,16,16,16,16,16,23],"damage_taken":[{"damage":3,"enemies":"Jaw Worm","floor":1,"turns":4},{"damage":0,"enemies":"2 Louse","floor":2,"turns":3},{"damage":0,"enemies":"Cultist","floor":4,"turns":4},{"damage":14,"enemies":"3 Sentries","floor":6,"turns":8},{"damage":4,"enemies":"Lagavulin","floor":8,"turns":7},{"damage":10,"enemies":"3 Sentries","floor":10,"turns":7},{"damage":5,"enemies":"Exordium Wildlife","floor":11,"turns":4},{"damage":3,"enemies":"2 Fungi Beasts","floor":12,"turns":4},{"damage":0,"enemies":"Looter","floor":13,"turns":4},{"damage":13,"enemies":"Hexaghost","floor":16,"turns":8},{"damage":18,"enemies":"2 Thieves","floor":18,"turns":4},{"damage":6,"enemies":"3 Byrds","floor":19,"turns":3},{"damage":5,"enemies":"Centurion and Healer","floor":20,"turns":7},{"damage":3,"enemies":"Sentry and Sphere","floor":21,"turns":4},{"damage":30,"enemies":"Slavers","floor":23,"turns":4}],"seed_played":"-5351976219552991139","potions_obtained":[{"floor":1,"key":"Poison Potion"},{"floor":4,"key":"Poison Potion"},{"floor":8,"key":"Regen Potion"},{"floor":12,"key":"EntropicBrew"},{"floor":20,"key":"SteroidPotion"},{"floor":21,"key":"GamblersBrew"}],"is_trial":false,"path_per_floor":["M","M","?","M","?","E","R","E","T","E","M","M","M","$","R","B",null,"M","M","M","M","?"],"character_chosen":"THE_SILENT","items_purchased":[],"campfire_rested":1,"item_purchase_floors":[],"current_hp_per_floor":[67,67,67,67,72,58,58,54,54,44,39,36,36,36,73,75,75,57,51,46,43,29,0],"gold":9,"neow_bonus":"BOSS_RELIC","is_prod":false,"is_daily":false,"chose_seed":false,"campfire_upgraded":1,"win_rate":0,"timestamp":1532728270,"path_taken":["M","M","?","?","?","E","R","E","T","E","M","M","M","?","R","BOSS","M","M","M","M","?","E"],"build_version":"2018-07-26","purchased_purges":0,"victory":false,"max_hp_per_floor":[70,70,70,70,75,75,75,75,75,75,75,75,75,75,75,75,75,75,75,75,75,80,80],"card_choices":[{"not_picked":["All Out Attack","Heel Hook"],"picked":"Noxious Fumes","floor":1},{"not_picked":["Sucker Punch","Slice"],"picked":"Poisoned Stab","floor":2},{"not_picked":["Bane","Poisoned Stab"],"picked":"PiercingWail","floor":4},{"not_picked":["Quick Slash","Poisoned Stab"],"picked":"Backflip","floor":6},{"not_picked":["Acrobatics","Unload"],"picked":"Dodge and Roll","floor":8},{"not_picked":["Slice","Predator"],"picked":"Caltrops","floor":10},{"not_picked":["Cloak And Dagger","Slice","Bullet Time"],"picked":"Backflip","floor":11},{"not_picked":["Infinite Blades","Poisoned Stab","Prepared"],"picked":"Deadly Poison","floor":12},{"not_picked":["Infinite Blades","Cloak And Dagger","Dodge and Roll"],"picked":"Dash","floor":13},{"not_picked":["A Thousand Cuts","Unload","Bullet Time"],"picked":"Envenom","floor":16},{"not_picked":["Flying Knee","PiercingWail","Blur"],"picked":"Deadly Poison","floor":18},{"not_picked":["Dodge and Roll","Slice","Quick Slash"],"picked":"Backstab+1","floor":19},{"not_picked":["Cloak And Dagger","Sucker Punch","Accuracy"],"picked":"PiercingWail","floor":20},{"not_picked":["Quick Slash","Underhanded Strike","Deflect"],"picked":"Noxious Fumes","floor":21}],"player_experience":217959,"relics_obtained":[{"floor":6,"key":"Oddly Smooth Stone"},{"floor":8,"key":"Juzu Bracelet"},{"floor":9,"key":"Regal Pillow"},{"floor":10,"key":"Question Card"}],"event_choices":[{"event_name":"Living Wall","player_choice":"Forget","floor":3,"damage_taken":0},{"event_name":"Big Fish","player_choice":"Donut","floor":5,"damage_taken":0},{"event_name":"Forgotten Altar","player_choice":"Shed Blood","floor":22,"damage_taken":0}],"is_beta":false,"boss_relics":[{"not_picked":["HoveringKite","Fusion Hammer"],"picked":"Empty Cage"}],"items_purged_floors":[],"is_endless":false,"potions_floor_spawned":[1,4,8,12,20,21],"killed_by":"Slavers","ascension_level":5}