{"gold_per_floor":[360,30,130,148,163,188,188,34,34,34,65,82,82,82,82,156,156,174,184,197,210,210,210,222,240,267,267,284,284,311,48,48,48],"floor_reached":33,"playtime":1846,"items_purged":[],"score":540,"play_id":"ab9ddd5b-504e-4da0-9157-3f5989d5c4b8","local_time":"20190321224019","is_ascension_mode":true,"campfire_choices":[{"data":"Clothesline","floor":7,"key":"SMITH"},{"data":"Bludgeon","floor":10,"key":"SMITH"},{"data":"Uppercut","floor":13,"key":"SMITH"},{"data":"Disarm","floor":15,"key":"SMITH"},{"data":"Immolate","floor":23,"key":"SMITH"},{"floor":29,"key":"REST"},{"floor":32,"key":"REST"}],"neow_cost":"TEN_PERCENT_HP_LOSS","seed_source_timestamp":664101762399000,"circlet_count":0,"master_deck":["AscendersBane","Strike_R","Strike_R","Strike_R","Strike_R","Strike_R","Defend_R","Defend_R","Defend_R","Defend_R","Bash","True Grit","Bludgeon+1","Disarm+1","Sword Boomerang","Clothesline+1","Spot Weakness","True Grit","Inflame","Cleave","Uppercut+1","Shrug It Off","Immolate+1","Pummel+1","True Grit+1","Iron Wave","Clothesline+1","Anger+1","Impervious","Feel No Pain"],"relics":["Burning Blood","Tiny Chest","Self Forming Clay","Matryoshka","Oddly Smooth Stone","PreservedInsect","Blue Candle","Sozu","MutagenicStrength","Pen Nib","Ancient Tea Set","Magic Flower","Meat on the Bone"],"potions_floor_usage":[6,11,16],"damage_taken":[{"damage":4,"enemies":"Small Slimes","floor":1,"turns":4},{"damage":6,"enemies":"Cultist","floor":4,"turns":3},{"damage":12,"enemies":"Jaw Worm","floor":5,"turns":3},{"damage":23,"enemies":"3 Sentries","floor":6,"turns":9},{"damage":8,"enemies":"Gremlin Nob","floor":11,"turns":3},{"damage":0,"enemies":"Looter","floor":12,"turns":2},{"damage":10,"enemies":"The Guardian","floor":16,"turns":11},{"damage":26,"enemies":"3 Byrds","floor":18,"turns":6},{"damage":16,"enemies":"Spheric Guardian","floor":19,"turns":4},{"damage":10,"enemies":"Snake Plant","floor":20,"turns":4},{"damage":0,"enemies":"Snecko","floor":21,"turns":3},{"damage":8,"enemies":"3 Cultists","floor":24,"turns":6},{"damage":8,"enemies":"Centurion and Healer","floor":25,"turns":6},{"damage":18,"enemies":"Sentry and Sphere","floor":28,"turns":5},{"damage":9,"enemies":"Book of Stabbing","floor":30,"turns":4},{"damage":79,"enemies":"Champ","floor":33,"turns":13}],"seed_played":"6587967184974742885","potions_obtained":[{"floor":5,"key":"AttackPotion"},{"floor":6,"key":"Fire Potion"},{"floor":11,"key":"Energy Potion"}],"is_trial":false,"path_per_floor":["M","$","?","M","M","E","R","$","T","R","E","M","R","T","R","B",null,"M","M","M","M","?","R","M","M","T","?","M","R","E","$","R","B"],"character_chosen":"IRONCLAD","items_purchased":["Tiny Chest","Bludgeon","Disarm","True Grit","Inflame","Cleave","Meat on the Bone"],"campfire_rested":2,"item_purchase_floors":[2,2,2,8,8,8,31],"current_hp_per_floor":[68,68,68,68,62,45,45,45,45,45,43,49,49,49,49,45,62,42,32,28,34,34,34,32,30,30,30,18,38,35,35,55,0],"gold":48,"neow_bonus":"TWO_FIFTY_GOLD","is_prod":false,"is_daily":false,"chose_seed":false,"campfire_upgraded":5,"win_rate":0,"timestamp":1553222419,"path_taken":["M","$","?","M","M","E","R","?","T","R","E","M","R","?","R","BOSS","M","M","M","M","?","R","M","M","T","?","?","R","E","$","R","BOSS"],"build_version":"2019-01-23","purchased_purges":0,"victory":false,"max_hp_per_floor":[68,68,68,68,68,68,68,68,68,68,68,68,68,68,68,68,68,68,68,68,68,68,68,68,68,68,68,68,68,68,68,68,68],"card_choices":[{"not_picked":["Havoc","Body Slam"],"picked":"True Grit","floor":1},{"not_picked":["Searing Blow","Body Slam"],"picked":"Sword Boomerang","floor":4},{"not_picked":["Sentinel","Searing Blow"],"picked":"Clothesline","floor":5},{"not_picked":["Clash","Berserk"],"picked":"Spot Weakness","floor":6},{"not_picked":["Armaments","Pummel"],"picked":"Uppercut","floor":11},{"not_picked":["Wild Strike","Clash"],"picked":"Shrug It Off","floor":12},{"not_picked":["Berserk","Fiend Fire"],"picked":"Immolate","floor":16},{"not_picked":["Sword Boomerang","Metallicize"],"picked":"Pummel+1","floor":18},{"not_picked":["Shrug It Off","Metallicize"],"picked":"True Grit+1","floor":19},{"not_picked":["Flex","Clothesline"],"picked":"Iron Wave","floor":20},{"not_picked":["Blood for Blood","Heavy Blade","Headbutt"],"picked":"SKIP","floor":21},{"not_picked":["Infernal Blade","Thunderclap"],"picked":"Clothesline+1","floor":24},{"not_picked":["Armaments","Sword Boomerang+1"],"picked":"Anger+1","floor":25},{"not_picked":["Armaments","Pommel Strike"],"picked":"Impervious","floor":28},{"not_picked":["Havoc","Perfected Strike"],"picked":"Feel No Pain","floor":30}],"player_experience":742878,"relics_obtained":[{"floor":6,"key":"Self Forming Clay"},{"floor":9,"key":"Matryoshka"},{"floor":11,"key":"Oddly Smooth Stone"},{"floor":14,"key":"PreservedInsect"},{"floor":14,"key":"Blue Candle"},{"floor":26,"key":"Pen Nib"},{"floor":26,"key":"Ancient Tea Set"},{"floor":30,"key":"Magic Flower"}],"event_choices":[{"damage_healed":0,"gold_gain":100,"player_choice":"Gold","damage_taken":0,"max_hp_gain":0,"max_hp_loss":0,"event_name":"Wheel of Change","floor":3,"gold_loss":0},{"damage_healed":0,"gold_gain":0,"player_choice":"Inject Mutagens","damage_taken":0,"relics_obtained":["MutagenicStrength"],"max_hp_gain":0,"max_hp_loss":0,"event_name":"Drug Dealer","floor":22,"gold_loss":0},{"damage_healed":0,"gold_gain":0,"player_choice":"Ignored","damage_taken":0,"max_hp_gain":0,"max_hp_loss":0,"event_name":"The Mausoleum","floor":27,"gold_loss":0}],"is_beta":false,"boss_relics":[{"not_picked":["Pandora\u0027s Box","Mark of Pain"],"picked":"Sozu"}],"items_purged_floors":[],"is_endless":false,"potions_floor_spawned":[5,6,11,19,24],"killed_by":"Champ","ascension_level":19}