{"gold_per_floor":[114,114,126,149,149,178,178,205,281,308,308,319,319,319,319,422,422,422,337,287,287,287,287,287],"floor_reached":24,"playtime":1113,"items_purged":[],"score":308,"play_id":"96094e37-e451-442d-b543-c9185d40e345","local_time":"20180729161211","is_ascension_mode":true,"campfire_choices":[{"data":"Bash","floor":11,"key":"SMITH"},{"data":"Disarm","floor":13,"key":"SMITH"},{"data":"Demon Form","floor":15,"key":"SMITH"},{"floor":23,"key":"REST"}],"neow_cost":"NONE","seed_source_timestamp":533434228541505,"circlet_count":0,"master_deck":["Strike_R","Strike_R","Strike_R","Strike_R","Defend_R","Defend_R","Defend_R","Defend_R","Bash+1","Disarm+1","Armaments+1","Reaper","Anger","Demon Form+1","Reaper","Ghostly Armor","Flame Barrier"],"relics":["Burning Blood","NeowsBlessing","Juzu Bracelet","Happy Flower","Omamori","Mango","Ornamental Fan","Anchor","Ectoplasm","Thread and Needle"],"potions_floor_usage":[8,18],"damage_taken":[{"damage":0,"enemies":"2 Louse","floor":1,"turns":1},{"damage":0,"enemies":"Cultist","floor":3,"turns":1},{"damage":0,"enemies":"Gremlin Nob","floor":6,"turns":1},{"damage":9,"enemies":"Lagavulin","floor":8,"turns":7},{"damage":28,"enemies":"Gremlin Nob","floor":10,"turns":4},{"damage":0,"enemies":"Jaw Worm","floor":12,"turns":3},{"damage":57,"enemies":"The Guardian","floor":16,"turns":9},{"damage":18,"enemies":"Spheric Guardian","floor":18,"turns":5},{"damage":0,"enemies":"Chosen","floor":21,"turns":4},{"damage":85,"enemies":"3 Cultists","floor":22,"turns":7},{"damage":89,"enemies":"Gremlin Leader","floor":24,"turns":4}],"seed_played":"3026837811728143748","potions_obtained":[{"floor":1,"key":"AttackPotion"},{"floor":8,"key":"Dexterity Potion"},{"floor":10,"key":"FairyPotion"}],"is_trial":false,"path_per_floor":["M","?","M","T","?","E","?","E","T","E","R","M","R","?","R","B",null,"M","?","?","M","M","R"],"character_chosen":"IRONCLAD","items_purchased":[],"campfire_rested":1,"item_purchase_floors":[],"current_hp_per_floor":[78,78,80,80,80,80,80,91,91,75,75,85,85,78,78,60,86,74,74,74,94,34,62,0],"gold":287,"neow_bonus":"THREE_ENEMY_KILL","is_prod":false,"is_daily":false,"chose_seed":false,"campfire_upgraded":3,"win_rate":0,"timestamp":1532905931,"path_taken":["M","?","M","?","?","E","?","E","T","E","R","M","R","?","R","BOSS","M","?","?","M","M","R","E"],"build_version":"2018-07-26","purchased_purges":0,"victory":false,"max_hp_per_floor":[80,80,80,80,80,80,80,94,94,94,94,94,94,94,94,94,94,94,94,94,94,94,94,94],"card_choices":[{"not_picked":["Second Wind","Warcry"],"picked":"Disarm","floor":1},{"not_picked":["Perfected Strike","Body Slam"],"picked":"Armaments","floor":3},{"not_picked":["Armaments","Pommel Strike"],"picked":"Reaper","floor":6},{"not_picked":["Intimidate","Headbutt"],"picked":"Anger","floor":8},{"not_picked":["Shockwave","Bloodletting"],"picked":"Demon Form","floor":10},{"not_picked":["Armaments","Perfected Strike","Combust"],"picked":"SKIP","floor":12},{"not_picked":["Demon Form","Limit Break"],"picked":"Reaper","floor":16},{"not_picked":["Twin Strike","Power Through"],"picked":"Ghostly Armor","floor":18},{"not_picked":["Wild Strike+1","Hemokinesis"],"picked":"Flame Barrier","floor":21},{"not_picked":["Havoc","Corruption","Flex"],"picked":"SKIP","floor":22}],"player_experience":244361,"relics_obtained":[{"floor":4,"key":"Happy Flower"},{"floor":6,"key":"Omamori"},{"floor":8,"key":"Mango"},{"floor":9,"key":"Ornamental Fan"},{"floor":10,"key":"Anchor"}],"event_choices":[{"event_name":"WeMeetAgain","player_choice":"Potion","floor":2,"damage_taken":0},{"event_name":"Living Wall","player_choice":"Grow","floor":5,"damage_taken":0},{"event_name":"Liars Game","player_choice":"disagreed","floor":7,"damage_taken":0},{"event_name":"Golden Wing","player_choice":"Card Removal","floor":14,"damage_taken":0},{"event_name":"Addict","player_choice":"Obtained Relic","floor":19,"damage_taken":0},{"event_name":"The Joust","player_choice":"Bet on Murderer","floor":20,"damage_taken":0}],"is_beta":false,"boss_relics":[{"not_picked":["Runic Pyramid","Black Blood"],"picked":"Ectoplasm"}],"items_purged_floors":[],"is_endless":false,"potions_floor_spawned":[1,8,10],"killed_by":"Gremlin Leader","ascension_level":6}