{"gold_per_floor":[13,29,40,40,59,59,86,86,134,168,183,195,195,209,209,313,313,328,328,44,60,60,60],"floor_reached":23,"playtime":1238,"items_purged":[],"score":254,"play_id":"b2e739d6-a2ae-40a5-9a34-fa12f37b49bd","local_time":"20190127114507","is_ascension_mode":true,"campfire_choices":[{"data":"Tactician","floor":6,"key":"SMITH"},{"data":"Caltrops","floor":8,"key":"SMITH"},{"data":"Dash","floor":13,"key":"SMITH"},{"floor":15,"key":"REST"}],"neow_cost":"NO_GOLD","seed_source_timestamp":389463332651522,"circlet_count":0,"master_deck":["Defend_G","Defend_G","Defend_G","Defend_G","Strike_G","Strike_G","Strike_G","Survivor","Neutralize","Tactician+1","Dash+1","Sucker Punch","Underhanded Strike","Quick Slash","Caltrops+1","Leg Sweep","Adrenaline","Reflex","Sucker Punch","PiercingWail","Tools of the Trade","Backflip","Caltrops","Tactician+1","Cloak And Dagger+1"],"relics":["Ring of the Snake","Mercury Hourglass","Boot","Anchor","Sozu","DollysMirror"],"potions_floor_usage":[7,7,7,10,16],"damage_taken":[{"damage":0,"enemies":"Jaw Worm","floor":1,"turns":4},{"damage":0,"enemies":"2 Louse","floor":2,"turns":3},{"damage":9,"enemies":"Small Slimes","floor":3,"turns":4},{"damage":0,"enemies":"Red Slaver","floor":5,"turns":4},{"damage":12,"enemies":"3 Sentries","floor":7,"turns":8},{"damage":12,"enemies":"Lagavulin","floor":10,"turns":6},{"damage":0,"enemies":"Blue Slaver","floor":11,"turns":3},{"damage":0,"enemies":"Exordium Wildlife","floor":12,"turns":4},{"damage":0,"enemies":"Looter","floor":14,"turns":3},{"damage":27,"enemies":"The Guardian","floor":16,"turns":12},{"damage":5,"enemies":"Shell Parasite","floor":18,"turns":6},{"damage":5,"enemies":"Colosseum Slavers","floor":19,"turns":4},{"damage":16,"enemies":"Spheric Guardian","floor":21,"turns":4},{"damage":34,"enemies":"Slavers","floor":23,"turns":3}],"seed_played":"4336430076942710210","potions_obtained":[{"floor":5,"key":"EntropicBrew"},{"floor":11,"key":"Ancient Potion"},{"floor":14,"key":"Fire Potion"}],"is_trial":false,"path_per_floor":["M","M","M","?","M","R","E","R","T","E","M","M","R","M","R","B",null,"M","?","$","M","$","E"],"character_chosen":"THE_SILENT","items_purchased":["Caltrops","DollysMirror"],"campfire_rested":1,"item_purchase_floors":[20,20],"current_hp_per_floor":[70,70,61,54,54,54,42,42,42,30,30,30,30,30,51,24,59,54,49,49,33,33,0],"gold":60,"neow_bonus":"TRANSFORM_TWO_CARDS","is_prod":false,"is_daily":false,"chose_seed":false,"campfire_upgraded":3,"win_rate":0,"timestamp":1548611107,"path_taken":["M","M","M","?","M","R","E","R","T","E","M","M","R","M","R","BOSS","M","?","$","M","?","E"],"build_version":"2019-01-23","purchased_purges":0,"victory":false,"max_hp_per_floor":[70,70,70,70,70,70,70,70,70,70,70,70,70,70,70,70,70,70,70,70,70,70,70],"card_choices":[{"not_picked":["Flying Knee","Slice"],"picked":"Sucker Punch","floor":1},{"not_picked":["Escape Plan","Catalyst"],"picked":"Underhanded Strike","floor":2},{"not_picked":["Masterful Stab","Bouncing Flask"],"picked":"Quick Slash","floor":3},{"not_picked":["Backflip","Endless Agony"],"picked":"Caltrops","floor":5},{"not_picked":["Dodge and Roll","Deflect"],"picked":"Leg Sweep","floor":7},{"not_picked":["Unload","Catalyst"],"picked":"Adrenaline","floor":10},{"not_picked":["Dodge and Roll","Quick Slash"],"picked":"Reflex","floor":11},{"not_picked":["Backflip","Finisher"],"picked":"Sucker Punch","floor":12},{"not_picked":["Acrobatics","Poisoned Stab"],"picked":"PiercingWail","floor":14},{"not_picked":["Night Terror","Corpse Explosion"],"picked":"Tools of the Trade","floor":16},{"not_picked":["Noxious Fumes","Terror"],"picked":"Backflip","floor":18},{"not_picked":["Deflect","PiercingWail"],"picked":"Cloak And Dagger+1","floor":21}],"player_experience":727938,"relics_obtained":[{"floor":7,"key":"Mercury Hourglass"},{"floor":9,"key":"Boot"},{"floor":10,"key":"Anchor"}],"event_choices":[{"cards_removed":["Strike_G"],"damage_healed":0,"gold_gain":0,"player_choice":"Card Removal","damage_taken":7,"max_hp_gain":0,"max_hp_loss":0,"event_name":"Golden Wing","floor":4,"gold_loss":0},{"damage_healed":0,"gold_gain":0,"player_choice":"Fight","damage_taken":0,"max_hp_gain":0,"max_hp_loss":0,"event_name":"Colosseum","floor":19,"gold_loss":0},{"damage_healed":0,"gold_gain":0,"player_choice":"Fled From Nobs","damage_taken":0,"max_hp_gain":0,"max_hp_loss":0,"event_name":"Colosseum","floor":19,"gold_loss":0}],"is_beta":false,"boss_relics":[{"not_picked":["Ectoplasm","Astrolabe"],"picked":"Sozu"}],"items_purged_floors":[],"is_endless":false,"potions_floor_spawned":[5,11,14,21],"killed_by":"Slavers","ascension_level":5}