{"gold_per_floor":[112,187,202,222,222,154,167,167,167,167,193,207,207,224,224,295,295,315,10,10,10,25,25,51,51,51,94,106],"floor_reached":28,"playtime":1305,"items_purged":[],"score":466,"play_id":"93b12b39-0abe-45ef-a2b8-8408a84ae2e8","local_time":"20180821214202","is_ascension_mode":true,"campfire_choices":[{"data":"Neutralize","floor":8,"key":"SMITH"},{"data":"Noxious Fumes","floor":10,"key":"SMITH"},{"floor":15,"key":"REST"},{"data":"Cloak And Dagger","floor":23,"key":"SMITH"},{"floor":25,"key":"REST"}],"neow_cost":"NONE","seed_source_timestamp":402060947991724,"circlet_count":0,"master_deck":["Defend_G","Defend_G","Defend_G","Defend_G","Defend_G","Strike_G+1","Strike_G","Strike_G","Strike_G+1","Survivor","Neutralize+1","AscendersBane","Slice","Corpse Explosion","Deadly Poison","Noxious Fumes+1","Cloak And Dagger+1","Dagger Spray","Well Laid Plans","A Thousand Cuts","Footwork+1","Shame","Malaise"],"relics":["Ring of the Snake","Tingsha","Gremlin Horn","Vajra","Cursed Key","Shuriken","Mercury Hourglass","MawBank","Whetstone"],"potions_floor_usage":[13,13,24,24],"damage_taken":[{"damage":0,"enemies":"2 Louse","floor":1,"turns":3},{"damage":2,"enemies":"Jaw Worm","floor":3,"turns":6},{"damage":0,"enemies":"Small Slimes","floor":4,"turns":4},{"damage":0,"enemies":"Exordium Wildlife","floor":7,"turns":2},{"damage":25,"enemies":"Lagavulin","floor":11,"turns":6},{"damage":7,"enemies":"Gremlin Gang","floor":12,"turns":3},{"damage":3,"enemies":"Gremlin Nob","floor":13,"turns":3},{"damage":0,"enemies":"Blue Slaver","floor":14,"turns":4},{"damage":21,"enemies":"The Guardian","floor":16,"turns":10},{"damage":17,"enemies":"Spheric Guardian","floor":18,"turns":6},{"damage":7,"enemies":"Chosen","floor":22,"turns":6},{"damage":25,"enemies":"Book of Stabbing","floor":24,"turns":6},{"damage":22,"enemies":"Slavers","floor":27,"turns":3},{"damage":18,"enemies":"Snecko","floor":28,"turns":3}],"seed_played":"2201769234626462712","potions_obtained":[{"floor":3,"key":"FearPotion"},{"floor":7,"key":"SmokeBomb"},{"floor":12,"key":"EssenceOfSteel"},{"floor":22,"key":"AttackPotion"}],"is_trial":false,"path_per_floor":["M","?","M","M","T","$","M","R","T","R","E","M","E","M","R","B",null,"M","$","?","?","M","R","E","R","T","E"],"character_chosen":"THE_SILENT","items_purchased":["Noxious Fumes","Shuriken","Block Potion"],"campfire_rested":2,"item_purchase_floors":[6,19,19],"current_hp_per_floor":[59,48,46,46,46,46,46,46,46,46,21,14,11,11,30,9,52,35,35,35,48,41,41,16,35,35,13,0],"gold":106,"neow_bonus":"REMOVE_CARD","is_prod":false,"is_daily":false,"chose_seed":false,"campfire_upgraded":3,"win_rate":0,"timestamp":1534912922,"path_taken":["M","?","M","M","?","$","M","R","T","R","E","?","E","M","R","BOSS","M","$","?","?","M","R","E","R","T","E","?"],"build_version":"2018-08-16","purchased_purges":0,"victory":false,"max_hp_per_floor":[66,66,66,66,66,66,66,66,66,66,66,66,66,66,66,66,66,66,66,66,66,66,66,66,66,66,66,66],"card_choices":[{"not_picked":["Blade Dance","Deadly Poison"],"picked":"Slice","floor":1},{"not_picked":["Slice","Prepared"],"picked":"Corpse Explosion","floor":3},{"not_picked":["Flechettes","Tactician"],"picked":"Deadly Poison","floor":4},{"not_picked":["Tactician","Deadly Poison","Prepared"],"picked":"SKIP","floor":7},{"not_picked":["Outmaneuver","Dodge and Roll"],"picked":"Cloak And Dagger","floor":11},{"not_picked":["Eviscerate","Quick Slash"],"picked":"Dagger Spray","floor":12},{"not_picked":["Deflect","Backflip"],"picked":"Well Laid Plans","floor":14},{"not_picked":["Wraith Form v2","Corpse Explosion"],"picked":"A Thousand Cuts","floor":16},{"not_picked":["Slice","Underhanded Strike","Bane"],"picked":"SKIP","floor":18},{"not_picked":["Caltrops","Tactician"],"picked":"Footwork+1","floor":22},{"not_picked":["Accuracy","Crippling Poison","Bouncing Flask"],"picked":"SKIP","floor":24},{"not_picked":["Caltrops","Setup"],"picked":"Malaise","floor":27}],"player_experience":567792,"relics_obtained":[{"floor":5,"key":"Tingsha"},{"floor":9,"key":"Gremlin Horn"},{"floor":11,"key":"Vajra"},{"floor":24,"key":"Mercury Hourglass"},{"floor":26,"key":"MawBank"},{"floor":27,"key":"Whetstone"}],"event_choices":[{"event_name":"World of Goop","player_choice":"Gather Gold","floor":2,"damage_taken":0},{"event_name":"Beggar","player_choice":"Ignored","floor":20,"damage_taken":0},{"event_name":"The Library","player_choice":"Heal","floor":21,"damage_taken":0}],"is_beta":false,"boss_relics":[{"not_picked":["Calling Bell","Ring of the Serpent"],"picked":"Cursed Key"}],"items_purged_floors":[],"is_endless":false,"potions_floor_spawned":[3,7,11,12,13,22],"killed_by":"Snecko","ascension_level":15}