{"gold_per_floor":[119,119,136,146,73,98,114,146,192,13,13,13,0,27,27,27],"floor_reached":16,"playtime":1173,"items_purged":["Strike_R"],"score":195,"play_id":"900339cd-432b-4414-87aa-2cbfa6625f1f","local_time":"20190331174431","is_ascension_mode":true,"campfire_choices":[{"floor":12,"key":"REST"},{"data":"Havoc","floor":15,"key":"SMITH"}],"neow_cost":"NONE","seed_source_timestamp":174134356862808,"circlet_count":0,"master_deck":["AscendersBane","Strike_R","Strike_R","Strike_R","Strike_R","Defend_R","Defend_R","Defend_R","Defend_R","Bash","Reckless Charge","Offering","Pommel Strike","Corruption","Feel No Pain","Body Slam","Battle Trance","Metallicize","Havoc+1","Anger"],"relics":["Burning Blood","Regal Pillow","Ancient Tea Set","Ornamental Fan","Smiling Mask","Bag of Marbles"],"potions_floor_usage":[16],"damage_taken":[{"damage":5,"enemies":"Small Slimes","floor":1,"turns":5},{"damage":7,"enemies":"Cultist","floor":3,"turns":3},{"damage":8,"enemies":"Jaw Worm","floor":4,"turns":2},{"damage":30,"enemies":"Gremlin Nob","floor":6,"turns":4},{"damage":6,"enemies":"Looter","floor":7,"turns":4},{"damage":37,"enemies":"Lagavulin","floor":8,"turns":7},{"damage":9,"enemies":"3 Sentries","floor":14,"turns":9},{"damage":53,"enemies":"The Guardian","floor":16,"turns":11}],"seed_played":"-2009165980294496191","potions_obtained":[{"floor":3,"key":"SpeedPotion"},{"floor":8,"key":"Swift Potion"}],"is_trial":false,"path_per_floor":["M","?","M","M","$","E","M","E","T","$","?","R","?","E","R","B"],"character_chosen":"IRONCLAD","items_purchased":["Corruption","Metallicize","Havoc"],"campfire_rested":1,"item_purchase_floors":[5,10,10],"current_hp_per_floor":[73,73,72,70,70,46,46,15,15,15,15,54,54,51,51,0],"gold":27,"neow_bonus":"RANDOM_COMMON_RELIC","is_prod":false,"is_daily":false,"chose_seed":false,"campfire_upgraded":1,"win_rate":0,"timestamp":1554068671,"path_taken":["M","?","M","M","$","E","?","E","T","$","?","R","?","E","R","BOSS"],"build_version":"2019-01-23","purchased_purges":1,"victory":false,"max_hp_per_floor":[80,80,80,80,80,80,80,80,80,80,80,80,80,80,80,80],"card_choices":[{"not_picked":["Wild Strike","Body Slam"],"picked":"Reckless Charge","floor":1},{"not_picked":["Twin Strike","Warcry"],"picked":"Pommel Strike","floor":3},{"not_picked":["Headbutt","Sword Boomerang"],"picked":"Feel No Pain","floor":6},{"not_picked":["Feel No Pain","Shockwave"],"picked":"Body Slam","floor":7},{"not_picked":["Shrug It Off","Reaper"],"picked":"Battle Trance","floor":8},{"not_picked":["Armaments","Fire Breathing"],"picked":"Anger","floor":14}],"player_experience":2055560,"relics_obtained":[{"floor":6,"key":"Ancient Tea Set"},{"floor":8,"key":"Ornamental Fan"},{"floor":9,"key":"Smiling Mask"},{"floor":14,"key":"Bag of Marbles"}],"event_choices":[{"damage_healed":0,"gold_gain":0,"player_choice":"1 cards matched","damage_taken":0,"max_hp_gain":0,"max_hp_loss":0,"event_name":"Match and Keep!","floor":2,"gold_loss":0,"cards_obtained":["Offering"]},{"damage_healed":0,"gold_gain":0,"player_choice":"Ignored","damage_taken":0,"max_hp_gain":0,"max_hp_loss":0,"event_name":"Liars Game","floor":11,"gold_loss":0},{"damage_healed":0,"gold_gain":0,"player_choice":"Left Gold","damage_taken":0,"max_hp_gain":0,"max_hp_loss":0,"event_name":"World of Goop","floor":13,"gold_loss":13}],"is_beta":false,"boss_relics":[],"items_purged_floors":[10],"is_endless":false,"potions_floor_spawned":[3,7,8],"killed_by":"The Guardian","ascension_level":13}