{"gold_per_floor":[117,129,142,127,154,185,185,196,196,221,233,252,252,280,280,379,379,399,414,49,49,65,81,81,97,169,121,141,141,141],"floor_reached":30,"playtime":1666,"items_purged":[],"score":319,"play_id":"cc282159-f43c-4614-88eb-c90a35b076ee","local_time":"20180923183035","is_ascension_mode":true,"campfire_choices":[{"data":"Backstab","floor":7,"key":"SMITH"},{"floor":13,"key":"REST"},{"floor":15,"key":"REST"},{"floor":24,"key":"REST"}],"neow_cost":"NONE","seed_source_timestamp":195243758615185,"circlet_count":0,"master_deck":["Defend_G","Defend_G","Defend_G","Defend_G","Defend_G","Strike_G","Strike_G","Strike_G","Strike_G","Strike_G","Survivor","Neutralize","Backstab+1","Escape Plan","Finisher","Poisoned Stab","Poisoned Stab","Skewer","Crippling Poison","Poisoned Stab","Poisoned Stab","Dagger Throw","Bullet Time+1","Envenom","Decay","Deflect+1","Slice","Deadly Poison+1","Prepared+1","Deflect+1","Crippling Poison+1","Dagger Throw+1","Poisoned Stab","Endless Agony+1"],"relics":["Ring of the Snake","Bag of Marbles","Omamori","Bird Faced Urn","Pen Nib","Toxic Egg 2","Calling Bell","Ginger","Ornamental Fan","Blood Vial","The Specimen","Enchiridion","Paper Crane"],"potions_floor_usage":[6,16,16,22,23,30],"damage_taken":[{"damage":0,"enemies":"Cultist","floor":1,"turns":4},{"damage":0,"enemies":"Jaw Worm","floor":2,"turns":4},{"damage":0,"enemies":"2 Louse","floor":3,"turns":2},{"damage":13,"enemies":"Exordium Thugs","floor":4,"turns":4},{"damage":10,"enemies":"Gremlin Nob","floor":6,"turns":3},{"damage":0,"enemies":"Looter","floor":8,"turns":2},{"damage":16,"enemies":"3 Sentries","floor":10,"turns":6},{"damage":0,"enemies":"2 Fungi Beasts","floor":11,"turns":1},{"damage":10,"enemies":"Lots of Slimes","floor":12,"turns":2},{"damage":27,"enemies":"Lagavulin","floor":14,"turns":5},{"damage":21,"enemies":"Hexaghost","floor":16,"turns":10},{"damage":17,"enemies":"Shell Parasite","floor":18,"turns":3},{"damage":2,"enemies":"Chosen","floor":19,"turns":4},{"damage":12,"enemies":"Centurion and Healer","floor":22,"turns":5},{"damage":14,"enemies":"Snake Plant","floor":23,"turns":3},{"damage":20,"enemies":"Cultist and Chosen","floor":25,"turns":5},{"damage":21,"enemies":"Centurion and Healer","floor":28,"turns":5},{"damage":18,"enemies":"Snecko","floor":30,"turns":4}],"seed_played":"-8817792224201608631","potions_obtained":[{"floor":1,"key":"Explosive Potion"},{"floor":4,"key":"GhostInAJar"},{"floor":11,"key":"SkillPotion"},{"floor":12,"key":"Dexterity Potion"},{"floor":19,"key":"Weak Potion"},{"floor":23,"key":"GamblersBrew"},{"floor":25,"key":"Strength Potion"}],"is_trial":false,"path_per_floor":["M","M","M","M","T","E","R","M","T","E","M","M","R","E","R","B",null,"M","M","$","?","M","M","R","M","T","$","M","?"],"character_chosen":"THE_SILENT","items_purchased":["The Specimen","Deadly Poison+1","Prepared+1","Poisoned Stab"],"campfire_rested":3,"item_purchase_floors":[20,20,20,27],"current_hp_per_floor":[70,70,70,57,57,47,47,47,47,31,31,21,42,15,36,15,70,53,53,53,37,29,21,42,26,26,26,11,11,0],"gold":141,"neow_bonus":"THREE_CARDS","is_prod":false,"is_daily":false,"chose_seed":false,"campfire_upgraded":1,"win_rate":0,"timestamp":1537745435,"path_taken":["M","M","M","M","?","E","R","M","T","E","M","M","R","E","R","BOSS","M","M","$","?","M","M","R","M","T","?","M","?","?"],"build_version":"2018-09-20","purchased_purges":0,"victory":false,"max_hp_per_floor":[70,70,70,70,70,70,70,70,70,70,70,70,70,70,70,70,70,70,70,70,70,70,70,70,70,70,70,70,70,70],"card_choices":[{"not_picked":["Dagger Spray","PiercingWail"],"picked":"Backstab","floor":0},{"not_picked":["PiercingWail","Dagger Spray"],"picked":"Escape Plan","floor":1},{"not_picked":["Dagger Spray","Blade Dance"],"picked":"Finisher","floor":2},{"not_picked":["Slice","Riddle With Holes"],"picked":"Poisoned Stab","floor":3},{"not_picked":["Well Laid Plans","Malaise"],"picked":"Poisoned Stab","floor":4},{"not_picked":["Quick Slash","Backflip"],"picked":"Skewer","floor":6},{"not_picked":["Calculated Gamble","Accuracy"],"picked":"Crippling Poison","floor":8},{"not_picked":["Outmaneuver","Dagger Spray"],"picked":"Poisoned Stab","floor":10},{"not_picked":["Blade Dance","Dodge and Roll"],"picked":"Poisoned Stab","floor":11},{"not_picked":["Backflip","Accuracy"],"picked":"Dagger Throw","floor":12},{"not_picked":["Prepared","Distraction"],"picked":"Bullet Time","floor":14},{"not_picked":["Grand Finale","Tools of the Trade"],"picked":"Envenom","floor":16},{"not_picked":["Prepared+1","PiercingWail+1"],"picked":"Deflect+1","floor":18},{"not_picked":["Blade Dance+1","Predator+1"],"picked":"Slice","floor":19},{"not_picked":["Riddle With Holes","Bane+1"],"picked":"Deflect+1","floor":22},{"not_picked":["Slice","Deadly Poison+1"],"picked":"Crippling Poison+1","floor":23},{"not_picked":["Quick Slash+1","Blade Dance+1"],"picked":"Dagger Throw+1","floor":25},{"not_picked":["Terror+1","Calculated Gamble+1"],"picked":"Endless Agony+1","floor":28}],"player_experience":379583,"relics_obtained":[{"floor":5,"key":"Bag of Marbles"},{"floor":6,"key":"Omamori"},{"floor":9,"key":"Bird Faced Urn"},{"floor":10,"key":"Pen Nib"},{"floor":14,"key":"Toxic Egg 2"},{"floor":17,"key":"Ginger"},{"floor":17,"key":"Ornamental Fan"},{"floor":17,"key":"Blood Vial"},{"floor":21,"key":"Enchiridion"},{"floor":26,"key":"Paper Crane"}],"event_choices":[{"event_name":"Cursed Tome","player_choice":"Obtained Book","floor":21,"damage_taken":0},{"event_name":"Ghosts","player_choice":"Ignored","floor":29,"damage_taken":0}],"is_beta":false,"boss_relics":[{"not_picked":["WristBlade","Eternal Feather"],"picked":"Calling Bell"}],"items_purged_floors":[],"is_endless":false,"potions_floor_spawned":[1,4,11,12,14,19,23,25],"killed_by":"Snecko","ascension_level":3}