{"gold_per_floor":[115,125,29,42,42,76,76,119,119,119,119],"floor_reached":11,"playtime":671,"items_purged":[],"score":162,"play_id":"6c828893-9bdb-4a82-b837-dcef66a70a59","local_time":"20190406201623","is_ascension_mode":true,"campfire_choices":[{"data":"Sucker Punch","floor":7,"key":"SMITH"},{"floor":10,"key":"REST"}],"neow_cost":"NONE","seed_source_timestamp":156976968103200,"circlet_count":0,"master_deck":["AscendersBane","Defend_G","Defend_G","Defend_G","Defend_G","Defend_G","Strike_G","Strike_G","Strike_G","Strike_G","Strike_G","Survivor","Neutralize","Cloak And Dagger","Skewer","Well Laid Plans","Sucker Punch+1","Leg Sweep","Slice","Venomology"],"relics":["Ring of the Snake","Golden Idol","Calipers","Meat on the Bone","Molten Egg 2"],"potions_floor_usage":[6,6],"damage_taken":[{"damage":0,"enemies":"Small Slimes","floor":1,"turns":5},{"damage":0,"enemies":"Jaw Worm","floor":2,"turns":6},{"damage":0,"enemies":"Cultist","floor":4,"turns":3},{"damage":20,"enemies":"Lagavulin","floor":6,"turns":9},{"damage":37,"enemies":"Gremlin Nob","floor":8,"turns":5},{"damage":25,"enemies":"3 Sentries","floor":11,"turns":8}],"seed_played":"263487095971116089","potions_obtained":[{"floor":0,"key":"AttackPotion"},{"floor":0,"key":"Explosive Potion"},{"floor":0,"key":"Strength Potion"}],"is_trial":false,"path_per_floor":["M","M","$","M","?","E","R","E","T","R","E"],"character_chosen":"THE_SILENT","items_purchased":["Well Laid Plans","Sucker Punch"],"campfire_rested":1,"item_purchase_floors":[3,3],"current_hp_per_floor":[59,59,59,59,59,39,39,2,2,20,0],"gold":119,"neow_bonus":"THREE_SMALL_POTIONS","is_prod":false,"is_daily":false,"chose_seed":false,"campfire_upgraded":1,"win_rate":0,"timestamp":1554596183,"path_taken":["M","M","$","M","?","E","R","E","T","R","E"],"build_version":"2019-01-23","purchased_purges":0,"victory":false,"max_hp_per_floor":[66,66,66,66,60,60,60,60,60,60,60],"card_choices":[{"not_picked":["Blade Dance","Flechettes"],"picked":"Cloak And Dagger","floor":1},{"not_picked":["Choke","Caltrops"],"picked":"Skewer","floor":2},{"not_picked":["Cloak And Dagger","Concentrate"],"picked":"Leg Sweep","floor":4},{"not_picked":["Sucker Punch","Deflect"],"picked":"Slice","floor":6},{"not_picked":["Backflip","Acrobatics"],"picked":"Venomology","floor":8}],"player_experience":836953,"relics_obtained":[{"floor":6,"key":"Calipers"},{"floor":8,"key":"Meat on the Bone"},{"floor":9,"key":"Molten Egg 2"}],"event_choices":[{"damage_healed":0,"gold_gain":0,"player_choice":"Lose Max HP","damage_taken":0,"relics_obtained":["Golden Idol"],"max_hp_gain":0,"max_hp_loss":6,"event_name":"Golden Idol","floor":5,"gold_loss":0}],"is_beta":false,"boss_relics":[],"items_purged_floors":[],"is_endless":false,"potions_floor_spawned":[2,4],"killed_by":"3 Sentries","ascension_level":20}