{"gold_per_floor":[12,29,29,29,40,67,67,97,97,97,129,304,317,327,327,327],"floor_reached":16,"playtime":698,"items_purged":[],"score":150,"play_id":"690169e6-94d2-4de6-b1f5-0aa778d8599e","local_time":"20180727002023","is_ascension_mode":true,"campfire_choices":[{"data":"Pommel Strike","floor":7,"key":"SMITH"},{"data":"1","floor":10,"key":"LIFT"},{"floor":15,"key":"REST"}],"neow_cost":"NO_GOLD","seed_source_timestamp":303951384297936,"circlet_count":0,"master_deck":["Strike_R","Strike_R","Strike_R","Strike_R","Defend_R","Defend_R","Defend_R","Defend_R","Bash","Limit Break","Clothesline","Evolve","Iron Wave","Pommel Strike+1","Doubt","Flex"],"relics":["Burning Blood","Mummified Hand","Calipers","Girya","Bag of Preparation"],"potions_floor_usage":[6,6,11],"damage_taken":[{"damage":6,"enemies":"Cultist","floor":1,"turns":3},{"damage":5,"enemies":"Jaw Worm","floor":2,"turns":5},{"damage":8,"enemies":"2 Louse","floor":5,"turns":3},{"damage":7,"enemies":"Gremlin Nob","floor":6,"turns":4},{"damage":45,"enemies":"Lagavulin","floor":8,"turns":7},{"damage":23,"enemies":"Gremlin Nob","floor":11,"turns":5},{"damage":5,"enemies":"2 Fungi Beasts","floor":13,"turns":4},{"damage":10,"enemies":"Blue Slaver","floor":14,"turns":4},{"damage":37,"enemies":"The Guardian","floor":16,"turns":5}],"seed_played":"36255559700419820","potions_obtained":[{"floor":2,"key":"Block Potion"},{"floor":5,"key":"Fire Potion"},{"floor":8,"key":"SkillPotion"}],"is_trial":false,"path_per_floor":["M","M","$","?","M","E","R","E","T","R","E","?","M","M","R"],"character_chosen":"IRONCLAD","items_purchased":[],"campfire_rested":1,"item_purchase_floors":[],"current_hp_per_floor":[80,80,80,73,71,70,70,31,31,31,14,14,15,11,35,0],"gold":327,"neow_bonus":"THREE_RARE_CARDS","is_prod":false,"is_daily":false,"chose_seed":false,"campfire_upgraded":1,"win_rate":0,"timestamp":1532676023,"path_taken":["M","M","?","?","M","E","R","E","T","R","E","?","M","M","R","BOSS"],"build_version":"2018-07-26","purchased_purges":0,"victory":false,"max_hp_per_floor":[80,80,80,80,80,80,80,80,80,80,80,80,80,80,80,80],"card_choices":[{"not_picked":["Brutality","Juggernaut"],"picked":"Limit Break","floor":0},{"not_picked":["Flex","Dual Wield"],"picked":"Clothesline","floor":1},{"not_picked":["Bloodletting","Whirlwind"],"picked":"Evolve","floor":2},{"not_picked":["Intimidate","Sword Boomerang"],"picked":"Iron Wave","floor":5},{"not_picked":["Feel No Pain","Perfected Strike"],"picked":"Pommel Strike","floor":6},{"not_picked":["Combust","Blood for Blood","Juggernaut"],"picked":"SKIP","floor":8},{"not_picked":["Corruption","Thunderclap","Havoc"],"picked":"SKIP","floor":11},{"not_picked":["Combust","Thunderclap"],"picked":"Flex","floor":13},{"not_picked":["Wild Strike","Perfected Strike","Clash"],"picked":"SKIP","floor":14}],"player_experience":207560,"relics_obtained":[{"floor":6,"key":"Mummified Hand"},{"floor":8,"key":"Calipers"},{"floor":9,"key":"Girya"},{"floor":11,"key":"Bag of Preparation"}],"event_choices":[{"event_name":"Golden Wing","player_choice":"Card Removal","floor":4,"damage_taken":0},{"event_name":"Liars Game","player_choice":"agreed","floor":12,"damage_taken":0}],"is_beta":false,"boss_relics":[],"items_purged_floors":[],"is_endless":false,"potions_floor_spawned":[2,5,8],"killed_by":"The Guardian","ascension_level":5}