{"gold_per_floor":[360,435,454,473,1,1,31,31,80,106,106,117,129,129,129,228,228,243,259,278,48,66,66,82,82,82,97,97,124,134,134],"floor_reached":31,"playtime":3166,"items_purged":["Clumsy","Strike_B"],"score":430,"play_id":"918063f3-37bc-40ec-9665-eae7760b3cdf","local_time":"20190324110730","is_ascension_mode":true,"campfire_choices":[{"data":"Zap","floor":6.0,"key":"SMITH"},{"floor":8.0,"key":"REST"},{"floor":11,"key":"REST"},{"data":"Defragment","floor":15,"key":"SMITH"},{"floor":23,"key":"REST"},{"data":"Loop","floor":25,"key":"SMITH"},{"data":"Hologram","floor":28,"key":"SMITH"}],"neow_cost":"CURSE","seed_source_timestamp":0,"circlet_count":0,"master_deck":["AscendersBane","Strike_B","Strike_B","Defend_B","Defend_B","Defend_B","Defend_B","Zap+1","Dualcast","Compile Driver","Rebound","Defragment+1","Ball Lightning","Loop+1","Glacier","Capacitor","Barrage","Core Surge","Conserve Battery","Undo","Go for the Eyes","Hologram+1","FTL","Ball Lightning","Sunder","Cold Snap","Conserve Battery","Beam Cell"],"special_seed":0,"relics":["Cracked Core","Torii","Bag of Marbles","Regal Pillow","Darkstone Periapt","Cursed Key","Oddly Smooth Stone"],"potions_floor_usage":[10,29],"damage_taken":[{"damage":3.0,"enemies":"2 Louse","floor":1.0,"turns":2.0},{"damage":0.0,"enemies":"Small Slimes","floor":3.0,"turns":3.0},{"damage":1.0,"enemies":"Cultist","floor":4.0,"turns":3.0},{"damage":35.0,"enemies":"Lagavulin","floor":7.0,"turns":6.0},{"damage":13,"enemies":"3 Sentries","floor":10,"turns":5},{"damage":22,"enemies":"3 Louse","floor":12,"turns":2},{"damage":11,"enemies":"Looter","floor":13,"turns":2},{"damage":6,"enemies":"Hexaghost","floor":16,"turns":8},{"damage":29,"enemies":"2 Thieves","floor":18,"turns":4},{"damage":5,"enemies":"3 Byrds","floor":19,"turns":5},{"damage":1,"enemies":"Snecko","floor":20,"turns":5},{"damage":7,"enemies":"Shelled Parasite and Fungi","floor":22,"turns":8},{"damage":0,"enemies":"Chosen and Byrds","floor":24,"turns":6},{"damage":20,"enemies":"Snake Plant","floor":27,"turns":5},{"damage":22,"enemies":"Slavers","floor":29,"turns":4},{"damage":6,"enemies":"Centurion and Healer","floor":30,"turns":6},{"damage":16,"enemies":"Shelled Parasite and Fungi","floor":31,"turns":2}],"seed_played":"4133608693135605587","potions_obtained":[{"floor":1.0,"key":"Dexterity Potion"},{"floor":7.0,"key":"Explosive Potion"},{"floor":13,"key":"Energy Potion"},{"floor":19,"key":"PowerPotion"},{"floor":29,"key":"Fire Potion"}],"is_trial":false,"path_per_floor":["M","?","M","M","$","R","E","R","T","E","R","M","M","?","R","B",null,"M","M","M","$","M","R","M","R","T","M","R","E","M","M"],"character_chosen":"DEFECT","items_purchased":["Torii","Defragment","Ball Lightning","Hologram","FTL"],"campfire_rested":3,"item_purchase_floors":[5,5,5,21,21],"current_hp_per_floor":[65,54,54,53,53,53,18,40,40,27,64,42,31,31,31,25,63,34,29,28,28,21,58,58,58,58,38,38,16,10,0],"gold":134,"neow_bonus":"TWO_FIFTY_GOLD","is_prod":false,"is_daily":false,"chose_seed":false,"campfire_upgraded":4,"win_rate":0,"timestamp":1553440050,"path_taken":["M","?","M","M","$","R","E","R","T","E","R","M","M","?","R","BOSS","M","M","M","$","M","R","M","R","T","M","R","E","M","?"],"build_version":"2019-01-23","purchased_purges":2,"victory":false,"max_hp_per_floor":[75,75,75,75,75,75,75,75,75,75,75,75,75,75,75,75,75,75,75,75,75,75,75,75,75,75,75,75,75,75,75],"card_choices":[{"not_picked":["Sweeping Beam","Consume"],"picked":"Compile Driver","floor":1.0},{"not_picked":["Stack","Aggregate","Blizzard"],"picked":"SKIP","floor":3.0},{"not_picked":["Barrage","Beam Cell"],"picked":"Rebound","floor":4.0},{"not_picked":["Reboot","Skim"],"picked":"Loop","floor":7.0},{"not_picked":["Doom and Gloom","Sweeping Beam"],"picked":"Glacier","floor":10},{"not_picked":["Force Field","Steam"],"picked":"Capacitor","floor":12},{"not_picked":["Scrape","Aggregate"],"picked":"Barrage","floor":13},{"not_picked":["Buffer","All For One"],"picked":"Core Surge","floor":16},{"not_picked":["Doom and Gloom","Auto Shields"],"picked":"Conserve Battery","floor":18},{"not_picked":["Leap","Hello World"],"picked":"Undo","floor":19},{"not_picked":["Barrage","Tempest"],"picked":"Go for the Eyes","floor":20},{"not_picked":["Go for the Eyes","Compile Driver"],"picked":"Ball Lightning","floor":22},{"not_picked":["Leap","Go for the Eyes"],"picked":"Sunder","floor":24},{"not_picked":["Gash","Streamline"],"picked":"Cold Snap","floor":27},{"not_picked":["Steam","Hello World"],"picked":"Conserve Battery","floor":29},{"not_picked":["Hello World+1","Sunder"],"picked":"Beam Cell","floor":30}],"player_experience":1994623,"relics_obtained":[{"floor":7.0,"key":"Bag of Marbles"},{"floor":9.0,"key":"Regal Pillow"},{"floor":10,"key":"Darkstone Periapt"},{"floor":29,"key":"Oddly Smooth Stone"}],"event_choices":[{"damage_healed":0.0,"max_hp_gain":0.0,"max_hp_loss":0.0,"gold_gain":75.0,"event_name":"World of Goop","player_choice":"Gather Gold","floor":2.0,"gold_loss":0.0,"damage_taken":11.0},{"cards_removed":["Strike_B"],"damage_healed":0,"gold_gain":0,"player_choice":"Purged","damage_taken":0,"max_hp_gain":0,"max_hp_loss":0,"event_name":"Purifier","floor":14,"gold_loss":0}],"is_beta":false,"boss_relics":[{"not_picked":["White Beast Statue","Runic Dome"],"picked":"Cursed Key"}],"items_purged_floors":[5,21],"is_endless":false,"potions_floor_spawned":[1,7,13,19,22,29,30],"killed_by":"Shelled Parasite and Fungi","ascension_level":12}