{"gold_per_floor":[369,389,354,27,44,44,71,71,71,84,84,94,106,133,133,228,228,247,258,183,201,2,2,29,29,29,57,73,87,87,102,102,202,202,218,218,231,57,57,57,91,103,103,103,32,32,77,77,77,77],"floor_reached":51,"playtime":3784,"items_purged":["Strike_B","Strike_B+1"],"score":1046,"play_id":"89abbef2-53c3-4dcb-9942-c9b019f17d23","local_time":"20180809230231","is_ascension_mode":true,"campfire_choices":[{"data":"Defragment","floor":6.0,"key":"SMITH"},{"data":"Zap","floor":8.0,"key":"SMITH"},{"data":"Reinforced Body","floor":15,"key":"SMITH"},{"data":"Hologram","floor":23,"key":"SMITH"},{"data":"Dualcast","floor":25,"key":"SMITH"},{"data":"Go for the Eyes","floor":32,"key":"SMITH"},{"data":"Electrodynamics","floor":40,"key":"SMITH"},{"data":"Scrape","floor":44,"key":"SMITH"},{"data":"Consume","floor":46,"key":"SMITH"},{"data":"Blind","floor":49,"key":"SMITH"}],"neow_cost":"PERCENT_DAMAGE","seed_source_timestamp":1505762826594560,"circlet_count":0,"master_deck":["Defend_B+1","Defend_B+1","Defend_B+1","Defend_B+1","Zap+1","Dualcast+1","AscendersBane","Gash","Defragment+1","Ball Lightning","Self Repair","Reinforced Body+1","Gash","Gash","Chill","Electrodynamics+1","Genetic Algorithm","Scrape+1","Hologram+1","Hologram","Glacier","Self Repair+1","Tempest+1","Capacitor+1","Force Field+1","Aggregate+1","Consume+1","Purity","Blind+1"],"special_seed":0,"relics":["Cracked Core","Lee\u0027s Waffle","Unceasing Top","Thread and Needle","Pen Nib","Busted Crown","Cables","Frozen Egg 2","Dream Catcher","White Beast Statue","Nunchaku","Mercury Hourglass","Molten Egg 2","Emotion Chip"],"potions_floor_usage":[16,16,24,27,33,33,36,41,50,50],"damage_taken":[{"damage":12.0,"enemies":"Jaw Worm","floor":1.0,"turns":3.0},{"damage":3.0,"enemies":"2 Louse","floor":2.0,"turns":3.0},{"damage":6.0,"enemies":"Cultist","floor":5.0,"turns":3.0},{"damage":21.0,"enemies":"Lagavulin","floor":7.0,"turns":6.0},{"damage":0.0,"enemies":"Large Slime","floor":10.0,"turns":5.0},{"damage":0.0,"enemies":"3 Louse","floor":12.0,"turns":3.0},{"damage":0.0,"enemies":"Looter","floor":13.0,"turns":2.0},{"damage":13,"enemies":"3 Sentries","floor":14,"turns":5},{"damage":19,"enemies":"Hexaghost","floor":16,"turns":8},{"damage":0,"enemies":"Chosen","floor":18,"turns":4},{"damage":2,"enemies":"Spheric Guardian","floor":19,"turns":3},{"damage":9,"enemies":"Snecko","floor":21,"turns":6},{"damage":12,"enemies":"Gremlin Leader","floor":24,"turns":6},{"damage":25,"enemies":"Book of Stabbing","floor":27,"turns":6},{"damage":0,"enemies":"Cultist and Chosen","floor":28,"turns":4},{"damage":13,"enemies":"Snake Plant","floor":29,"turns":4},{"damage":0,"enemies":"Sentry and Sphere","floor":31,"turns":4},{"damage":19,"enemies":"Automaton","floor":33,"turns":7},{"damage":0,"enemies":"Orb Walker","floor":35,"turns":3},{"damage":0,"floor":36,"turns":8},{"damage":0,"enemies":"Flame Bruiser 1 Orb","floor":37,"turns":7},{"damage":27,"enemies":"Giant Head","floor":41,"turns":7},{"damage":3,"enemies":"3 Darklings","floor":42,"turns":4},{"damage":12,"floor":47,"turns":6},{"damage":46,"enemies":"Donu and Deca","floor":50,"turns":6}],"seed_played":"6528441800353586528","potions_obtained":[{"floor":2.0,"key":"Energy Potion"},{"floor":7.0,"key":"SmokeBomb"},{"floor":12.0,"key":"Block Potion"},{"floor":18,"key":"Block Potion"},{"floor":24,"key":"EssenceOfSteel"},{"floor":27,"key":"Swift Potion"},{"floor":29,"key":"SteroidPotion"},{"floor":35,"key":"Energy Potion"},{"floor":36,"key":"AttackPotion"},{"floor":37,"key":"SmokeBomb"},{"floor":41,"key":"Regen Potion"},{"floor":47,"key":"Ancient Potion"}],"is_trial":false,"path_per_floor":["M","M","?","$","M","R","E","R","T","M","?","M","M","E","R","B",null,"M","M","?","M","$","R","E","R","T","E","M","M","?","M","R","B",null,"M","?","M","$","?","R","E","M","T","R","$","R","?","?","R","B"],"character_chosen":"DEFECT","items_purchased":["Lee\u0027s Waffle","Ball Lightning","Self Repair","Scrape","Hologram","Capacitor+1","Consume"],"campfire_rested":0,"item_purchase_floors":[4,4,4,22,22,38,45],"current_hp_per_floor":[38,35,53,82,82,82,68,68,68,75,75,82,82,76,76,64,78,82,80,80,71,71,71,66,66,66,41,48,42,42,42,42,30,69,76,82,82,82,82,82,72,82,82,82,82,82,77,67,67,53],"gold":77,"neow_bonus":"TWO_FIFTY_GOLD","is_prod":false,"is_daily":false,"chose_seed":false,"campfire_upgraded":10,"win_rate":0,"timestamp":1533880951,"path_taken":["M","M","?","$","M","R","E","R","T","M","?","M","M","E","R","BOSS","M","M","?","M","$","R","E","R","T","E","M","M","?","M","R","BOSS","M","?","M","$","?","R","E","M","T","R","$","R","?","?","R","BOSS"],"build_version":"2018-08-09","purchased_purges":2,"victory":true,"max_hp_per_floor":[75,75,75,82,82,82,82,82,82,82,82,82,82,82,82,82,82,82,82,82,82,82,82,82,82,82,82,82,82,82,82,82,82,82,82,82,82,82,82,82,82,82,82,82,82,82,82,82,82,82],"card_choices":[{"not_picked":["Rebound","Hello World"],"picked":"Gash","floor":1.0},{"not_picked":["Cold Snap","Undo"],"picked":"Defragment","floor":2.0},{"not_picked":["Fusion","Force Field"],"picked":"Reinforced Body","floor":5.0},{"not_picked":["White Noise","Barrage","Lockon"],"picked":"SKIP","floor":7.0},{"not_picked":["Hologram","Leap"],"picked":"Gash","floor":10.0},{"not_picked":["Recycle","Self Repair","Skim"],"picked":"SKIP","floor":12.0},{"not_picked":["Self Repair","Go for the Eyes"],"picked":"Gash","floor":13.0},{"not_picked":["White Noise","Stack"],"picked":"Chill","floor":14},{"not_picked":["Seek","Thunder Strike"],"picked":"Electrodynamics","floor":16},{"not_picked":["Coolheaded"],"picked":"SKIP","floor":18},{"not_picked":[],"picked":"Genetic Algorithm","floor":19},{"not_picked":["Lockon+1"],"picked":"SKIP","floor":21},{"not_picked":[],"picked":"Hologram","floor":24},{"not_picked":["Stack"],"picked":"SKIP","floor":27},{"not_picked":[],"picked":"Glacier","floor":28},{"not_picked":["Melter"],"picked":"SKIP","floor":29},{"not_picked":[],"picked":"Go for the Eyes","floor":31},{"not_picked":[],"picked":"Self Repair+1","floor":35},{"not_picked":[],"picked":"Tempest+1","floor":36},{"not_picked":["Turbo+1"],"picked":"SKIP","floor":37},{"not_picked":[],"picked":"Force Field+1","floor":41},{"not_picked":[],"picked":"Aggregate+1","floor":42},{"not_picked":[],"picked":"Purity","floor":48},{"not_picked":[],"picked":"Blind","floor":48}],"player_experience":410549,"relics_obtained":[{"floor":7.0,"key":"Unceasing Top"},{"floor":9.0,"key":"Thread and Needle"},{"floor":14,"key":"Pen Nib"},{"floor":24,"key":"Cables"},{"floor":26,"key":"Frozen Egg 2"},{"floor":27,"key":"Dream Catcher"},{"floor":36,"key":"Nunchaku"},{"floor":41,"key":"Mercury Hourglass"},{"floor":43,"key":"Molten Egg 2"},{"floor":47,"key":"Emotion Chip"}],"event_choices":[{"event_name":"The Cleric","player_choice":"Healed","floor":3.0,"damage_taken":0.0},{"event_name":"Living Wall","player_choice":"Forget","floor":11.0,"damage_taken":0.0},{"event_name":"Beggar","player_choice":"Gave Gold","floor":20,"damage_taken":0},{"event_name":"Back to Basics","player_choice":"Simplicity","floor":30,"damage_taken":0},{"event_name":"MindBloom","player_choice":"Fight","floor":36,"damage_taken":0},{"event_name":"Falling","player_choice":"Removed Attack","floor":39,"damage_taken":0},{"event_name":"Mysterious Sphere","player_choice":"Fight","floor":47,"damage_taken":0},{"event_name":"SensoryStone","player_choice":"Memory 3","floor":48,"damage_taken":0}],"is_beta":false,"boss_relics":[{"not_picked":["Runic Pyramid","Eternal Feather"],"picked":"Busted Crown"},{"not_picked":["Orrery","Velvet Choker"],"picked":"White Beast Statue"}],"items_purged_floors":[22,38],"is_endless":false,"potions_floor_spawned":[2,7,12,14,18,24,27,29,35,36,37,41,42,47],"ascension_level":11}