{"gold_per_floor":[119,119,135,135,152,152,179,21,21,21,85,95,125,142,142,219,219,231,62,62,62,62,62,62,62,62,79,94,94],"floor_reached":29,"playtime":1815,"items_purged":["Strike_B"],"score":492,"play_id":"da7c78bb-00b6-4d75-9b19-febbdff81aef","local_time":"20180928212756","is_ascension_mode":true,"campfire_choices":[{"data":"Go for the Eyes","floor":6.0,"key":"SMITH"},{"floor":10,"key":"REST"},{"data":"Zap","floor":15,"key":"SMITH"},{"floor":23,"key":"REST"},{"data":"Sweeping Beam","floor":25,"key":"SMITH"}],"neow_cost":"TEN_PERCENT_HP_LOSS","seed_source_timestamp":703597032294308,"circlet_count":0,"master_deck":["Strike_B+1","Strike_B+1","Strike_B","Defend_B","Defend_B","Defend_B+1","Defend_B+1","Zap+1","Dualcast","AscendersBane","Self Repair","Genetic Algorithm","Go for the Eyes+1","Leap","FTL","Seek","Ball Lightning","Genetic Algorithm","Echo Form","Sweeping Beam+1","Stack","Compile Driver","Zap","Shame"],"special_seed":0,"relics":["Cracked Core","Nunchaku","Singing Bowl","DataDisk","Whetstone","Tiny Chest","Pear","Inserter","Happy Flower","The Courier"],"potions_floor_usage":[7,13,16,16,28,28],"damage_taken":[{"damage":13.0,"enemies":"Small Slimes","floor":1.0,"turns":4.0},{"damage":0.0,"enemies":"Jaw Worm","floor":3.0,"turns":5.0},{"damage":8.0,"enemies":"2 Louse","floor":5.0,"turns":2.0},{"damage":34,"enemies":"3 Sentries","floor":7,"turns":8},{"damage":10,"enemies":"Lagavulin","floor":11,"turns":7},{"damage":3,"enemies":"Exordium Wildlife","floor":12,"turns":5},{"damage":0,"enemies":"Gremlin Nob","floor":13,"turns":4},{"damage":0,"enemies":"Red Slaver","floor":14,"turns":3},{"damage":26,"enemies":"The Guardian","floor":16,"turns":11},{"damage":40,"enemies":"Chosen","floor":18,"turns":6},{"damage":29,"enemies":"Colosseum Slavers","floor":20,"turns":5},{"damage":24,"enemies":"Shell Parasite","floor":27,"turns":5},{"damage":7,"enemies":"Shelled Parasite and Fungi","floor":28,"turns":5},{"damage":12,"enemies":"Snake Plant","floor":29,"turns":1}],"seed_played":"2234706445703874683","potions_obtained":[{"floor":5.0,"key":"SneckoOil"},{"floor":11,"key":"PowerPotion"},{"floor":12,"key":"GamblersBrew"},{"floor":14,"key":"Block Potion"},{"floor":27,"key":"Block Potion"}],"is_trial":false,"path_per_floor":["M","?","M","T","M","R","E","$","T","R","E","M","E","M","R","B",null,"M","$","?","?","?","R","?","R","T","M","M"],"character_chosen":"DEFECT","items_purchased":["FTL","Sweeping Beam","Stack","Explosive Potion"],"campfire_rested":2,"item_purchase_floors":[8,19,19,19],"current_hp_per_floor":[51,32,39,39,38,38,11,11,11,30,27,31,48,57,57,38,67,43,43,14,14,14,37,37,37,37,15,10,0],"gold":94,"neow_bonus":"ONE_RARE_RELIC","is_prod":false,"is_daily":false,"chose_seed":false,"campfire_upgraded":3,"win_rate":0,"timestamp":1538184476,"path_taken":["M","?","M","?","M","R","E","$","T","R","E","?","E","M","R","BOSS","M","$","?","?","?","R","?","R","T","M","M","?"],"build_version":"2018-09-27","purchased_purges":1,"victory":false,"max_hp_per_floor":[64,64,64,64,64,64,64,64,64,64,64,64,74,76,76,76,76,78,78,78,78,78,78,78,78,78,80,82,82],"card_choices":[{"not_picked":["Go for the Eyes","Hologram"],"picked":"Self Repair","floor":1.0},{"not_picked":["Go for the Eyes","Steam"],"picked":"Genetic Algorithm","floor":3.0},{"not_picked":["Defragment","Reinforced Body"],"picked":"Go for the Eyes","floor":5.0},{"not_picked":["Compile Driver","Rebound"],"picked":"Leap","floor":7},{"not_picked":["Cold Snap","Redo"],"picked":"Seek","floor":11},{"not_picked":["Tempest","Coolheaded"],"picked":"Ball Lightning","floor":12},{"not_picked":["Doom and Gloom","Redo"],"picked":"Genetic Algorithm","floor":13},{"not_picked":["Streamline","Heatsinks","Steam"],"picked":"Singing Bowl","floor":14},{"not_picked":["Hyperbeam","Rainbow"],"picked":"Echo Form","floor":16},{"not_picked":["Rebound","Double Energy+1","Gash"],"picked":"Singing Bowl","floor":18},{"not_picked":["Compile Driver","Heatsinks+1","Reprogram"],"picked":"Singing Bowl","floor":27},{"not_picked":["Sweeping Beam","Compile Driver","Beam Cell"],"picked":"Singing Bowl","floor":28}],"player_experience":648425,"relics_obtained":[{"floor":4.0,"key":"Singing Bowl"},{"floor":7,"key":"DataDisk"},{"floor":9,"key":"Whetstone"},{"floor":11,"key":"Tiny Chest"},{"floor":13,"key":"Pear"},{"floor":26,"key":"The Courier"}],"event_choices":[{"event_name":"Shining Light","player_choice":"Entered Light","floor":2.0,"damage_taken":0.0},{"event_name":"Colosseum","player_choice":"Fight","floor":20,"damage_taken":0},{"event_name":"Colosseum","player_choice":"Fled From Nobs","floor":20,"damage_taken":0},{"event_name":"Match and Keep!","player_choice":"2 cards matched","floor":21,"damage_taken":0},{"event_name":"Addict","player_choice":"Stole Relic","floor":22,"damage_taken":0},{"event_name":"Ghosts","player_choice":"Ignored","floor":24,"damage_taken":0}],"is_beta":false,"boss_relics":[{"not_picked":["Coffee Dripper","Velvet Choker"],"picked":"Inserter"}],"items_purged_floors":[8],"is_endless":false,"potions_floor_spawned":[5,11,12,14,20,27],"killed_by":"Snake Plant","ascension_level":17}