{"gold_per_floor":[112,132,143,143,157,157,182,182,206,206,221,221,255,267,267,338,338,351,366,217,234,234,234,262,262,262,262,274,286,286,298,298,371,371,382,395,413,429,446,446,474,492,492,492,492,492,492,503,503,503,503,503,18,18],"floor_reached":54,"playtime":2526,"items_purged":["Gash"],"score":1431,"play_id":"854ecc17-8ffc-4ada-b9d5-afb77499ce4c","local_time":"20190412143319","is_ascension_mode":true,"campfire_choices":[{"data":"Coolheaded","floor":6.0,"key":"SMITH"},{"data":"Genetic Algorithm","floor":10.0,"key":"SMITH"},{"floor":12.0,"key":"REST"},{"data":"Defragment","floor":15.0,"key":"SMITH"},{"data":"Electrodynamics","floor":23.0,"key":"SMITH"},{"floor":30.0,"key":"REST"},{"data":"Loop","floor":32.0,"key":"SMITH"},{"floor":40.0,"key":"REST"},{"data":"Fission","floor":46.0,"key":"SMITH"},{"floor":49.0,"key":"RECALL"},{"data":"Reboot","floor":52.0,"key":"SMITH"}],"neow_cost":"NONE","seed_source_timestamp":235913217539200,"circlet_count":0,"master_deck":["AscendersBane","Zap+1","Dualcast","Genetic Algorithm+1","Coolheaded+1","Cold Snap","Self Repair","Core Surge","Defragment+1","Reboot+1","Genetic Algorithm","Redo","Loop+1","Biased Cognition","Electrodynamics+1","Melter","Compile Driver+1","Recycle+1","Capacitor","Stack","Turbo","Leap","Darkness+1","Fission+1","White Noise+1","Double Energy+1","Hologram","Core Surge","Reinforced Body","Blind"],"special_seed":0,"relics":["Cracked Core","Anchor","DataDisk","Lantern","Pandora\u0027s Box","Mercury Hourglass","Ginger","Black Star","Letter Opener","Mummified Hand","Bag of Marbles","Vajra"],"potions_floor_usage":[54],"damage_taken":[{"damage":0.0,"enemies":"Cultist","floor":1.0,"turns":3.0},{"damage":0.0,"enemies":"2 Louse","floor":2.0,"turns":2.0},{"damage":4.0,"enemies":"Jaw Worm","floor":3.0,"turns":4.0},{"damage":24.0,"enemies":"3 Louse","floor":5.0,"turns":4.0},{"damage":11.0,"enemies":"Gremlin Nob","floor":7.0,"turns":3.0},{"damage":3.0,"enemies":"Looter","floor":11.0,"turns":4.0},{"damage":15.0,"enemies":"3 Sentries","floor":13.0,"turns":10.0},{"damage":0.0,"enemies":"Exordium Wildlife","floor":14.0,"turns":3.0},{"damage":40.0,"enemies":"Hexaghost","floor":16.0,"turns":14.0},{"damage":0.0,"enemies":"Spheric Guardian","floor":18.0,"turns":1.0},{"damage":3.0,"enemies":"3 Byrds","floor":19.0,"turns":3.0},{"damage":23.0,"enemies":"Snake Plant","floor":21.0,"turns":3.0},{"damage":40.0,"enemies":"Gremlin Leader","floor":24.0,"turns":5.0},{"damage":0.0,"enemies":"Snecko","floor":28.0,"turns":4.0},{"damage":0.0,"enemies":"Cultist and Chosen","floor":29.0,"turns":3.0},{"damage":0.0,"enemies":"Snake Plant","floor":31.0,"turns":3.0},{"damage":10.0,"enemies":"Automaton","floor":33.0,"turns":8.0},{"damage":3.0,"enemies":"Orb Walker","floor":35.0,"turns":5.0},{"damage":2.0,"enemies":"3 Darklings","floor":36.0,"turns":4.0},{"damage":13.0,"enemies":"Writhing Mass","floor":37.0,"turns":6.0},{"damage":25.0,"enemies":"Maw","floor":38.0,"turns":7.0},{"damage":36.0,"enemies":"Transient","floor":39.0,"turns":6.0},{"damage":24.0,"enemies":"Nemesis","floor":41.0,"turns":5.0},{"damage":19.0,"enemies":"Spire Growth","floor":42.0,"turns":4.0},{"damage":11.0,"enemies":"Jaw Worm Horde","floor":48.0,"turns":3.0},{"damage":0.0,"enemies":"Donu and Deca","floor":50.0,"turns":6.0},{"damage":64,"enemies":"Shield and Spear","floor":54,"turns":3}],"seed_played":"8412649162163071403","potions_obtained":[{"floor":3.0,"key":"FearPotion"},{"floor":5.0,"key":"Strength Potion"},{"floor":13.0,"key":"SpeedPotion"},{"floor":14.0,"key":"Block Potion"},{"floor":24.0,"key":"SteroidPotion"},{"floor":29.0,"key":"Block Potion"},{"floor":36.0,"key":"SkillPotion"},{"floor":37.0,"key":"Ancient Potion"},{"floor":39.0,"key":"SkillPotion"},{"floor":41.0,"key":"PowerPotion"},{"floor":48.0,"key":"Explosive Potion"}],"is_trial":false,"path_per_floor":["M","M","M","$","M","R","E","?","T","R","M","R","E","M","R","B",null,"M","M","$","M","T","R","E","?","T","?","M","M","R","M","R","B",null,"M","M","M","M","M","R","E","M","T","?","?","R","?","M","R","B",null,"R","$","E"],"character_chosen":"DEFECT","items_purchased":["Capacitor","Stack","Turbo","Reinforced Body","PowerPotion","Blind","Vajra"],"campfire_rested":3,"item_purchase_floors":[20,20,20,53,53,53,53],"current_hp_per_floor":[64,64,60,60,36,36,25,25,25,25,29,50,42,49,49,16,57,57,61,61,45,45,45,12,12,12,12,19,19,40,40,40,37,63,67,71,65,47,18,39,22,10,10,10,55,55,55,44,44,51,54,54,54,0],"gold":18,"neow_bonus":"UPGRADE_CARD","is_prod":false,"is_daily":false,"chose_seed":false,"campfire_upgraded":7,"win_rate":0,"timestamp":1555104799,"path_taken":["M","?","M","$","M","R","E","?","T","R","M","R","E","M","R","BOSS","M","?","$","M","?","R","E","?","T","?","M","M","R","M","R","BOSS","M","M","M","M","M","R","E","M","T","?","?","R","?","M","R","BOSS","R","$","E"],"build_version":"2019-01-23","purchased_purges":1,"victory":false,"max_hp_per_floor":[71,71,71,71,71,71,71,71,71,71,71,71,71,71,71,71,71,71,71,71,71,71,71,71,71,71,71,71,71,71,71,71,71,71,71,71,71,71,71,71,71,71,71,67,55,55,55,55,55,55,55,55,55,55],"card_choices":[{"not_picked":["Redo","Beam Cell","Rebound"],"picked":"SKIP","floor":1.0},{"not_picked":["Rebound","Redo"],"picked":"Genetic Algorithm","floor":2.0},{"not_picked":["Consume","Barrage"],"picked":"Coolheaded","floor":3.0},{"not_picked":["Reinforced Body","Force Field"],"picked":"Cold Snap","floor":5.0},{"not_picked":["Scrape","Doom and Gloom"],"picked":"Self Repair","floor":7.0},{"not_picked":["Scrape","Cold Snap","Hologram"],"picked":"SKIP","floor":11.0},{"not_picked":["Hologram","All For One"],"picked":"Core Surge","floor":13.0},{"not_picked":["BootSequence","Compile Driver"],"picked":"Defragment","floor":14.0},{"not_picked":["Creative AI","Hyperbeam"],"picked":"Reboot","floor":16.0},{"not_picked":["Sweeping Beam","Loop"],"picked":"Compile Driver+1","floor":18.0},{"not_picked":["Tempest","Auto Shields"],"picked":"Recycle+1","floor":19.0},{"not_picked":["Sweeping Beam","Tempest+1"],"picked":"Leap","floor":21.0},{"not_picked":["Gash","Tempest","Beam Cell"],"picked":"SKIP","floor":24.0},{"not_picked":["Streamline","Rebound","Coolheaded"],"picked":"SKIP","floor":28.0},{"not_picked":["Genetic Algorithm","Sweeping Beam","Rainbow"],"picked":"SKIP","floor":29.0},{"not_picked":["Chill","Lockon"],"picked":"Darkness+1","floor":31.0},{"not_picked":["Meteor Strike","Machine Learning"],"picked":"Fission","floor":33.0},{"not_picked":["Ball Lightning+1","Coolheaded","Sweeping Beam"],"picked":"SKIP","floor":35.0},{"not_picked":["Stack+1","Compile Driver"],"picked":"White Noise+1","floor":36.0},{"not_picked":["Stack","Capacitor+1"],"picked":"Double Energy+1","floor":37.0},{"not_picked":["Heatsinks+1","Storm+1","Capacitor+1"],"picked":"SKIP","floor":38.0},{"not_picked":["Compile Driver","Fusion"],"picked":"Hologram","floor":39.0},{"not_picked":["Ball Lightning","Biased Cognition"],"picked":"Core Surge","floor":41.0},{"not_picked":["Conserve Battery+1","Steam+1","Self Repair"],"picked":"SKIP","floor":42.0},{"not_picked":["Chaos","Sweeping Beam","FTL"],"picked":"SKIP","floor":48.0}],"player_experience":535673,"relics_obtained":[{"floor":7.0,"key":"Anchor"},{"floor":9.0,"key":"DataDisk"},{"floor":13.0,"key":"Lantern"},{"floor":24.0,"key":"Mercury Hourglass"},{"floor":26.0,"key":"Ginger"},{"floor":41.0,"key":"Letter Opener"},{"floor":41.0,"key":"Mummified Hand"},{"floor":43.0,"key":"Bag of Marbles"}],"event_choices":[{"damage_healed":0.0,"max_hp_gain":0.0,"max_hp_loss":0.0,"gold_gain":0.0,"cards_transformed":["Strike_B"],"event_name":"Transmorgrifier","player_choice":"Transformed","floor":8.0,"gold_loss":0.0,"damage_taken":0.0,"cards_obtained":["Gash"]},{"damage_healed":0.0,"max_hp_gain":0.0,"max_hp_loss":0.0,"gold_gain":0.0,"event_name":"The Mausoleum","player_choice":"Ignored","floor":25.0,"gold_loss":0.0,"damage_taken":0.0},{"damage_healed":0.0,"max_hp_gain":0.0,"max_hp_loss":0.0,"gold_gain":0.0,"event_name":"Vampires","player_choice":"Ignored","floor":27.0,"gold_loss":0.0,"damage_taken":0.0},{"damage_healed":0.0,"max_hp_gain":0.0,"max_hp_loss":4.0,"gold_gain":0.0,"event_name":"Winding Halls","player_choice":"Max HP","floor":44.0,"gold_loss":0.0,"damage_taken":0.0},{"damage_healed":55.0,"max_hp_gain":0.0,"max_hp_loss":12.0,"gold_gain":0.0,"event_name":"The Moai Head","player_choice":"Heal","floor":45.0,"gold_loss":0.0,"damage_taken":0.0},{"cards_removed":["Heatsinks"],"damage_healed":0.0,"max_hp_gain":0.0,"max_hp_loss":0.0,"gold_gain":0.0,"event_name":"Falling","player_choice":"Removed Power","floor":47.0,"gold_loss":0.0,"damage_taken":0.0}],"is_beta":false,"boss_relics":[{"not_picked":["Velvet Choker","Astrolabe"],"picked":"Pandora\u0027s Box"},{"not_picked":["Sozu","Runic Pyramid"],"picked":"Black Star"}],"items_purged_floors":[53],"is_endless":false,"potions_floor_spawned":[3,5,13,14,24,29,33,36,37,39,41,48],"killed_by":"Shield and Spear","ascension_level":18}