{"gold_per_floor":[217,230,240,16,35,35,69,69,69,103,103,103,135,150,150,227,227,243,259,278,278,278,278,278],"floor_reached":24,"playtime":2030,"items_purged":[],"score":452,"play_id":"c0e7cda6-b7b6-4435-a61d-ca328317c8b1","local_time":"20180820122006","is_ascension_mode":true,"campfire_choices":[{"data":"Sunder","floor":6,"key":"SMITH"},{"data":"Loop","floor":11,"key":"SMITH"},{"floor":15,"key":"REST"},{"data":"Machine Learning","floor":23,"key":"SMITH"}],"neow_cost":"NONE","seed_source_timestamp":281208000630913,"circlet_count":0,"master_deck":["Strike_B+1","Strike_B+1","Strike_B+1","Strike_B+1","Defend_B+1","Defend_B+1","Defend_B+1","Defend_B+1","Zap","Dualcast","AscendersBane","Consume","Ball Lightning","Electrodynamics","Ball Lightning","Sunder+1","Loop+1","Conserve Battery","Reinforced Body","FTL","Undo","Recycle","White Noise","Machine Learning+1","Capacitor","Auto Shields"],"relics":["Cracked Core","Strawberry","Gremlin Horn","Pear","Darkstone Periapt","Potion Belt","Nunchaku","White Beast Statue"],"potions_floor_usage":[16,16,19,24,24,24],"damage_taken":[{"damage":1,"enemies":"Cultist","floor":1,"turns":3},{"damage":5,"enemies":"Small Slimes","floor":2,"turns":4},{"damage":1,"enemies":"2 Louse","floor":3,"turns":3},{"damage":2,"enemies":"Red Slaver","floor":5,"turns":3},{"damage":15,"enemies":"3 Sentries","floor":7,"turns":3},{"damage":8,"enemies":"Gremlin Nob","floor":10,"turns":3},{"damage":20,"enemies":"3 Sentries","floor":13,"turns":5},{"damage":1,"enemies":"Blue Slaver","floor":14,"turns":3},{"damage":0,"enemies":"Slime Boss","floor":16,"turns":5},{"damage":2,"enemies":"Spheric Guardian","floor":18,"turns":5},{"damage":11,"enemies":"Shell Parasite","floor":19,"turns":8},{"damage":20,"enemies":"Centurion and Healer","floor":20,"turns":6},{"damage":50,"enemies":"Book of Stabbing","floor":24,"turns":5}],"seed_played":"6695196635864268756","potions_obtained":[{"floor":2,"key":"Fire Potion"},{"floor":3,"key":"FocusPotion"},{"floor":16,"key":"Swift Potion"},{"floor":18,"key":"SkillPotion"},{"floor":19,"key":"Fire Potion"},{"floor":20,"key":"Block Potion"}],"is_trial":false,"path_per_floor":["M","M","M","$","M","R","E","T","T","E","R","?","E","M","R","B",null,"M","M","M","?","?","R"],"character_chosen":"DEFECT","items_purchased":["Ball Lightning","Sunder","Loop","Conserve Battery"],"campfire_rested":1,"item_purchase_floors":[4,4,4,4],"current_hp_per_floor":[63,58,57,57,55,55,47,47,57,49,49,46,26,25,51,51,79,77,66,46,46,46,46,0],"gold":278,"neow_bonus":"HUNDRED_GOLD","is_prod":false,"is_daily":false,"chose_seed":false,"campfire_upgraded":3,"win_rate":0,"timestamp":1534792806,"path_taken":["M","M","M","$","M","R","E","?","T","E","R","?","E","M","R","BOSS","M","M","M","?","?","R","E"],"build_version":"2018-08-16","purchased_purges":0,"victory":false,"max_hp_per_floor":[71,71,71,71,71,71,78,78,88,88,88,88,88,88,88,88,88,88,88,88,88,88,88,88],"card_choices":[{"not_picked":["Sweeping Beam","Barrage"],"picked":"Consume","floor":1},{"not_picked":["Beam Cell","Turbo"],"picked":"Ball Lightning","floor":2},{"not_picked":["Gash","Double Energy"],"picked":"Electrodynamics","floor":3},{"not_picked":["Ball Lightning","Coolheaded"],"picked":"Reinforced Body","floor":5},{"not_picked":["Reprogram","Redo"],"picked":"FTL","floor":7},{"not_picked":["Reprogram","Streamline"],"picked":"Undo","floor":10},{"not_picked":["Lockon","Consume"],"picked":"Recycle","floor":13},{"not_picked":["Double Energy","Leap"],"picked":"White Noise","floor":14},{"not_picked":["Multi-Cast","Rainbow"],"picked":"Machine Learning","floor":16},{"not_picked":["Hologram","Steam"],"picked":"Capacitor","floor":18},{"not_picked":["Redo","Go for the Eyes"],"picked":"Auto Shields","floor":19},{"not_picked":["Beam Cell","Storm","Heatsinks"],"picked":"SKIP","floor":20}],"player_experience":544328,"relics_obtained":[{"floor":7,"key":"Strawberry"},{"floor":8,"key":"Gremlin Horn"},{"floor":9,"key":"Pear"},{"floor":10,"key":"Darkstone Periapt"},{"floor":13,"key":"Nunchaku"}],"event_choices":[{"event_name":"Scrap Ooze","player_choice":"success","floor":12,"damage_taken":3},{"event_name":"Back to Basics","player_choice":"Simplicity","floor":21,"damage_taken":0},{"event_name":"The Mausoleum","player_choice":"No","floor":22,"damage_taken":0}],"is_beta":false,"boss_relics":[{"not_picked":["Runic Dome","Pandora\u0027s Box"],"picked":"White Beast Statue"}],"items_purged_floors":[],"is_endless":false,"potions_floor_spawned":[2,3,5,10,16,18,19,20],"killed_by":"Book of Stabbing","ascension_level":14}