{"gold_per_floor":[112,37,37,37,37,37,62,62,62,72,106,123,139,154,154,259,259,271,186,209,209,22,54,54,54,54,54,87,113,113,11,11,109,109,121,131,131,131,144,173,173,200,200,422,422,433,433,444,444,444],"floor_reached":51,"playtime":3974,"items_purged":["Strike_R","Strike_R"],"score":722,"play_id":"fe101af6-0a7d-414f-a65a-ab5bdb8baee2","local_time":"20180720190415","is_ascension_mode":false,"campfire_choices":[{"data":"Bash","floor":6,"key":"SMITH"},{"data":"True Grit","floor":8,"key":"SMITH"},{"data":"Searing Blow","floor":15,"key":"SMITH"},{"data":"Searing Blow+1","floor":24,"key":"SMITH"},{"data":"Searing Blow+2","floor":27,"key":"SMITH"},{"data":"Searing Blow+3","floor":32,"key":"SMITH"},{"data":"Searing Blow+4","floor":41,"key":"SMITH"},{"data":"Searing Blow+5","floor":47,"key":"SMITH"},{"data":"Searing Blow+6","floor":49,"key":"SMITH"}],"neow_cost":"TEN_PERCENT_HP_LOSS","seed_source_timestamp":409635233714593,"circlet_count":0,"master_deck":["Bash+1","True Grit+1","Searing Blow+7","Clash","Burning Pact+1","Immolate","Anger+1","Blood for Blood+1","Warcry+1","Rampage","Dramatic Entrance","Anger+1","Necronomicurse","Rage+1","RitualDagger","Bandage Up","Double Tap","Clash","Secret Technique","Headbutt+1","Bloodletting+1"],"relics":["Burning Blood","Thread and Needle","Ancient Tea Set","Bottled Flame","Shuriken","Astrolabe","Unceasing Top","Juzu Bracelet","Dodecahedron","Necronomicon","Ice Cream","Oddly Smooth Stone","Red Mask","Mark of Pain","War Paint","Pear","Letter Opener"],"potions_floor_usage":[],"damage_taken":[{"damage":6,"enemies":"Cultist","floor":1,"turns":3},{"damage":11,"enemies":"3 Sentries","floor":7,"turns":11},{"damage":0,"enemies":"Jaw Worm","floor":10,"turns":2},{"damage":22,"enemies":"Gremlin Nob","floor":11,"turns":5},{"damage":0,"enemies":"2 Louse","floor":12,"turns":2},{"damage":0,"enemies":"Exordium Wildlife","floor":13,"turns":4},{"damage":0,"enemies":"2 Fungi Beasts","floor":14,"turns":4},{"damage":67,"enemies":"Slime Boss","floor":16,"turns":15},{"damage":14,"enemies":"3 Byrds","floor":18,"turns":5},{"damage":39,"enemies":"Book of Stabbing","floor":23,"turns":6},{"damage":2,"enemies":"Slavers","floor":28,"turns":3},{"damage":0,"floor":29,"turns":2},{"damage":9,"enemies":"Automaton","floor":33,"turns":4},{"damage":0,"enemies":"Flame Bruiser 1 Orb","floor":35,"turns":3},{"damage":2,"enemies":"3 Darklings","floor":36,"turns":3},{"damage":0,"enemies":"Flame Bruiser 2 Orb","floor":39,"turns":3},{"damage":8,"enemies":"Giant Head","floor":40,"turns":5},{"damage":7,"enemies":"Nemesis","floor":42,"turns":3},{"damage":7,"enemies":"Spire Growth","floor":46,"turns":2},{"damage":18,"enemies":"Sphere and 2 Shapes","floor":48,"turns":3},{"damage":24,"enemies":"Donu and Deca","floor":50,"turns":4}],"seed_played":"3459620126476740009","potions_obtained":[{"floor":1,"key":"SmokeBomb"},{"floor":14,"key":"Explosive Potion"},{"floor":16,"key":"Ancient Potion"},{"floor":46,"key":"PowerPotion"}],"is_trial":false,"path_per_floor":["M","$","?","?","?","R","E","R","T","M","E","M","M","M","R","B",null,"M","?","T","?","$","E","R","?","T","R","E","?","?","$","R","B",null,"M","M","?","?","M","E","R","E","T","?","?","M","R","M","R","B"],"character_chosen":"IRONCLAD","items_purchased":["Dramatic Entrance","Bandage Up"],"campfire_rested":0,"item_purchase_floors":[22,31],"current_hp_per_floor":[72,72,72,72,72,72,67,67,67,72,56,62,68,72,72,11,72,64,64,64,64,64,31,31,15,15,15,19,25,19,19,19,20,72,72,72,72,72,72,72,72,82,82,82,82,81,81,73,73,59],"gold":444,"neow_bonus":"REMOVE_TWO","is_prod":false,"is_daily":false,"chose_seed":false,"campfire_upgraded":9,"win_rate":0,"timestamp":1532138655,"path_taken":["M","$","?","?","?","R","E","R","T","M","E","?","M","M","R","BOSS","M","?","?","?","?","E","R","?","T","R","E","?","?","$","R","BOSS","M","M","?","?","M","E","R","E","T","?","?","M","R","M","R","BOSS"],"build_version":"2018-07-19v2","purchased_purges":2,"victory":true,"max_hp_per_floor":[72,72,72,72,72,72,72,72,72,72,72,72,72,72,72,72,72,72,72,72,72,72,72,72,72,72,72,72,72,72,72,72,72,72,72,72,72,72,72,72,72,82,82,82,82,82,82,82,82,82],"card_choices":[{"not_picked":["Blood for Blood","Anger","Flex"],"picked":"SKIP","floor":1},{"not_picked":["Hemokinesis","Warcry"],"picked":"True Grit","floor":7},{"not_picked":["Bloodletting","Twin Strike"],"picked":"Searing Blow","floor":10},{"not_picked":["Corruption","Twin Strike"],"picked":"Clash","floor":11},{"not_picked":["Twin Strike","Entrench","Sword Boomerang"],"picked":"SKIP","floor":12},{"not_picked":["Armaments","Sword Boomerang"],"picked":"Burning Pact","floor":13},{"not_picked":["Pommel Strike","Warcry","Headbutt"],"picked":"SKIP","floor":14},{"not_picked":["Limit Break","Brutality"],"picked":"Immolate","floor":16},{"not_picked":["Searing Blow+1","Shrug It Off"],"picked":"Warcry+1","floor":18},{"not_picked":["Infernal Blade","Whirlwind"],"picked":"Anger+1","floor":23},{"not_picked":["Sword Boomerang","Cleave+1","Perfected Strike+1"],"picked":"SKIP","floor":28},{"not_picked":["Twin Strike","Bloodletting"],"picked":"Rage","floor":29},{"not_picked":["Fiend Fire","Juggernaut"],"picked":"Double Tap","floor":33},{"not_picked":["Perfected Strike","Dual Wield"],"picked":"Clash","floor":35},{"not_picked":["Metallicize","Wild Strike+1","Thunderclap"],"picked":"SKIP","floor":36},{"not_picked":["Trip","Swift Strike"],"picked":"Secret Technique","floor":38},{"not_picked":["Twin Strike","Armaments+1","Blood for Blood+1"],"picked":"SKIP","floor":39},{"not_picked":["Blood for Blood","Sword Boomerang"],"picked":"Headbutt+1","floor":40},{"not_picked":["Heavy Blade","Warcry","Perfected Strike+1"],"picked":"SKIP","floor":42},{"not_picked":["Cleave","Headbutt+1"],"picked":"Bloodletting+1","floor":46},{"not_picked":["Warcry","Cleave+1","Immolate"],"picked":"SKIP","floor":48}],"player_experience":43998,"relics_obtained":[{"floor":7,"key":"Ancient Tea Set"},{"floor":9,"key":"Bottled Flame"},{"floor":11,"key":"Shuriken"},{"floor":20,"key":"Juzu Bracelet"},{"floor":23,"key":"Dodecahedron"},{"floor":25,"key":"Necronomicon"},{"floor":26,"key":"Ice Cream"},{"floor":28,"key":"Oddly Smooth Stone"},{"floor":29,"key":"Red Mask"},{"floor":40,"key":"War Paint"},{"floor":42,"key":"Pear"},{"floor":43,"key":"Letter Opener"}],"event_choices":[{"event_name":"Accursed Blacksmith","player_choice":"Rummage","floor":3,"damage_taken":0},{"event_name":"Living Wall","player_choice":"Forget","floor":4,"damage_taken":0},{"event_name":"Bonfire Elementals","player_choice":"BASIC","floor":5,"damage_taken":0},{"event_name":"Addict","player_choice":"Obtained Relic","floor":19,"damage_taken":0},{"event_name":"The Library","player_choice":"Read","floor":21,"damage_taken":0},{"event_name":"Cursed Tome","player_choice":"Obtained Book","floor":25,"damage_taken":0},{"event_name":"Nest","player_choice":"Joined the Cult","floor":30,"damage_taken":0},{"event_name":"Wheel of Change","player_choice":"Card Removal","floor":37,"damage_taken":0},{"event_name":"SensoryStone","player_choice":"Memory 1","floor":38,"damage_taken":0},{"event_name":"Tomb of Lord Red Mask","player_choice":"Wore Mask","floor":44,"damage_taken":0},{"event_name":"Purifier","player_choice":"One Purge","floor":45,"damage_taken":0}],"is_beta":false,"boss_relics":[{"not_picked":["White Beast Statue","Tiny House"],"picked":"Astrolabe"},{"not_picked":["Runic Pyramid","Runic Dome"],"picked":"Mark of Pain"}],"items_purged_floors":[2,22],"is_endless":false,"potions_floor_spawned":[1,14,16,23,35,42,46],"ascension_level":0}