{"gold_per_floor":[117,132,147,162,162,162,182,182,231,231,258,276,307,327,327,402,402,421,431,446,361,361,361,394,394,394,120,120],"floor_reached":28,"playtime":2496,"items_purged":["Writhe"],"score":570,"play_id":"75fb827b-5a60-4068-9fd8-e62521fe6aed","local_time":"20181225212108","is_ascension_mode":true,"campfire_choices":[{"data":"Neutralize","floor":6.0,"key":"SMITH"},{"data":"Cloak And Dagger","floor":8.0,"key":"SMITH"},{"floor":10.0,"key":"REST"},{"data":"Footwork","floor":15.0,"key":"SMITH"},{"data":"Leg Sweep","floor":23,"key":"SMITH"}],"neow_cost":"NONE","seed_source_timestamp":0,"circlet_count":0,"master_deck":["AscendersBane","Defend_G","Defend_G","Defend_G","Defend_G","Strike_G","Strike_G","Strike_G","Survivor+1","Neutralize+1","Sucker Punch+1","Wraith Form v2+1","Expertise+1","Flying Knee","Cloak And Dagger+1","Deadly Poison","Accuracy","Well Laid Plans","Dash","Dagger Throw","Footwork+1","Dodge and Roll+1","Glass Knife","Dodge and Roll","Dagger Spray","Leg Sweep+1","Infinite Blades","Noxious Fumes"],"special_seed":0,"relics":["Astrolabe","Question Card","Blood Vial","Happy Flower","Pear","Philosopher\u0027s Stone","War Paint","Kunai","Pen Nib","Orichalcum"],"potions_floor_usage":[24,24,28,28],"damage_taken":[{"damage":4.0,"enemies":"Small Slimes","floor":1.0,"turns":5.0},{"damage":0.0,"enemies":"Jaw Worm","floor":2.0,"turns":6.0},{"damage":9.0,"enemies":"2 Louse","floor":3.0,"turns":3.0},{"damage":0.0,"enemies":"2 Fungi Beasts","floor":4.0,"turns":4.0},{"damage":5.0,"enemies":"Exordium Thugs","floor":7.0,"turns":5.0},{"damage":2.0,"enemies":"Lagavulin","floor":11.0,"turns":7.0},{"damage":9.0,"enemies":"Blue Slaver","floor":12.0,"turns":3.0},{"damage":19.0,"enemies":"3 Sentries","floor":13.0,"turns":10.0},{"damage":8.0,"enemies":"3 Louse","floor":14.0,"turns":4.0},{"damage":0.0,"enemies":"Hexaghost","floor":16.0,"turns":12.0},{"damage":6.0,"enemies":"Shell Parasite","floor":18.0,"turns":6.0},{"damage":1,"enemies":"Chosen","floor":19,"turns":8},{"damage":7,"enemies":"Snake Plant","floor":20,"turns":6},{"damage":20,"enemies":"Book of Stabbing","floor":24,"turns":8},{"damage":40,"enemies":"Gremlin Leader","floor":28,"turns":5}],"seed_played":"815412716685365853","potions_obtained":[{"floor":2.0,"key":"Poison Potion"},{"floor":4.0,"key":"SpeedPotion"},{"floor":11.0,"key":"SkillPotion"},{"floor":13.0,"key":"Fire Potion"},{"floor":19,"key":"Fire Potion"}],"is_trial":false,"path_per_floor":["M","M","M","M","M","?","R","M","R","T","R","E","M","E","M","M","R","B",null,"M","M","M","?","?","R","E","?","T","$","E"],"character_chosen":"THE_SILENT","items_purchased":["Noxious Fumes","AttackPotion","SkillPotion"],"campfire_rested":1,"item_purchase_floors":[27,27,27],"current_hp_per_floor":[55,55,46,46,28,28,23,23,23,42,42,35,28,22,22,24,63,59,60,55,55,55,55,37,37,37,37,0],"gold":120,"neow_bonus":"BOSS_RELIC","is_prod":false,"is_daily":false,"chose_seed":false,"campfire_upgraded":4,"win_rate":0,"timestamp":1545801668,"path_taken":["M","M","M","M","?","R","M","R","T","R","E","M","E","M","R","BOSS","M","M","M","?","?","R","E","?","T","$","E"],"build_version":"2018-12-20","purchased_purges":1,"victory":false,"max_hp_per_floor":[66,66,66,66,66,66,66,66,66,66,66,66,76,76,76,76,76,76,76,76,76,76,76,76,76,76,76,76],"card_choices":[{"not_picked":["Deflect","Dodge and Roll"],"picked":"Flying Knee","floor":1.0},{"not_picked":["Sucker Punch","Reflex"],"picked":"Cloak And Dagger","floor":2.0},{"not_picked":["Riddle With Holes","Escape Plan"],"picked":"Deadly Poison","floor":3.0},{"not_picked":["Riddle With Holes","Underhanded Strike"],"picked":"Accuracy","floor":4.0},{"not_picked":["Sucker Punch","Concentrate","PiercingWail"],"picked":"Well Laid Plans","floor":7.0},{"not_picked":["Tactician","Calculated Gamble","Backflip"],"picked":"Dash","floor":11.0},{"not_picked":["Setup","Bane","Blade Dance"],"picked":"Dagger Throw","floor":12.0},{"not_picked":["Unload","Choke","Backflip"],"picked":"Footwork","floor":13.0},{"not_picked":["All Out Attack","Choke","Deflect"],"picked":"Dodge and Roll","floor":14.0},{"not_picked":["Venomology","Unload","Night Terror"],"picked":"Glass Knife","floor":16.0},{"not_picked":["Reflex","Endless Agony","Eviscerate"],"picked":"Dodge and Roll","floor":18.0},{"not_picked":["Crippling Poison","Deadly Poison","Cloak And Dagger"],"picked":"Dagger Spray","floor":19},{"not_picked":["Underhanded Strike","Quick Slash","PiercingWail"],"picked":"Leg Sweep","floor":20},{"not_picked":["All Out Attack+1","Tactician","Deadly Poison"],"picked":"Infinite Blades","floor":24}],"player_experience":704678,"relics_obtained":[{"floor":9.0,"key":"Blood Vial"},{"floor":11.0,"key":"Happy Flower"},{"floor":13.0,"key":"Pear"},{"floor":24,"key":"Kunai"},{"floor":26,"key":"Orichalcum"}],"event_choices":[{"damage_healed":0.0,"max_hp_gain":0.0,"max_hp_loss":0.0,"gold_gain":0.0,"event_name":"Scrap Ooze","player_choice":"Success","floor":5.0,"gold_loss":0.0,"damage_taken":18.0,"relics_obtained":["Question Card"]},{"damage_healed":0,"gold_gain":0,"player_choice":"Obtained Relic","damage_taken":0,"relics_obtained":["War Paint"],"max_hp_gain":0,"max_hp_loss":0,"event_name":"Addict","floor":21,"gold_loss":85},{"damage_healed":0,"gold_gain":0,"player_choice":"Ignored","damage_taken":0,"max_hp_gain":0,"max_hp_loss":0,"event_name":"Ghosts","floor":22,"gold_loss":0},{"damage_healed":0,"gold_gain":0,"player_choice":"Opened","damage_taken":0,"relics_obtained":["Pen Nib"],"max_hp_gain":0,"max_hp_loss":0,"event_name":"The Mausoleum","floor":25,"gold_loss":0,"cards_obtained":["Writhe"]}],"is_beta":false,"boss_relics":[{"not_picked":["Sozu","HoveringKite"],"picked":"Philosopher\u0027s Stone"}],"items_purged_floors":[27],"is_endless":false,"potions_floor_spawned":[2,4,11,13,19],"killed_by":"Gremlin Leader","ascension_level":18}