{"gold_per_floor":[116,129,204,12,12,42,42,76,76,76,94,114,448,466,466,564,564,579,598,609,2,18,51,77,77,100,133,232,265,44,44,44,44],"floor_reached":33,"playtime":3344,"items_purged":[],"score":436,"play_id":"c0d97b1f-cea2-49df-bac9-17a5951dca9e","local_time":"20190127035623","is_ascension_mode":true,"campfire_choices":[{"data":"Zap","floor":7,"key":"SMITH"},{"data":"Bandage Up","floor":10,"key":"SMITH"},{"data":"Go for the Eyes","floor":15,"key":"SMITH"},{"floor":25,"key":"REST"},{"floor":32,"key":"REST"}],"neow_cost":"NONE","seed_source_timestamp":172487194102955,"circlet_count":0,"master_deck":["Strike_B+1","Strike_B+1","Strike_B+1","Strike_B+1","Defend_B+1","Defend_B+1","Defend_B+1","Defend_B+1","Zap+1","Dualcast","Ball Lightning","BootSequence","Bandage Up+1","Conserve Battery","Sunder","Skim","Thunder Strike","Streamline","Turbo","Go for the Eyes+1","Tempest","All For One","Turbo","Conserve Battery","Doom and Gloom","Turbo","Magnetism","Chill","Rebound+1","Conserve Battery","Storm+1","Reboot","Coolheaded","The Bomb","Tempest","Turbo"],"relics":["Cracked Core","NeowsBlessing","Ice Cream","WingedGreaves","Old Coin","Inserter","Lantern","Toolbox","Dream Catcher","Boot","Art of War","FossilizedHelix","Frozen Egg 2"],"potions_floor_usage":[13,16,18,24,33],"damage_taken":[{"damage":0,"enemies":"Cultist","floor":1,"turns":1},{"damage":0,"enemies":"Small Slimes","floor":2,"turns":1},{"damage":0,"enemies":"Gremlin Nob","floor":6,"turns":1},{"damage":13,"enemies":"Lagavulin","floor":8,"turns":6},{"damage":0,"enemies":"2 Louse","floor":11,"turns":2},{"damage":0,"enemies":"2 Fungi Beasts","floor":12,"turns":2},{"damage":12,"enemies":"3 Sentries","floor":13,"turns":7},{"damage":0,"enemies":"Exordium Wildlife","floor":14,"turns":4},{"damage":16,"enemies":"Slime Boss","floor":16,"turns":8},{"damage":0,"enemies":"Chosen","floor":18,"turns":4},{"damage":15,"enemies":"Shell Parasite","floor":19,"turns":4},{"damage":18,"enemies":"Snecko","floor":20,"turns":4},{"damage":30,"enemies":"3 Cultists","floor":22,"turns":5},{"damage":11,"enemies":"Book of Stabbing","floor":23,"turns":5},{"damage":13,"enemies":"Gremlin Leader","floor":24,"turns":5},{"damage":21,"enemies":"Book of Stabbing","floor":27,"turns":3},{"damage":7,"enemies":"Slavers","floor":29,"turns":5},{"damage":50,"enemies":"Collector","floor":33,"turns":7}],"seed_played":"-4291602619901147130","potions_obtained":[{"floor":1,"key":"Poison Potion"},{"floor":12,"key":"EssenceOfSteel"},{"floor":16,"key":"SkillPotion"},{"floor":18,"key":"SteroidPotion"},{"floor":20,"key":"FairyPotion"},{"floor":22,"key":"Weak Potion"}],"is_trial":false,"path_per_floor":["M","M","?","$","?","E","R","E","T","R","M","M","E","M","R","B",null,"M","M","M","$","M","E","E","R","T","E","?","E","$","?","R","B"],"character_chosen":"DEFECT","items_purchased":["Bandage Up","Conserve Battery","Sunder","Doom and Gloom","Turbo","Magnetism","Lantern","Toolbox","The Bomb","Tempest"],"campfire_rested":2,"item_purchase_floors":[4,4,4,21,21,21,21,21,30,30],"current_hp_per_floor":[75,75,64,64,64,64,64,55,55,55,55,55,49,55,55,45,75,75,66,48,48,24,19,12,34,34,13,13,6,6,6,28,0],"gold":44,"neow_bonus":"THREE_ENEMY_KILL","is_prod":false,"is_daily":false,"chose_seed":false,"campfire_upgraded":3,"win_rate":0,"timestamp":1548579383,"path_taken":["M","?","?","$","?","E","R","E","T","R","M","M","E","M","R","BOSS","M","M","M","$","M","E","E","R","T","E","?","E","$","?","R","BOSS"],"build_version":"2019-01-23","purchased_purges":0,"victory":false,"max_hp_per_floor":[75,75,75,75,75,75,75,75,75,75,75,75,75,75,75,75,75,75,75,75,75,75,75,75,75,75,75,75,75,75,75,75,75],"card_choices":[{"not_picked":["Blizzard","Hologram"],"picked":"Ball Lightning","floor":1},{"not_picked":["Hologram","Static Discharge"],"picked":"BootSequence","floor":2},{"not_picked":["Ball Lightning","Beam Cell"],"picked":"Skim","floor":6},{"not_picked":["Hologram","White Noise"],"picked":"Thunder Strike","floor":8},{"not_picked":["Stack","Compile Driver"],"picked":"Streamline","floor":11},{"not_picked":["Steam","Reinforced Body"],"picked":"Turbo","floor":12},{"not_picked":["Rebound","Conserve Battery"],"picked":"Go for the Eyes","floor":13},{"not_picked":["Steam","Conserve Battery"],"picked":"Tempest","floor":14},{"not_picked":["Amplify","Machine Learning"],"picked":"All For One","floor":16},{"not_picked":["Leap","Conserve Battery"],"picked":"Turbo","floor":18},{"not_picked":["Barrage","Storm","Compile Driver"],"picked":"SKIP","floor":19},{"not_picked":["Compile Driver","Chaos"],"picked":"Conserve Battery","floor":20},{"not_picked":["Auto Shields","Hello World"],"picked":"Chill","floor":22},{"not_picked":["Cold Snap","Coolheaded"],"picked":"Rebound+1","floor":23},{"not_picked":["Auto Shields","Cold Snap"],"picked":"Conserve Battery","floor":24},{"not_picked":["Melter","Leap+1"],"picked":"Storm+1","floor":25},{"not_picked":["Steam","Conserve Battery"],"picked":"Reboot","floor":27},{"not_picked":["Blizzard","Amplify"],"picked":"Coolheaded","floor":29},{"not_picked":["Chill","Leap"],"picked":"Turbo","floor":32}],"player_experience":59493,"relics_obtained":[{"floor":6,"key":"Ice Cream"},{"floor":8,"key":"WingedGreaves"},{"floor":13,"key":"Old Coin"},{"floor":23,"key":"Dream Catcher"},{"floor":24,"key":"Boot"},{"floor":26,"key":"Art of War"},{"floor":27,"key":"FossilizedHelix"},{"floor":29,"key":"Frozen Egg 2"}],"event_choices":[{"damage_healed":0,"gold_gain":75,"player_choice":"Gather Gold","damage_taken":11,"max_hp_gain":0,"max_hp_loss":0,"event_name":"World of Goop","floor":3,"gold_loss":0},{"damage_healed":0,"gold_gain":0,"player_choice":"Leave","damage_taken":0,"max_hp_gain":0,"max_hp_loss":0,"event_name":"The Cleric","floor":5,"gold_loss":0},{"damage_healed":0,"gold_gain":99,"player_choice":"Stole From Cult","damage_taken":0,"max_hp_gain":0,"max_hp_loss":0,"event_name":"Nest","floor":28,"gold_loss":0},{"damage_healed":0,"gold_gain":0,"player_choice":"Simplicity","damage_taken":0,"max_hp_gain":0,"max_hp_loss":0,"event_name":"Back to Basics","floor":31,"gold_loss":0,"cards_upgraded":["Strike_B","Strike_B","Strike_B","Strike_B","Defend_B","Defend_B","Defend_B","Defend_B"]}],"is_beta":false,"boss_relics":[{"not_picked":["Fusion Hammer","Calling Bell"],"picked":"Inserter"}],"items_purged_floors":[],"is_endless":false,"potions_floor_spawned":[1,12,16,18,20,22],"killed_by":"Collector","ascension_level":1}