{"gold_per_floor":[110,60,60,78,153,186,186,186,186,196,215,230,230,248,248,248],"floor_reached":16,"playtime":1512,"items_purged":[],"score":107,"play_id":"7b7c31f6-18d9-4758-ad33-3bce5eef177e","local_time":"20190322195010","is_ascension_mode":true,"campfire_choices":[{"data":"Neutralize","floor":7,"key":"SMITH"},{"data":"All Out Attack","floor":15,"key":"SMITH"}],"neow_cost":"TEN_PERCENT_HP_LOSS","seed_source_timestamp":341440195422600,"circlet_count":0,"master_deck":["Defend_G","Defend_G","Defend_G","Defend_G","Defend_G","Strike_G","Strike_G","Strike_G","Strike_G","Survivor","Neutralize+1","Terror","Riddle With Holes","Well Laid Plans","Heel Hook","All Out Attack+1"],"relics":["Ring of the Snake","The Specimen","Ancient Tea Set","Omamori"],"potions_floor_usage":[6,11],"damage_taken":[{"damage":2,"enemies":"Jaw Worm","floor":1,"turns":7},{"damage":3,"enemies":"2 Louse","floor":4,"turns":3},{"damage":13,"enemies":"Lagavulin","floor":6,"turns":7},{"damage":0,"enemies":"Small Slimes","floor":10,"turns":2},{"damage":11,"enemies":"Gremlin Gang","floor":11,"turns":5},{"damage":1,"enemies":"Lots of Slimes","floor":12,"turns":6},{"damage":9,"enemies":"3 Louse","floor":14,"turns":7},{"damage":24,"enemies":"Slime Boss","floor":16,"turns":5}],"seed_played":"-2433178681492270952","potions_obtained":[{"floor":1,"key":"Poison Potion"},{"floor":6,"key":"Poison Potion"},{"floor":11,"key":"GhostInAJar"},{"floor":14,"key":"SmokeBomb"}],"is_trial":false,"path_per_floor":["M","?","$","M","?","E","R","?","T","M","M","M","?","M","R","B"],"character_chosen":"THE_SILENT","items_purchased":[],"campfire_rested":0,"item_purchase_floors":[],"current_hp_per_floor":[61,61,61,58,47,34,34,39,39,39,28,27,27,18,18,0],"gold":248,"neow_bonus":"ONE_RARE_RELIC","is_prod":false,"is_daily":false,"chose_seed":false,"campfire_upgraded":2,"win_rate":0,"timestamp":1553298610,"path_taken":["M","?","?","M","?","E","R","?","T","?","M","M","?","?","R","BOSS"],"build_version":"2019-01-23","purchased_purges":0,"victory":false,"max_hp_per_floor":[63,63,63,63,63,63,63,68,68,68,68,68,68,68,68,68],"card_choices":[{"not_picked":["Infinite Blades","Bane"],"picked":"Terror","floor":1},{"not_picked":["Bane","Blade Dance"],"picked":"Riddle With Holes","floor":4},{"not_picked":["Quick Slash","Eviscerate"],"picked":"Well Laid Plans","floor":6},{"not_picked":["Riddle With Holes","Accuracy"],"picked":"Heel Hook","floor":10},{"not_picked":["Flechettes","Eviscerate","Tactician"],"picked":"SKIP","floor":11},{"not_picked":["Poisoned Stab","Dagger Throw","Sucker Punch"],"picked":"SKIP","floor":12},{"not_picked":["Deflect","PiercingWail"],"picked":"All Out Attack","floor":14}],"player_experience":107444,"relics_obtained":[{"floor":6,"key":"Ancient Tea Set"}],"event_choices":[{"cards_removed":["Strike_G"],"damage_healed":0,"gold_gain":0,"player_choice":"Card Removal","damage_taken":0,"max_hp_gain":0,"max_hp_loss":0,"event_name":"The Cleric","floor":2,"gold_loss":50},{"damage_healed":0,"gold_gain":75,"player_choice":"Gather Gold","damage_taken":11,"max_hp_gain":0,"max_hp_loss":0,"event_name":"World of Goop","floor":5,"gold_loss":0},{"damage_healed":0,"gold_gain":0,"player_choice":"Donut","damage_taken":0,"max_hp_gain":5,"max_hp_loss":0,"event_name":"Big Fish","floor":8,"gold_loss":0},{"damage_healed":0,"gold_gain":0,"player_choice":"Gave Potion","damage_taken":0,"relics_obtained":["Omamori"],"max_hp_gain":0,"max_hp_loss":0,"event_name":"WeMeetAgain","floor":13,"gold_loss":0}],"is_beta":false,"boss_relics":[],"items_purged_floors":[],"is_endless":false,"potions_floor_spawned":[1,6,11,14],"killed_by":"Slime Boss","ascension_level":1}