{"gold_per_floor":[116,191,5,24,43,77,77,106,160,175,160],"floor_reached":11,"playtime":405,"items_purged":[],"score":95,"play_id":"1393f28e-e685-4488-8d49-882e37761a95","local_time":"20180715163014","is_ascension_mode":true,"campfire_choices":[{"data":"Chrysalis","floor":7,"key":"SMITH"}],"neow_cost":"NONE","seed_source_timestamp":24475218946144,"circlet_count":0,"master_deck":["Strike_B","Strike_B","Strike_B","Defend_B","Defend_B","Defend_B","Defend_B","Zap","Dualcast","Rip and Tear","Conserve Battery","Chrysalis+1","White Noise","Amplify","Go for the Eyes"],"relics":["Cracked Core","Letter Opener","Boot","Bag of Marbles"],"potions_floor_usage":[],"damage_taken":[{"damage":2,"enemies":"Jaw Worm","floor":1,"turns":3},{"damage":0,"enemies":"2 Louse","floor":4,"turns":1},{"damage":8,"enemies":"Small Slimes","floor":5,"turns":3},{"damage":33,"enemies":"Gremlin Nob","floor":6,"turns":4},{"damage":19,"enemies":"3 Sentries","floor":8,"turns":6},{"damage":0,"enemies":"Blue Slaver","floor":10,"turns":3},{"damage":3,"enemies":"Looter","floor":11,"turns":1}],"seed_played":"4522718716024905899","potions_obtained":[{"floor":4,"key":"Dexterity Potion"},{"floor":8,"key":"Block Potion"},{"floor":10,"key":"LiquidBronze"}],"is_trial":false,"path_per_floor":["M","?","$","M","M","E","R","E","T","M"],"character_chosen":"DEFECT","items_purchased":["Chrysalis"],"campfire_rested":0,"item_purchase_floors":[3],"current_hp_per_floor":[73,62,62,62,54,21,21,2,2,2,0],"gold":160,"neow_bonus":"TRANSFORM_CARD","is_prod":false,"is_daily":false,"chose_seed":false,"campfire_upgraded":1,"win_rate":0,"timestamp":1531652414,"path_taken":["M","?","$","M","M","E","R","E","T","M","M"],"build_version":"2018-07-13","purchased_purges":0,"victory":false,"max_hp_per_floor":[75,75,75,75,75,75,75,75,75,75,75],"card_choices":[{"not_picked":["Barrage","Streamline"],"picked":"Conserve Battery","floor":1},{"not_picked":["Go for the Eyes","Barrage"],"picked":"White Noise","floor":4},{"not_picked":["Turbo","Coolheaded"],"picked":"Amplify","floor":5},{"not_picked":["Streamline","Rebound","Stack"],"picked":"SKIP","floor":6},{"not_picked":["Coolheaded","Cold Snap","Barrage"],"picked":"SKIP","floor":8},{"not_picked":["Recycle","Steam"],"picked":"Go for the Eyes","floor":10}],"player_experience":202314,"relics_obtained":[{"floor":6,"key":"Letter Opener"},{"floor":8,"key":"Boot"},{"floor":9,"key":"Bag of Marbles"}],"event_choices":[{"event_name":"World of Goop","player_choice":"Gather Gold","floor":2,"damage_taken":0}],"boss_relics":[],"items_purged_floors":[],"is_endless":false,"potions_floor_spawned":[4,8,10],"killed_by":"Looter","ascension_level":3}