{"gold_per_floor":[117,42,53,65,40,72,89,89,89,89,69,69,81,112,112,212,212,227,227,227,253,27,27,58,78,78,78,98,128,48,64,64,160,160,177,177,177,177,77,77,87,87,87,104,104,326,6,26,26,26],"floor_reached":51,"playtime":4716,"items_purged":["Strike_B+1","Strike_B+1","Madness","Madness"],"score":897,"play_id":"5d420a0b-3de9-4f1d-865e-28b3791672b1","local_time":"20180820105922","is_ascension_mode":true,"campfire_choices":[{"data":"Barrage","floor":8,"key":"SMITH"},{"data":"Coolheaded","floor":10,"key":"SMITH"},{"floor":12,"key":"REST"},{"data":"Go for the Eyes","floor":15,"key":"SMITH"},{"data":"Electrodynamics","floor":23,"key":"SMITH"},{"floor":32,"key":"REST"},{"floor":40,"key":"REST"},{"data":"Biased Cognition","floor":42,"key":"SMITH"},{"data":"Buffer","floor":45,"key":"SMITH"},{"data":"Dramatic Entrance","floor":49,"key":"SMITH"}],"neow_cost":"NONE","seed_source_timestamp":285196642538612,"circlet_count":0,"master_deck":["Strike_B+1","Strike_B+1","Defend_B+1","Defend_B+1","Defend_B+1","Defend_B+1","Zap+1","Dualcast","Compile Driver","Hello World","Ball Lightning","Genetic Algorithm","Conserve Battery","Coolheaded+1","Barrage+1","White Noise","Go for the Eyes+1","Electrodynamics+1","Hologram+1","Steam+1","Buffer+1","Steam+1","Steam+1","Creative AI","Turbo+1","Biased Cognition+1","Self Repair+1","Dramatic Entrance+1","Barrage+1","Loop+1","Chill","Force Field+1"],"relics":["Cracked Core","The Courier","Shuriken","Pen Nib","Cursed Key","Red Mask","ClockworkSouvenir","Dream Catcher","Cables","Inserter","Gremlin Horn"],"potions_floor_usage":[21,28,50,50],"damage_taken":[{"damage":0,"enemies":"Cultist","floor":1,"turns":3},{"damage":7,"enemies":"Jaw Worm","floor":3,"turns":3},{"damage":3,"enemies":"Small Slimes","floor":4,"turns":2},{"damage":27,"enemies":"3 Sentries","floor":6,"turns":7},{"damage":1,"enemies":"Looter","floor":7,"turns":4},{"damage":2,"enemies":"2 Fungi Beasts","floor":13,"turns":3},{"damage":26,"enemies":"Lagavulin","floor":14,"turns":6},{"damage":11,"enemies":"The Guardian","floor":16,"turns":8},{"damage":0,"enemies":"Spheric Guardian","floor":18,"turns":3},{"damage":30,"floor":21,"turns":5},{"damage":4,"enemies":"Gremlin Leader","floor":24,"turns":6},{"damage":0,"enemies":"Chosen","floor":25,"turns":4},{"damage":6,"enemies":"Snake Plant","floor":28,"turns":4},{"damage":1,"enemies":"Book of Stabbing","floor":29,"turns":6},{"damage":0,"enemies":"3 Cultists","floor":31,"turns":2},{"damage":27,"enemies":"Automaton","floor":33,"turns":9},{"damage":12,"enemies":"Flame Bruiser 1 Orb","floor":35,"turns":3},{"damage":6,"enemies":"3 Darklings","floor":41,"turns":4},{"damage":6,"enemies":"4 Shapes","floor":44,"turns":3},{"damage":0,"enemies":"Transient","floor":48,"turns":5},{"damage":51,"enemies":"Awakened One","floor":50,"turns":14}],"seed_played":"1889598609769303169","potions_obtained":[{"floor":1,"key":"GamblersBrew"},{"floor":3,"key":"Ancient Potion"},{"floor":11,"key":"PowerPotion"},{"floor":21,"key":"LiquidBronze"},{"floor":28,"key":"Block Potion"}],"is_trial":false,"path_per_floor":["M","$","M","M","$","E","M","R","T","R","?","R","M","E","R","B",null,"M","?","?","?","$","R","E","M","T","?","M","E","$","M","R","B",null,"M","?","?","?","$","R","M","R","T","M","R","?","$","M","R","B"],"character_chosen":"DEFECT","items_purchased":["Hello World","Conserve Battery","ClockworkSouvenir","Gremlin Horn"],"campfire_rested":3,"item_purchase_floors":[2,5,22,47],"current_hp_per_floor":[68,68,61,58,58,31,30,30,30,30,30,52,50,24,24,13,60,60,60,60,30,30,30,26,26,26,12,6,5,5,5,29,2,61,49,49,39,39,39,63,67,67,67,61,61,61,61,71,71,30],"gold":26,"neow_bonus":"UPGRADE_CARD","is_prod":false,"is_daily":false,"chose_seed":false,"campfire_upgraded":7,"win_rate":0,"timestamp":1534742962,"path_taken":["M","$","M","M","$","E","?","R","T","R","?","R","M","E","R","BOSS","M","?","?","?","$","R","E","?","T","?","?","E","$","M","R","BOSS","M","?","?","?","$","R","M","R","T","M","R","?","$","M","R","BOSS"],"build_version":"2018-08-16","purchased_purges":4,"victory":true,"max_hp_per_floor":[75,75,75,75,75,75,75,75,75,75,75,75,75,75,75,75,75,75,75,75,75,75,75,75,75,75,80,80,80,80,80,80,80,80,80,80,80,80,80,80,80,80,80,80,80,80,80,80,80,80],"card_choices":[{"not_picked":["Steam Power","Steam"],"picked":"Compile Driver","floor":1},{"not_picked":["Barrage","Streamline"],"picked":"Ball Lightning","floor":3},{"not_picked":["Turbo","Rebound"],"picked":"Genetic Algorithm","floor":4},{"not_picked":["Streamline","Rebound"],"picked":"Coolheaded","floor":6},{"not_picked":["Streamline","Heatsinks"],"picked":"Barrage","floor":7},{"not_picked":["Reboot","Steam Power"],"picked":"White Noise","floor":13},{"not_picked":["Stack","Core Surge"],"picked":"Go for the Eyes","floor":14},{"not_picked":["Seek","Creative AI"],"picked":"Electrodynamics","floor":16},{"not_picked":["Go for the Eyes","Static Discharge"],"picked":"Hologram+1","floor":18},{"not_picked":["Streamline","Tempest"],"picked":"Steam+1","floor":21},{"not_picked":["Seek","Compile Driver"],"picked":"Buffer","floor":24},{"not_picked":["Beam Cell","Blizzard","Go for the Eyes"],"picked":"SKIP","floor":25},{"not_picked":["Doom and Gloom","Rebound"],"picked":"Steam+1","floor":28},{"not_picked":["Compile Driver","White Noise"],"picked":"Steam+1","floor":29},{"not_picked":["Go for the Eyes","White Noise"],"picked":"Creative AI","floor":31},{"not_picked":["Barrage","Compile Driver+1"],"picked":"Turbo+1","floor":32},{"not_picked":["Hyperbeam","Meteor Strike"],"picked":"Biased Cognition","floor":33},{"not_picked":["Stack+1","Redo"],"picked":"Self Repair+1","floor":35},{"not_picked":["Dark Shackles","Transmutation"],"picked":"Dramatic Entrance","floor":38},{"not_picked":["Tempest","Doom and Gloom+1"],"picked":"Barrage+1","floor":40},{"not_picked":["Barrage","Stack"],"picked":"Loop+1","floor":41},{"not_picked":["Gash","Doom and Gloom+1"],"picked":"Chill","floor":44},{"not_picked":["Compile Driver","Cold Snap"],"picked":"Force Field+1","floor":48}],"player_experience":428960,"relics_obtained":[{"floor":6,"key":"The Courier"},{"floor":9,"key":"Shuriken"},{"floor":14,"key":"Pen Nib"},{"floor":21,"key":"Red Mask"},{"floor":24,"key":"Dream Catcher"},{"floor":29,"key":"Cables"}],"event_choices":[{"event_name":"The Woman in Blue","player_choice":"Bought 1 Potion","floor":11,"damage_taken":0},{"event_name":"Back to Basics","player_choice":"Simplicity","floor":19,"damage_taken":0},{"event_name":"Ghosts","player_choice":"Ignored","floor":20,"damage_taken":0},{"event_name":"Masked Bandits","player_choice":"Fought Bandits","floor":21,"damage_taken":0},{"event_name":"Forgotten Altar","player_choice":"Shed Blood","floor":27,"damage_taken":0},{"event_name":"Mysterious Sphere","player_choice":"Ignore","floor":36,"damage_taken":0},{"event_name":"Winding Halls","player_choice":"Embrace Madness","floor":37,"damage_taken":0},{"event_name":"SensoryStone","player_choice":"Memory 1","floor":38,"damage_taken":0},{"event_name":"Tomb of Lord Red Mask","player_choice":"Wore Mask","floor":46,"damage_taken":0}],"is_beta":true,"boss_relics":[{"not_picked":["Fusion Hammer","Nuclear Battery"],"picked":"Cursed Key"},{"not_picked":["Busted Crown","Coffee Dripper"],"picked":"Inserter"}],"items_purged_floors":[22,30,39,47],"is_endless":false,"potions_floor_spawned":[1,3,14,21,28,31,33,35,41],"ascension_level":8}