{"path_per_floor":["M","$","M","?","M","E","?","R","T","$","M","R","E","?","R","B",null,"M","?","M","M","$","R","?","R","T","M","E","R","$","M","R"],"character_chosen":"DEFECT","items_purchased":["Self Repair","Flash of Steel","Hyperbeam","BootSequence"],"gold_per_floor":[109,27,41,41,51,79,79,79,79,7,24,24,59,59,59,137,137,149,149,165,177,0,0,0,0,0,15,50,50,20,35,35,35],"floor_reached":33,"campfire_rested":2,"playtime":921,"current_hp_per_floor":[63,63,70,70,71,59,71,71,71,71,64,64,48,48,48,28,60,47,47,29,22,22,43,43,43,43,50,60,60,60,9,30,0],"items_purged":["Writhe"],"gold":35,"score":478,"play_id":"30445ce1-73eb-456f-9856-8705e78c304c","local_time":"20180515210458","is_prod":false,"is_daily":false,"chose_seed":false,"is_ascension_mode":true,"campfire_upgraded":5,"timestamp":1526389498,"path_taken":["M","$","M","?","?","E","?","R","T","$","M","R","E","?","R","BOSS","M","?","M","M","$","R","?","R","T","M","E","R","?","M","R","BOSS"],"build_version":"2018-05-14v2","seed_source_timestamp":0,"purchased_purges":1,"victory":false,"master_deck":["Strike_B","Strike_B","Strike_B","Strike_B","Defend_B","Defend_B","Defend_B","Defend_B","Zap","Dualcast","AscendersBane","Streamline+1","Self Repair","Go for the Eyes+1","Loop","Heatsinks","Flash of Steel","Beam Cell+1","Glacier","Buffer+1","Echo Form","Leap+1","Turbo","Melter","Hyperbeam+1","Leap+1","Reboot+1","BootSequence","Rebound"],"max_hp_per_floor":[71,71,71,71,71,71,71,71,71,71,71,71,71,71,71,71,71,71,71,71,71,71,71,71,71,71,71,71,71,71,71,71,71],"relics":["Cracked Core","Orichalcum","The Courier","Juzu Bracelet","Bottled Flame","Sozu","Vajra","Darkstone Periapt","Prayer Wheel"],"card_choices":[{"not_picked":["Ball Lightning","Doom and Gloom"],"picked":"Streamline","floor":1.0},{"not_picked":["Axe Kick","Barrage"],"picked":"Go for the Eyes","floor":3.0},{"not_picked":["FTL","Go for the Eyes"],"picked":"Loop","floor":5.0},{"not_picked":["Axe Kick","Sweeping Beam"],"picked":"Heatsinks","floor":6.0},{"not_picked":["BootSequence","Skim"],"picked":"Beam Cell","floor":11.0},{"not_picked":["Go for the Eyes","Coolheaded"],"picked":"Glacier","floor":13.0},{"not_picked":["All For One","Buffer"],"picked":"Echo Form","floor":16},{"not_picked":["Steam","Aggregate"],"picked":"Leap+1","floor":18},{"not_picked":["Reprogram","Recycle"],"picked":"Turbo","floor":20},{"not_picked":["Cold Snap","Turbo"],"picked":"Melter","floor":21},{"not_picked":["Chaos+1","Beam Cell+1"],"picked":"Leap+1","floor":27},{"not_picked":["Hello World+1","Double Energy"],"picked":"Reboot","floor":28},{"not_picked":["Aggregate","Barrage"],"picked":"Rebound","floor":31}],"player_experience":991952,"potions_floor_usage":[],"damage_taken":[{"damage":1.0,"enemies":"2 Louse","floor":1.0,"turns":3.0},{"damage":0.0,"enemies":"Cultist","floor":3.0,"turns":3.0},{"damage":4.0,"enemies":"Small Slimes","floor":5.0,"turns":3.0},{"damage":19.0,"enemies":"3 Sentries","floor":6.0,"turns":6.0},{"damage":14.0,"enemies":"2 Fungi Beasts","floor":11.0,"turns":3.0},{"damage":23.0,"enemies":"Lagavulin","floor":13.0,"turns":5.0},{"damage":27,"enemies":"Hexaghost","floor":16,"turns":12},{"damage":20,"enemies":"Shell Parasite","floor":18,"turns":6},{"damage":32,"enemies":"2 Thieves","floor":20,"turns":5},{"damage":14,"enemies":"Snecko","floor":21,"turns":6},{"damage":0,"enemies":"3 Cultists","floor":27,"turns":5},{"damage":4,"enemies":"Gremlin Leader","floor":28,"turns":6},{"damage":58,"enemies":"Chosen and Byrds","floor":31,"turns":8},{"damage":34,"enemies":"Collector","floor":33,"turns":3}],"relics_obtained":[{"floor":6.0,"key":"The Courier"},{"floor":9.0,"key":"Juzu Bracelet"},{"floor":13.0,"key":"Bottled Flame"},{"floor":26,"key":"Darkstone Periapt"},{"floor":28,"key":"Prayer Wheel"}],"event_choices":[{"event_name":"Upgrade Shrine","player_choice":"Upgraded","floor":4.0,"damage_taken":0.0},{"event_name":"Wheel of Change","player_choice":"Full Heal","floor":7.0,"damage_taken":0.0},{"event_name":"Match and Keep!","player_choice":"1 cards matched","floor":14.0,"damage_taken":0.0},{"event_name":"The Mausoleum","player_choice":"Yes","floor":19,"damage_taken":0},{"event_name":"The Lab","player_choice":"Got Potions","floor":24,"damage_taken":0}],"boss_relics":[{"not_picked":["Inserter","Pandora\u0027s Box"],"picked":"Sozu"}],"potions_floor_spawned":[5,6,11,16,20,27,31],"seed_played":"4022985146896595134","killed_by":"Collector","ascension_level":15,"potions_obtained":[{"floor":5.0,"key":"Energy Potion"},{"floor":6.0,"key":"PowerPotion"},{"floor":11.0,"key":"AttackPotion"},{"floor":16,"key":"AttackPotion"}],"is_trial":false}