{"gold_per_floor":[113,113,12,30,48,74,74,109,109,109,125,157,173,187,187,261,261,275,287,44,56,68,100,100,130,130,147,147,61,89,109,109,181,181,200,217,15,15,26,51,51,70,70,70,116,141,173,187,187,187],"floor_reached":50,"playtime":2325,"items_purged":["Pain"],"score":1022,"play_id":"1a121edc-f83a-41cc-8b94-2994280ea172","local_time":"20190419010047","is_ascension_mode":true,"campfire_choices":[{"floor":10.0,"key":"REST"},{"data":"True Grit","floor":15.0,"key":"SMITH"},{"data":"Barricade","floor":24.0,"key":"SMITH"},{"data":"Armaments","floor":32.0,"key":"SMITH"},{"data":"Dark Embrace","floor":44.0,"key":"SMITH"},{"floor":49.0,"key":"RECALL"}],"neow_cost":"NONE","seed_source_timestamp":942151917461470,"circlet_count":0,"master_deck":["AscendersBane","Strike_R","Strike_R","Strike_R+1","Strike_R","Strike_R","Defend_R","Defend_R","Defend_R","Defend_R","Bash","Intimidate","Sword Boomerang","Armaments+1","Flame Barrier+1","Spot Weakness","Rage","Barricade+1","True Grit+1","Flame Barrier","Immolate","Disarm","Sword Boomerang","Combust","Shrug It Off","Warcry+1","Impervious","Thunderclap+1","Shrug It Off","Dark Embrace+1","Intimidate","Heavy Blade","Shrug It Off+1"],"special_seed":0,"relics":["Burning Blood","NeowsBlessing","WarpedTongs","Bag of Marbles","Magic Flower","PreservedInsect","Busted Crown","OrangePellets","Orichalcum","Ancient Tea Set","Pocketwatch","Potion Belt","Mark of Pain","Bronze Scales","Dream Catcher","Juzu Bracelet","Unceasing Top","Vajra","Bag of Preparation"],"potions_floor_usage":[50],"damage_taken":[{"damage":0.0,"enemies":"Small Slimes","floor":1.0,"turns":1.0},{"damage":0.0,"enemies":"Cultist","floor":4.0,"turns":1.0},{"damage":0.0,"enemies":"2 Louse","floor":5.0,"turns":2.0},{"damage":22.0,"enemies":"Lagavulin","floor":6.0,"turns":9.0},{"damage":23.0,"enemies":"Gremlin Nob","floor":8.0,"turns":5.0},{"damage":1.0,"enemies":"Blue Slaver","floor":11.0,"turns":4.0},{"damage":14.0,"enemies":"3 Sentries","floor":12.0,"turns":10.0},{"damage":5.0,"enemies":"Large Slime","floor":13.0,"turns":5.0},{"damage":6.0,"enemies":"Red Slaver","floor":14.0,"turns":3.0},{"damage":7.0,"enemies":"The Guardian","floor":16.0,"turns":12.0},{"damage":9.0,"enemies":"Shell Parasite","floor":18.0,"turns":4.0},{"damage":11.0,"enemies":"2 Thieves","floor":19.0,"turns":4.0},{"damage":18.0,"enemies":"Shelled Parasite and Fungi","floor":21.0,"turns":7.0},{"damage":13.0,"enemies":"Cultist and Chosen","floor":22.0,"turns":7.0},{"damage":10.0,"enemies":"Gremlin Leader","floor":23.0,"turns":6.0},{"damage":22.0,"enemies":"Book of Stabbing","floor":25.0,"turns":5.0},{"damage":2.0,"enemies":"3 Cultists","floor":27.0,"turns":4.0},{"damage":4.0,"enemies":"Gremlin Leader","floor":30.0,"turns":6.0},{"damage":10.0,"enemies":"Snecko","floor":31.0,"turns":4.0},{"damage":33.0,"enemies":"Collector","floor":33.0,"turns":11.0},{"damage":39.0,"enemies":"3 Darklings","floor":35.0,"turns":5.0},{"damage":4.0,"enemies":"3 Shapes","floor":36.0,"turns":6.0},{"damage":10.0,"enemies":"Sphere and 2 Shapes","floor":39.0,"turns":5.0},{"damage":10.0,"enemies":"Nemesis","floor":40.0,"turns":7.0},{"damage":0.0,"enemies":"Maw","floor":42.0,"turns":9.0},{"damage":30.0,"enemies":"2 Orb Walkers","floor":45.0,"turns":5.0},{"damage":20.0,"enemies":"Reptomancer","floor":47.0,"turns":3.0},{"damage":21.0,"enemies":"3 Darklings","floor":48.0,"turns":7.0},{"damage":43,"enemies":"Donu and Deca","floor":50,"turns":5}],"seed_played":"-6959250924550222123","potions_obtained":[{"floor":1.0,"key":"EssenceOfSteel"},{"floor":4.0,"key":"FearPotion"},{"floor":11.0,"key":"PowerPotion"},{"floor":14.0,"key":"LiquidBronze"},{"floor":18.0,"key":"Dexterity Potion"},{"floor":21.0,"key":"Regen Potion"},{"floor":25.0,"key":"Explosive Potion"},{"floor":30.0,"key":"BloodPotion"},{"floor":31.0,"key":"Energy Potion"},{"floor":39.0,"key":"Regen Potion"},{"floor":45.0,"key":"PowerPotion"},{"floor":47.0,"key":"SneckoOil"}],"is_trial":false,"path_per_floor":["M","?","$","M","M","E","?","E","T","R","M","E","M","M","R","B",null,"M","M","$","M","M","E","R","E","T","M","?","$","E","M","R","B",null,"M","M","$","?","M","E","?","M","T","R","?","T","E","M","R","B"],"character_chosen":"IRONCLAD","items_purchased":["Sword Boomerang","OrangePellets","Disarm","Combust","Shrug It Off","Bronze Scales","Shrug It Off"],"campfire_rested":1,"item_purchase_floors":[3,20,20,29,29,37,37],"current_hp_per_floor":[74,74,74,75,75,59,36,19,19,41,49,44,48,51,51,53,70,70,68,68,59,73,72,72,59,59,66,66,66,71,70,70,46,68,49,54,54,54,53,52,52,61,61,61,40,40,29,41,41,0],"gold":187,"neow_bonus":"THREE_ENEMY_KILL","is_prod":false,"is_daily":false,"chose_seed":false,"campfire_upgraded":4,"win_rate":0,"timestamp":1555650047,"path_taken":["M","?","$","M","?","E","?","E","T","R","M","E","M","M","R","BOSS","M","M","$","M","M","E","R","E","T","M","?","$","E","M","R","BOSS","M","M","$","?","?","E","?","M","T","R","?","?","E","M","R","BOSS"],"build_version":"2019-04-04","purchased_purges":1,"victory":false,"max_hp_per_floor":[75,75,75,75,75,75,75,75,75,75,75,75,75,75,75,75,75,75,75,75,75,75,75,75,75,75,75,75,75,75,75,75,75,75,75,75,75,75,75,75,71,71,71,71,71,71,71,71,71,71],"card_choices":[{"not_picked":["Wild Strike","Iron Wave"],"picked":"Intimidate","floor":1.0},{"not_picked":["Sword Boomerang","Iron Wave"],"picked":"Armaments","floor":4.0},{"not_picked":["Headbutt","Dropkick"],"picked":"Flame Barrier","floor":5.0},{"not_picked":["Cleave","Berserk"],"picked":"Spot Weakness","floor":6.0},{"not_picked":["Entrench","Flex"],"picked":"Rage","floor":8.0},{"not_picked":["Twin Strike","Pommel Strike","Perfected Strike"],"picked":"SKIP","floor":11.0},{"not_picked":["Rage","Clash"],"picked":"Barricade","floor":12.0},{"not_picked":["Intimidate","Carnage"],"picked":"True Grit","floor":13.0},{"not_picked":["Sever Soul","Wild Strike"],"picked":"Flame Barrier","floor":14.0},{"not_picked":["Bludgeon","Demon Form"],"picked":"Immolate","floor":16.0},{"not_picked":["Headbutt"],"picked":"SKIP","floor":18.0},{"not_picked":["Headbutt"],"picked":"SKIP","floor":19.0},{"not_picked":["Headbutt+1"],"picked":"SKIP","floor":21.0},{"not_picked":[],"picked":"Sword Boomerang","floor":22.0},{"not_picked":["True Grit"],"picked":"SKIP","floor":23.0},{"not_picked":["Sword Boomerang"],"picked":"SKIP","floor":25.0},{"not_picked":["Anger+1"],"picked":"SKIP","floor":27.0},{"not_picked":[],"picked":"Warcry+1","floor":30.0},{"not_picked":["Flex"],"picked":"SKIP","floor":31.0},{"not_picked":[],"picked":"Impervious","floor":33.0},{"not_picked":["Infernal Blade"],"picked":"SKIP","floor":35.0},{"not_picked":["Thunderclap+1"],"picked":"SKIP","floor":36.0},{"not_picked":[],"picked":"Thunderclap+1","floor":36.0},{"not_picked":["Anger+1"],"picked":"SKIP","floor":39.0},{"not_picked":["Perfected Strike"],"picked":"SKIP","floor":40.0},{"not_picked":[],"picked":"Heavy Blade","floor":42.0},{"not_picked":["Iron Wave"],"picked":"SKIP","floor":47.0},{"not_picked":[],"picked":"Shrug It Off+1","floor":48.0}],"player_experience":974762,"relics_obtained":[{"floor":6.0,"key":"Bag of Marbles"},{"floor":8.0,"key":"Magic Flower"},{"floor":12.0,"key":"PreservedInsect"},{"floor":23.0,"key":"Orichalcum"},{"floor":25.0,"key":"Ancient Tea Set"},{"floor":26.0,"key":"Pocketwatch"},{"floor":30.0,"key":"Potion Belt"},{"floor":40.0,"key":"Dream Catcher"},{"floor":43.0,"key":"Juzu Bracelet"},{"floor":45.0,"key":"Unceasing Top"},{"floor":46.0,"key":"Vajra"},{"floor":47.0,"key":"Bag of Preparation"}],"event_choices":[{"damage_healed":0.0,"max_hp_gain":0.0,"max_hp_loss":0.0,"gold_gain":0.0,"event_name":"Accursed Blacksmith","player_choice":"Rummage","floor":2.0,"gold_loss":0.0,"damage_taken":0.0,"relics_obtained":["WarpedTongs"],"cards_obtained":["Pain"]},{"damage_healed":0.0,"max_hp_gain":0.0,"max_hp_loss":0.0,"gold_gain":0.0,"event_name":"Shining Light","player_choice":"Entered Light","floor":7.0,"gold_loss":0.0,"damage_taken":23.0,"cards_upgraded":["Strike_R","Flame Barrier"]},{"damage_healed":0.0,"max_hp_gain":0.0,"max_hp_loss":0.0,"gold_gain":0.0,"event_name":"Beggar","player_choice":"Ignored","floor":28.0,"gold_loss":0.0,"damage_taken":0.0},{"damage_healed":0.0,"max_hp_gain":0.0,"max_hp_loss":0.0,"gold_gain":0.0,"event_name":"Match and Keep!","player_choice":"2 cards matched","floor":38.0,"gold_loss":0.0,"damage_taken":0.0,"cards_obtained":["Dark Embrace","Intimidate"]},{"damage_healed":0.0,"max_hp_gain":0.0,"max_hp_loss":4.0,"gold_gain":0.0,"event_name":"Winding Halls","player_choice":"Max HP","floor":41.0,"gold_loss":0.0,"damage_taken":0.0},{"damage_healed":0.0,"max_hp_gain":0.0,"max_hp_loss":0.0,"gold_gain":0.0,"event_name":"Mysterious Sphere","player_choice":"Fight","floor":45.0,"gold_loss":0.0,"damage_taken":0.0}],"is_beta":true,"boss_relics":[{"not_picked":["Orrery","Black Blood"],"picked":"Busted Crown"},{"not_picked":["Coffee Dripper","Philosopher\u0027s Stone"],"picked":"Mark of Pain"}],"items_purged_floors":[3],"is_endless":false,"potions_floor_spawned":[1,4,5,11,14,18,21,25,30,31,39,45,47],"killed_by":"Donu and Deca","ascension_level":15}