{"gold_per_floor":[112,187,187,43,43,43,67,67,67,82,82,95,131,154,154,154],"floor_reached":16,"playtime":566,"items_purged":[],"score":175,"play_id":"e0759269-df67-4136-8e8b-8088f94c73c2","local_time":"20190421183315","is_ascension_mode":true,"campfire_choices":[{"floor":6,"key":"REST"},{"data":"Bash","floor":8,"key":"SMITH"},{"data":"Clothesline","floor":11,"key":"SMITH"},{"data":"Inflame","floor":15,"key":"SMITH"}],"neow_cost":"NONE","seed_source_timestamp":769415453419200,"circlet_count":0,"master_deck":["AscendersBane","Strike_R","Strike_R","Strike_R","Strike_R","Strike_R","Defend_R","Defend_R","Defend_R","Defend_R","Bash+1","Clothesline+1","Pommel Strike","Inflame+1","True Grit"],"relics":["Burning Blood","Golden Idol","Pen Nib","Anchor","Shuriken"],"potions_floor_usage":[14,16],"damage_taken":[{"damage":9,"enemies":"Jaw Worm","floor":1,"turns":4},{"damage":10,"enemies":"Small Slimes","floor":7,"turns":5},{"damage":1,"enemies":"Cultist","floor":10,"turns":3},{"damage":1,"enemies":"Looter","floor":12,"turns":2},{"damage":24,"enemies":"Gremlin Nob","floor":13,"turns":4},{"damage":0,"enemies":"3 Louse","floor":14,"turns":3},{"damage":45,"enemies":"Hexaghost","floor":16,"turns":9}],"seed_played":"-4523735236050178760","potions_obtained":[{"floor":7,"key":"GamblersBrew"},{"floor":13,"key":"Energy Potion"}],"is_trial":false,"path_per_floor":["M","?","?","$","$","R","M","R","T","M","R","M","E","M","R","B"],"character_chosen":"IRONCLAD","items_purchased":["Pen Nib"],"campfire_rested":1,"item_purchase_floors":[4],"current_hp_per_floor":[65,54,28,28,28,50,46,46,46,51,51,56,38,44,44,0],"gold":154,"neow_bonus":"THREE_CARDS","is_prod":false,"is_daily":false,"chose_seed":false,"campfire_upgraded":3,"win_rate":0,"timestamp":1555864395,"path_taken":["M","?","?","?","$","R","M","R","T","?","R","M","E","M","R","BOSS"],"build_version":"2019-01-23","purchased_purges":0,"victory":false,"max_hp_per_floor":[75,75,75,75,75,75,75,75,75,75,75,75,75,75,75,75],"card_choices":[{"not_picked":["Body Slam","Infernal Blade"],"picked":"Clothesline","floor":0},{"not_picked":["Body Slam","Rage"],"picked":"Pommel Strike","floor":1},{"not_picked":["Body Slam","Sword Boomerang","Bloodletting"],"picked":"SKIP","floor":7},{"not_picked":["Anger","Twin Strike","Wild Strike"],"picked":"SKIP","floor":10},{"not_picked":["Anger","Twin Strike","Wild Strike"],"picked":"SKIP","floor":10},{"not_picked":["True Grit","Warcry"],"picked":"Inflame","floor":12},{"not_picked":["Dark Embrace","Twin Strike","Body Slam"],"picked":"SKIP","floor":13},{"not_picked":["Combust","Iron Wave"],"picked":"True Grit","floor":14}],"player_experience":262067,"relics_obtained":[{"floor":9,"key":"Anchor"},{"floor":13,"key":"Shuriken"}],"event_choices":[{"damage_healed":0,"gold_gain":75,"player_choice":"Gather Gold","damage_taken":11,"max_hp_gain":0,"max_hp_loss":0,"event_name":"World of Goop","floor":2,"gold_loss":0},{"damage_healed":0,"gold_gain":0,"player_choice":"Take Damage","damage_taken":26,"relics_obtained":["Golden Idol"],"max_hp_gain":0,"max_hp_loss":0,"event_name":"Golden Idol","floor":3,"gold_loss":0}],"is_beta":false,"boss_relics":[],"items_purged_floors":[],"is_endless":false,"potions_floor_spawned":[7,13],"killed_by":"Hexaghost","ascension_level":15}