{"gold_per_floor":[109,109,109,120,44,44,44,44,69,89,424,435,360,360,360,433,433,443,4,4,17,70,70,99,99,99,128,128,147,178,195,195,195],"floor_reached":33,"playtime":1392,"items_purged":[],"score":677,"play_id":"49acb59b-5b26-4030-9aef-0db4ac454196","local_time":"20190410041020","is_ascension_mode":true,"campfire_choices":[{"data":"Dualcast","floor":6.0,"key":"SMITH"},{"data":"Beam Cell","floor":8.0,"key":"SMITH"},{"data":"Deep Breath","floor":15.0,"key":"SMITH"},{"floor":23.0,"key":"REST"},{"floor":25.0,"key":"REST"},{"floor":28.0,"key":"RECALL"},{"floor":32.0,"key":"REST"}],"neow_cost":"NONE","seed_source_timestamp":382142193076169,"circlet_count":0,"master_deck":["AscendersBane","Strike_B","Strike_B","Strike_B","Defend_B","Defend_B+1","Defend_B","Defend_B+1","Zap+1","Dualcast+1","Deep Breath+1","Sunder+1","Beam Cell+1","Reboot","Sweeping Beam+1","Conserve Battery","Seek","Go for the Eyes+1","Conserve Battery","Buffer","Conserve Battery+1"],"special_seed":0,"relics":["Cracked Core","Matryoshka","Bag of Marbles","PreservedInsect","Old Coin","Fusion Hammer","Mercury Hourglass","Anchor","Juzu Bracelet","Omamori","The Courier","Singing Bowl","Pear","Whetstone"],"potions_floor_usage":[33],"damage_taken":[{"damage":4.0,"enemies":"Small Slimes","floor":1.0,"turns":3.0},{"damage":1.0,"enemies":"Cultist","floor":4.0,"turns":3.0},{"damage":2.0,"enemies":"Jaw Worm","floor":10.0,"turns":2.0},{"damage":5.0,"enemies":"Lagavulin","floor":11.0,"turns":4.0},{"damage":0.0,"enemies":"3 Louse","floor":12.0,"turns":2.0},{"damage":5.0,"enemies":"The Guardian","floor":16.0,"turns":7.0},{"damage":0.0,"enemies":"Spheric Guardian","floor":18.0,"turns":3.0},{"damage":0.0,"enemies":"Shell Parasite","floor":21.0,"turns":2.0},{"damage":3.0,"enemies":"Book of Stabbing","floor":24.0,"turns":3.0},{"damage":0.0,"enemies":"Slavers","floor":27.0,"turns":4.0},{"damage":1.0,"enemies":"Shelled Parasite and Fungi","floor":29.0,"turns":2.0},{"damage":8.0,"enemies":"Book of Stabbing","floor":30.0,"turns":3.0},{"damage":0.0,"enemies":"Chosen and Byrds","floor":31.0,"turns":3.0},{"damage":119,"enemies":"Automaton","floor":33,"turns":12}],"seed_played":"2991039251106063070","potions_obtained":[{"floor":4.0,"key":"SteroidPotion"},{"floor":10.0,"key":"LiquidBronze"},{"floor":12.0,"key":"EssenceOfSteel"},{"floor":18.0,"key":"SkillPotion"},{"floor":31.0,"key":"FearPotion"}],"is_trial":false,"path_per_floor":["?","?","M","$","?","?","?","?","T"],"character_chosen":"DEFECT","items_purchased":["Reboot","Mercury Hourglass","Anchor"],"campfire_rested":3,"item_purchase_floors":[5,19,19],"current_hp_per_floor":[60,60,60,59,59,59,59,59,59,57,52,52,52,31,31,26,60,60,60,40,40,40,62,59,76,76,88,88,89,83,83,92,0],"gold":195,"neow_bonus":"RANDOM_COLORLESS","is_prod":false,"is_daily":false,"chose_seed":false,"campfire_upgraded":3,"win_rate":0,"timestamp":1554887420,"path_taken":["M","?","?","?","?","R","?","R","T","M","E","M","?","?","R","BOSS","M","$","?","M","?","R","E","R","T","E","R","M","E","M","R","BOSS"],"build_version":"2019-01-23","purchased_purges":0,"victory":false,"max_hp_per_floor":[71,71,71,71,71,71,71,71,71,71,71,71,71,71,71,71,71,71,71,76,76,76,76,76,76,76,88,88,90,92,92,92,92],"card_choices":[{"not_picked":["Double Energy","Cold Snap"],"picked":"Sunder","floor":1.0},{"not_picked":["Sweeping Beam","Stack"],"picked":"Beam Cell","floor":4.0},{"not_picked":["Hello World","Turbo"],"picked":"Sweeping Beam","floor":10.0},{"not_picked":["Steam Power","Chaos","Rip and Tear"],"picked":"SKIP","floor":11.0},{"not_picked":["Hello World","Sweeping Beam"],"picked":"Conserve Battery","floor":12.0},{"not_picked":["Reboot","Buffer"],"picked":"Seek","floor":16.0},{"not_picked":["Ball Lightning+1","Compile Driver"],"picked":"Go for the Eyes","floor":18.0},{"not_picked":["Redo","Consume"],"picked":"Conserve Battery","floor":21.0},{"not_picked":["Leap","Coolheaded"],"picked":"Buffer","floor":24.0},{"not_picked":["Steam","Redo","Cold Snap"],"picked":"Singing Bowl","floor":27.0},{"not_picked":["Sweeping Beam","Redo","Ball Lightning"],"picked":"Singing Bowl","floor":29.0},{"not_picked":["Storm","Ball Lightning","Rebound"],"picked":"Singing Bowl","floor":30.0},{"not_picked":["Turbo","Beam Cell"],"picked":"Conserve Battery+1","floor":31.0}],"player_experience":376942,"relics_obtained":[{"floor":9.0,"key":"Bag of Marbles"},{"floor":9.0,"key":"PreservedInsect"},{"floor":11.0,"key":"Old Coin"},{"floor":22.0,"key":"Juzu Bracelet"},{"floor":22.0,"key":"Omamori"},{"floor":24.0,"key":"The Courier"},{"floor":26.0,"key":"Singing Bowl"},{"floor":27.0,"key":"Pear"},{"floor":30.0,"key":"Whetstone"}],"event_choices":[{"damage_healed":0.0,"max_hp_gain":0.0,"max_hp_loss":0.0,"gold_gain":0.0,"event_name":"Living Wall","player_choice":"Grow","floor":2.0,"gold_loss":0.0,"damage_taken":0.0,"cards_upgraded":["Sunder"]},{"damage_healed":0.0,"max_hp_gain":0.0,"max_hp_loss":0.0,"gold_gain":0.0,"event_name":"Accursed Blacksmith","player_choice":"Forge","floor":3.0,"gold_loss":0.0,"damage_taken":0.0,"cards_upgraded":["Zap"]},{"damage_healed":0.0,"max_hp_gain":0.0,"max_hp_loss":0.0,"gold_gain":0.0,"event_name":"Dead Adventurer","player_choice":"Searched \u00271\u0027 times","floor":7.0,"gold_loss":0.0,"damage_taken":0.0,"relics_obtained":["Matryoshka"]},{"cards_removed":["Strike_B"],"damage_healed":0.0,"max_hp_gain":0.0,"max_hp_loss":0.0,"gold_gain":0.0,"event_name":"The Cleric","player_choice":"Card Removal","floor":13.0,"gold_loss":75.0,"damage_taken":0.0},{"damage_healed":0.0,"max_hp_gain":0.0,"max_hp_loss":0.0,"gold_gain":0.0,"event_name":"Shining Light","player_choice":"Entered Light","floor":14.0,"gold_loss":0.0,"damage_taken":21.0,"cards_upgraded":["Defend_B","Defend_B"]},{"damage_healed":0.0,"max_hp_gain":5.0,"max_hp_loss":0.0,"gold_gain":0.0,"event_name":"Forgotten Altar","player_choice":"Shed Blood","floor":20.0,"gold_loss":0.0,"damage_taken":25.0}],"is_beta":false,"boss_relics":[{"not_picked":["White Beast Statue","Tiny House"],"picked":"Fusion Hammer"}],"items_purged_floors":[],"is_endless":false,"potions_floor_spawned":[4,10,12,18,31],"killed_by":"Automaton","ascension_level":20}