{"path_per_floor":["M","?","M","M","?","E","?","E","T","?","$","M","M","E","R","B",null,"M","?","M","M","$","R","M"],"character_chosen":"DEFECT","items_purchased":["Creative AI","Regal Pillow","Reboot","Capacitor"],"gold_per_floor":[115,115,132,150,150,177,252,285,310,310,0,20,32,65,65,160,160,177,177,187,198,31,31,44,44],"floor_reached":25,"campfire_rested":2,"playtime":649,"current_hp_per_floor":[73,73,73,73,48,51,40,26,26,26,26,25,20,8,47,47,73,51,51,51,2,2,41,5,0],"items_purged":[],"gold":44,"score":341,"play_id":"ea3d3e64-e7b0-466f-9c5c-e493fdb0a848","local_time":"20180503213103","is_prod":false,"is_daily":false,"chose_seed":false,"is_ascension_mode":true,"campfire_upgraded":0,"timestamp":1525354263,"path_taken":["M","?","?","M","?","E","?","E","T","?","$","M","M","E","R","BOSS","M","?","M","?","?","R","M","M"],"build_version":"2018-05-02","seed_source_timestamp":723148227865568,"purchased_purges":0,"victory":false,"master_deck":["Strike_B","Strike_B","Strike_B","Strike_B","Defend_B","Defend_B","Defend_B","Defend_B","Zap+1","Dualcast","Auto Shields","Storm","Melter","Ball Lightning","Rip and Tear","Creative AI","Storm","Sunder","Ball Lightning","Prime","Writhe","Darkness","Reboot","Capacitor","Thunder Strike"],"max_hp_per_floor":[75,75,75,75,75,82,82,82,82,82,82,82,82,82,82,82,82,82,82,82,82,82,82,82,82],"relics":["Velvet Choker","Orichalcum","Strawberry","Letter Opener","Ancient Tea Set","Regal Pillow","Pen Nib","Runic Dome","DataDisk"],"card_choices":[{"not_picked":["Cold Snap","Melter"],"picked":"Auto Shields","floor":1},{"not_picked":["Rebound","Hologram"],"picked":"Storm","floor":3},{"not_picked":["Sweeping Beam","Axe Kick"],"picked":"Melter","floor":4},{"not_picked":["Streamline","Barrage"],"picked":"Ball Lightning","floor":6},{"not_picked":["Impulse","Aggregate"],"picked":"Rip and Tear","floor":8},{"not_picked":["Hello World","Lockon"],"picked":"Storm","floor":12},{"not_picked":["Go for the Eyes","Ball Lightning"],"picked":"Sunder","floor":13},{"not_picked":["Rip and Tear","Go for the Eyes"],"picked":"Ball Lightning","floor":14},{"not_picked":["Seek","Machine Learning"],"picked":"Prime","floor":16},{"not_picked":["Go for the Eyes","Axe Kick"],"picked":"Darkness","floor":20},{"not_picked":["Turbo","Sweeping Beam"],"picked":"Thunder Strike","floor":24}],"player_experience":935518,"potions_floor_usage":[6,16,16,16,25],"damage_taken":[{"damage":2,"enemies":"Jaw Worm","floor":1,"turns":3},{"damage":0,"enemies":"Cultist","floor":3,"turns":4},{"damage":0,"enemies":"Small Slimes","floor":4,"turns":4},{"damage":19,"enemies":"3 Sentries","floor":6,"turns":9},{"damage":14,"enemies":"Lagavulin","floor":8,"turns":5},{"damage":1,"enemies":"3 Louse","floor":12,"turns":3},{"damage":5,"enemies":"Looter","floor":13,"turns":2},{"damage":12,"enemies":"Gremlin Nob","floor":14,"turns":4},{"damage":0,"enemies":"Slime Boss","floor":16,"turns":4},{"damage":22,"enemies":"3 Byrds","floor":18,"turns":4},{"damage":0,"enemies":"Chosen","floor":20,"turns":3},{"damage":49,"enemies":"Slaver and Parasite","floor":21,"turns":5},{"damage":36,"enemies":"Snake Plant","floor":24,"turns":4},{"damage":19,"enemies":"Cultist and Chosen","floor":25,"turns":3}],"event_choices":[{"event_name":"The Lab","player_choice":"Got Potions","floor":2,"damage_taken":0},{"event_name":"Scrap Ooze","player_choice":"success","floor":5,"damage_taken":25},{"event_name":"World of Goop","player_choice":"Gather Gold","floor":7,"damage_taken":0},{"event_name":"Living Wall","player_choice":"Grow","floor":10,"damage_taken":0},{"event_name":"The Mausoleum","player_choice":"Yes","floor":19,"damage_taken":0}],"boss_relics":[{"not_picked":["Calling Bell","Eternal Feather"],"picked":"Runic Dome"}],"potions_floor_spawned":[3,4,6,12,18,24],"seed_played":"7765914581274604627","killed_by":"Cultist and Chosen","ascension_level":5,"is_trial":false}