{"gold_per_floor":[115,115,132,143,73,73,98,98,121,47,80,80,100,111,111,184,184,194,394,413,175,191,191,221,239,239,419,437,32,49,69,69,143,143,155,155,21,21,35,35,67,67,67,99,99,109,128,403,403,403,403,403,9,44,44],"floor_reached":56,"playtime":2771,"items_purged":["Strike_R"],"score":1984,"play_id":"0b3fb4e2-523b-416c-872e-b558eac680e3","local_time":"20190405180211","is_ascension_mode":true,"campfire_choices":[{"floor":6.0,"key":"REST"},{"data":"Uppercut","floor":12.0,"key":"SMITH"},{"data":"Inflame","floor":15.0,"key":"SMITH"},{"floor":23.0,"key":"REST"},{"data":"True Grit","floor":32.0,"key":"SMITH"},{"data":"Dual Wield","floor":40.0,"key":"SMITH"},{"floor":42.0,"key":"RECALL"},{"data":"Limit Break","floor":45.0,"key":"SMITH"},{"data":"Heavy Blade","floor":49.0,"key":"SMITH"},{"data":"Disarm","floor":52.0,"key":"SMITH"}],"neow_cost":"NONE","seed_source_timestamp":3621327329699280,"circlet_count":0,"master_deck":["AscendersBane","Strike_R","Strike_R","Strike_R+1","Defend_R","Defend_R","Defend_R","Defend_R","Bash+1","True Grit+1","Iron Wave","Heavy Blade+1","Evolve","Impervious","Uppercut+1","Inflame+1","Sword Boomerang","Brutality","Corruption","Reaper","Feel No Pain+1","True Grit+1","Spot Weakness+1","Impervious","Combust+1","Limit Break+1","Ghostly Armor","Enlightenment","Apotheosis","Dual Wield+1","Burning Pact+1","Disarm+1","Feel No Pain+1","Brutality+1"],"special_seed":0,"relics":["Burning Blood","Boot","Omamori","Snecko Eye","Frozen Egg 2","Meat on the Bone","The Courier","Kunai","DollysMirror","Cursed Key","Question Card","Bronze Scales","Membership Card","Oddly Smooth Stone","Bag of Preparation","Happy Flower","Bottled Tornado"],"potions_floor_usage":[55],"damage_taken":[{"damage":4.0,"enemies":"2 Louse","floor":1.0,"turns":4.0},{"damage":1.0,"enemies":"Cultist","floor":3.0,"turns":4.0},{"damage":7.0,"enemies":"Small Slimes","floor":4.0,"turns":4.0},{"damage":28.0,"enemies":"3 Sentries","floor":7.0,"turns":11.0},{"damage":28.0,"enemies":"Lagavulin","floor":11.0,"turns":6.0},{"damage":0.0,"enemies":"Red Slaver","floor":13.0,"turns":5.0},{"damage":1.0,"enemies":"Looter","floor":14.0,"turns":3.0},{"damage":3.0,"enemies":"Slime Boss","floor":16.0,"turns":7.0},{"damage":16.0,"enemies":"Chosen","floor":18.0,"turns":5.0},{"damage":5.0,"enemies":"Spheric Guardian","floor":20.0,"turns":5.0},{"damage":36.0,"enemies":"Snake Plant","floor":22.0,"turns":5.0},{"damage":27.0,"enemies":"Gremlin Leader","floor":24.0,"turns":6.0},{"damage":40.0,"enemies":"3 Cultists","floor":25.0,"turns":6.0},{"damage":14.0,"enemies":"Centurion and Healer","floor":28.0,"turns":7.0},{"damage":13.0,"enemies":"Snake Plant","floor":30.0,"turns":7.0},{"damage":3.0,"enemies":"Chosen and Byrds","floor":31.0,"turns":5.0},{"damage":67.0,"enemies":"Collector","floor":33.0,"turns":7.0},{"damage":58.0,"enemies":"3 Darklings","floor":35.0,"turns":5.0},{"damage":7.0,"enemies":"3 Shapes","floor":39.0,"turns":3.0},{"damage":8.0,"enemies":"Giant Head","floor":41.0,"turns":5.0},{"damage":0.0,"enemies":"Nemesis","floor":44.0,"turns":5.0},{"damage":31.0,"enemies":"Transient","floor":46.0,"turns":5.0},{"damage":2.0,"enemies":"Spire Growth","floor":47.0,"turns":6.0},{"damage":60.0,"enemies":"Awakened One","floor":50.0,"turns":11.0},{"damage":16.0,"enemies":"Shield and Spear","floor":54.0,"turns":6.0},{"damage":18,"enemies":"The Heart","floor":55,"turns":8}],"seed_played":"-7586683015251732012","potions_obtained":[{"floor":3.0,"key":"SteroidPotion"},{"floor":4.0,"key":"Swift Potion"},{"floor":13.0,"key":"SteroidPotion"},{"floor":18.0,"key":"Dexterity Potion"},{"floor":24.0,"key":"SteroidPotion"},{"floor":31.0,"key":"PowerPotion"},{"floor":33.0,"key":"EssenceOfSteel"},{"floor":41.0,"key":"LiquidBronze"},{"floor":46.0,"key":"FearPotion"}],"is_trial":false,"path_per_floor":["M","?","M","M","$","R","E","?","T","$","E","R","M","M","R","B",null,"M","?","M","$","M","R","E","M","T","?","M","$","M","M","R","B",null,"M","?","$","?","M","R","E","R","T","E","R","M","M","?","R","B",null,"R","$","E","B",null],"character_chosen":"IRONCLAD","items_purchased":["Evolve","Uppercut","Frozen Egg 2","Kunai","DollysMirror","Apotheosis","Membership Card","Oddly Smooth Stone","Feel No Pain+1","Bag of Preparation","Happy Flower","SpeedPotion"],"campfire_rested":2,"item_purchase_floors":[5,10,21,29,29,37,53,53,53,53,53,53],"current_hp_per_floor":[70,47,52,51,51,73,51,51,51,51,29,29,35,40,40,43,67,57,57,58,58,28,50,50,52,52,31,49,49,54,57,57,24,62,55,45,45,45,74,74,72,72,72,75,75,65,75,75,75,33,65,65,65,75,74],"gold":44,"neow_bonus":"RANDOM_COMMON_RELIC","is_prod":false,"is_daily":false,"chose_seed":false,"campfire_upgraded":7,"win_rate":0,"timestamp":1554501731,"path_taken":["M","?","M","M","$","R","E","?","T","$","E","R","?","M","R","BOSS","M","?","M","?","?","R","E","?","T","?","M","$","?","M","R","BOSS","M","?","$","?","M","R","E","R","T","E","R","M","?","?","R","BOSS","R","$","E","BOSS"],"build_version":"2019-04-04","purchased_purges":1,"victory":true,"max_hp_per_floor":[75,75,75,75,75,75,75,75,75,75,75,75,75,75,75,75,75,75,75,75,75,75,75,75,75,75,75,75,75,75,75,75,75,75,75,75,75,75,75,75,75,75,75,75,75,75,75,75,75,75,75,75,75,75,75],"card_choices":[{"not_picked":["Rupture","Hemokinesis"],"picked":"True Grit","floor":1.0},{"not_picked":["Perfected Strike","Havoc"],"picked":"Iron Wave","floor":3.0},{"not_picked":["Wild Strike","Dropkick"],"picked":"Heavy Blade","floor":4.0},{"not_picked":["Uppercut","Shrug It Off"],"picked":"Impervious","floor":7.0},{"not_picked":["Thunderclap","Sever Soul","Body Slam"],"picked":"SKIP","floor":11.0},{"not_picked":["Intimidate","Burning Pact"],"picked":"Inflame","floor":13.0},{"not_picked":["Thunderclap","Heavy Blade"],"picked":"Sword Boomerang","floor":14.0},{"not_picked":["Double Tap","Exhume"],"picked":"Brutality","floor":16.0},{"not_picked":["Iron Wave","Searing Blow+1","Thunderclap"],"picked":"SKIP","floor":18.0},{"not_picked":["Evolve","Sentinel"],"picked":"Corruption","floor":20.0},{"not_picked":["Headbutt","Rage"],"picked":"Reaper","floor":22.0},{"not_picked":["Hemokinesis+1","Cleave"],"picked":"Feel No Pain+1","floor":24.0},{"not_picked":["Perfected Strike","Clothesline"],"picked":"True Grit","floor":25.0},{"not_picked":["Shrug It Off","Sword Boomerang"],"picked":"Spot Weakness+1","floor":28.0},{"not_picked":["Rampage","Second Wind"],"picked":"Combust+1","floor":30.0},{"not_picked":["Havoc","Flex+1","Headbutt"],"picked":"SKIP","floor":31.0},{"not_picked":["Reaper","Demon Form+1"],"picked":"Limit Break","floor":33.0},{"not_picked":["Rampage","Flex"],"picked":"Ghostly Armor","floor":35.0},{"not_picked":["The Bomb","Dramatic Entrance"],"picked":"Enlightenment","floor":36.0},{"not_picked":["Perfected Strike","Wild Strike+1"],"picked":"Dual Wield","floor":39.0},{"not_picked":["Warcry","Pommel Strike","Corruption+1"],"picked":"SKIP","floor":41.0},{"not_picked":["True Grit","Limit Break","Armaments"],"picked":"Burning Pact+1","floor":44.0},{"not_picked":["Metallicize+1","Ghostly Armor","Inflame+1"],"picked":"Disarm","floor":46.0},{"not_picked":["Flex","Body Slam","Havoc","Wild Strike"],"picked":"SKIP","floor":47.0},{"not_picked":["Spot Weakness","Sword Boomerang","Thunderclap"],"picked":"Brutality+1","floor":54.0}],"player_experience":907242,"relics_obtained":[{"floor":7.0,"key":"Omamori"},{"floor":24.0,"key":"Meat on the Bone"},{"floor":26.0,"key":"The Courier"},{"floor":41.0,"key":"Question Card"},{"floor":44.0,"key":"Bronze Scales"},{"floor":54.0,"key":"Bottled Tornado"}],"event_choices":[{"damage_healed":0.0,"max_hp_gain":0.0,"max_hp_loss":0.0,"gold_gain":0.0,"event_name":"Shining Light","player_choice":"Entered Light","floor":2.0,"gold_loss":0.0,"damage_taken":23.0,"cards_upgraded":["Bash","Strike_R"]},{"damage_healed":0.0,"max_hp_gain":0.0,"max_hp_loss":0.0,"gold_gain":0.0,"event_name":"Upgrade Shrine","player_choice":"Upgraded","floor":8.0,"gold_loss":0.0,"damage_taken":0.0,"cards_upgraded":["True Grit"]},{"damage_healed":0.0,"max_hp_gain":0.0,"max_hp_loss":0.0,"gold_gain":200.0,"event_name":"Wheel of Change","player_choice":"Gold","floor":19.0,"gold_loss":0.0,"damage_taken":0.0},{"damage_healed":0.0,"max_hp_gain":0.0,"max_hp_loss":0.0,"gold_gain":180.0,"event_name":"Knowing Skull","player_choice":"GOLD GOLD ","floor":27.0,"potions_obtained":[],"gold_loss":0.0,"damage_taken":21.0,"cards_obtained":[]},{"damage_healed":0.0,"max_hp_gain":0.0,"max_hp_loss":0.0,"gold_gain":0.0,"event_name":"SensoryStone","player_choice":"Memory 3","floor":36.0,"gold_loss":0.0,"damage_taken":10.0},{"cards_removed":["Strike_R"],"damage_healed":0.0,"max_hp_gain":0.0,"max_hp_loss":0.0,"gold_gain":0.0,"event_name":"Purifier","player_choice":"Purged","floor":38.0,"gold_loss":0.0,"damage_taken":0.0},{"damage_healed":0.0,"max_hp_gain":0.0,"max_hp_loss":0.0,"gold_gain":275.0,"event_name":"Golden Shrine","player_choice":"Desecrate","floor":48.0,"gold_loss":0.0,"damage_taken":0.0,"cards_obtained":["Regret"]}],"is_beta":true,"boss_relics":[{"not_picked":["Runic Dome","Runic Pyramid"],"picked":"Snecko Eye"},{"not_picked":["Pandora\u0027s Box","Empty Cage"],"picked":"Cursed Key"}],"items_purged_floors":[29],"is_endless":false,"potions_floor_spawned":[3,4,7,13,18,20,24,31,33,41,46],"ascension_level":15}