{"path_per_floor":["M","$","?","M","?","R","E","M","T","E","M","?","E","M","R","B",null,"M","M","$","?","?","R","?","M","T","M","$","E","M","E","R"],"character_chosen":"DEFECT","items_purchased":["Deep Breath","Blaster","Bandage Up","Capacitor","Doom and Gloom","Glacier","Fire Potion"],"gold_per_floor":[118,26,26,40,40,40,72,92,143,174,189,189,217,227,227,330,330,350,362,27,27,27,27,27,47,47,59,7,35,47,82,82,82],"floor_reached":33,"campfire_rested":3,"playtime":1194,"current_hp_per_floor":[75,75,60,60,60,60,60,60,60,55,39,39,33,33,55,31,75,65,55,55,41,41,65,65,31,31,34,34,57,52,9,37,0],"items_purged":[],"gold":82,"score":421,"play_id":"15d35866-0fc0-4846-bcd8-d58512920742","local_time":"20180430232644","is_prod":false,"is_daily":false,"chose_seed":false,"is_ascension_mode":true,"campfire_upgraded":1,"timestamp":1525102004,"path_taken":["M","$","?","M","?","R","E","M","T","E","M","?","E","M","R","BOSS","M","M","$","?","?","R","?","M","T","M","?","E","M","E","R","BOSS"],"build_version":"2018-04-27v3","seed_source_timestamp":470339846513385,"purchased_purges":0,"victory":false,"master_deck":["Strike_B","Strike_B","Strike_B","Strike_B","Defend_B","Defend_B","Defend_B","Defend_B","Zap","Dualcast+1","Cold Snap+1","Deep Breath+1","Go for the Eyes","Seek","White Noise+1","Barrage","Impulse","Darkness","Impulse","Reboot","Leap+1","Beam Cell","Blaster","Bandage Up","Capacitor","Doom and Gloom","Glacier","Axe Kick+1","Coolheaded+1","Leap","Seek","Capacitor","Turbo+1"],"max_hp_per_floor":[75,75,75,75,75,75,75,75,75,75,75,75,75,75,75,75,75,75,75,75,80,80,80,80,80,80,80,80,94,94,94,94,94],"relics":["Cracked Core","NeowsBlessing","Omamori","Dream Catcher","Centennial Puzzle","Lantern","Runic Dome","Art of War","Mango","Happy Flower"],"card_choices":[{"not_picked":["Genetic Algorithm","Axe Kick"],"picked":"Cold Snap","floor":1},{"not_picked":["Genetic Algorithm","Cold Snap"],"picked":"Go for the Eyes","floor":4},{"not_picked":["Static Discharge","Undo"],"picked":"Seek","floor":7},{"not_picked":["Turbo","Cold Snap"],"picked":"White Noise","floor":8},{"not_picked":["Melter","Hologram"],"picked":"Barrage","floor":10},{"not_picked":["Cold Snap","Streamline"],"picked":"Impulse","floor":11},{"not_picked":["Sunder","Rebound"],"picked":"Darkness","floor":14},{"not_picked":["Rebound","Hologram"],"picked":"Impulse","floor":15},{"not_picked":["Biased Cognition","Seek"],"picked":"Reboot","floor":16},{"not_picked":["Sweeping Beam","Stack"],"picked":"Leap","floor":18},{"not_picked":["Cold Snap","Skim"],"picked":"Beam Cell","floor":19},{"not_picked":["Double Energy","Barrage"],"picked":"Axe Kick","floor":23},{"not_picked":["Streamline","Flux Capacitor"],"picked":"Coolheaded","floor":25},{"not_picked":["Barrage","Sweeping Beam"],"picked":"Leap","floor":27},{"not_picked":["Darkness","Leap"],"picked":"Seek","floor":30},{"not_picked":["Force Field","Leap"],"picked":"Capacitor","floor":31},{"not_picked":["Loop","Cold Snap"],"picked":"Turbo","floor":32}],"player_experience":925515,"potions_floor_usage":[10,10,18,29,29],"damage_taken":[{"damage":0,"enemies":"Jaw Worm","floor":1,"turns":1},{"damage":0,"enemies":"2 Louse","floor":4,"turns":1},{"damage":0,"enemies":"3 Sentries","floor":7,"turns":1},{"damage":0,"enemies":"Small Slimes","floor":8,"turns":3},{"damage":5,"enemies":"Gremlin Nob","floor":10,"turns":3},{"damage":16,"enemies":"Exordium Thugs","floor":11,"turns":5},{"damage":6,"enemies":"Lagavulin","floor":13,"turns":6},{"damage":0,"enemies":"Large Slime","floor":14,"turns":3},{"damage":24,"enemies":"Slime Boss","floor":16,"turns":8},{"damage":10,"enemies":"Chosen","floor":18,"turns":3},{"damage":10,"enemies":"3 Byrds","floor":19,"turns":5},{"damage":45,"enemies":"Snake Plant","floor":25,"turns":5},{"damage":8,"enemies":"Centurion and Healer","floor":27,"turns":5},{"damage":10,"enemies":"Book of Stabbing","floor":29,"turns":7},{"damage":16,"enemies":"3 Cultists","floor":30,"turns":5},{"damage":47,"enemies":"Gremlin Leader","floor":31,"turns":4},{"damage":43,"enemies":"Automaton","floor":33,"turns":10}],"event_choices":[{"event_name":"Shining Light","player_choice":"Entered Light","floor":3,"damage_taken":0},{"event_name":"The Cleric","player_choice":"Leave","floor":5,"damage_taken":0},{"event_name":"Living Wall","player_choice":"Grow","floor":12,"damage_taken":0},{"event_name":"Forgotten Altar","player_choice":"Shed Blood","floor":21,"damage_taken":0},{"event_name":"Beggar","player_choice":"Ignored","floor":22,"damage_taken":0},{"event_name":"Ghosts","player_choice":"Ignored","floor":24,"damage_taken":0}],"boss_relics":[{"not_picked":["Runic Pyramid","Tiny House"],"picked":"Runic Dome"}],"potions_floor_spawned":[7,8,10,16,18,19,25],"seed_played":"5691390822521219220","killed_by":"Automaton","ascension_level":4,"is_trial":false}