{"gold_per_floor":[111,123,123,140,140,140,158,132,205,235,235,160,160,195,195,292,292,312,312,323,340,240,271,271,122,147,22,22,33,132,166,166,270,270,282,382,604,618,634,969,969,988,1013,1013,1013,1025,1025,1056,1056,1056,1056,1056,517,547,547],"floor_reached":55,"playtime":3068,"items_purged":["Strike_B","Strike_B","Strike_B+1","Strike_B+1"],"score":1222,"play_id":"da89b693-aa1f-4a64-86d2-a41a3194d020","local_time":"20181209125853","is_ascension_mode":true,"campfire_choices":[{"data":"Streamline","floor":6,"key":"SMITH"},{"data":"Beam Cell","floor":11,"key":"SMITH"},{"data":"Hologram","floor":13,"key":"SMITH"},{"data":"Zap","floor":15,"key":"SMITH"},{"data":"Self Repair","floor":24,"key":"SMITH"},{"data":"Defend_B","floor":28,"key":"SMITH"},{"data":"Defend_B","floor":32,"key":"SMITH"},{"floor":45,"key":"RECALL"},{"data":"Buffer","floor":47,"key":"SMITH"},{"data":"Undo","floor":49,"key":"SMITH"},{"data":"Defend_B","floor":52,"key":"SMITH"}],"neow_cost":"NONE","seed_source_timestamp":262434324734027,"circlet_count":0,"master_deck":["AscendersBane","Defend_B","Defend_B+1","Defend_B+1","Defend_B+1","Zap+1","Dualcast","Streamline+1","Beam Cell+1","Hologram+1","Genetic Algorithm","Self Repair+1","Reinforced Body+1","Skim+1","Cold Snap","FTL+1","Buffer+1","Compile Driver","Gash+1","Echo Form","Undo+1","Panache","Self Repair+1"],"relics":["Cracked Core","NeowsBlessing","Incense Burner","Bag of Marbles","Pantograph","Emotion Chip","Whetstone","Coffee Dripper","Ice Cream","DataDisk","Red Mask","Runic Pyramid","Thread and Needle","Old Coin","Smiling Mask","Regal Pillow","ClockworkSouvenir","Bag of Preparation","Strawberry","Centennial Puzzle"],"potions_floor_usage":[10,16,31,33,39,55,55],"damage_taken":[{"damage":0,"enemies":"Small Slimes","floor":1,"turns":1},{"damage":0,"enemies":"Jaw Worm","floor":2,"turns":1},{"damage":0,"enemies":"Cultist","floor":4,"turns":1},{"damage":3,"enemies":"3 Louse","floor":7,"turns":2},{"damage":24,"enemies":"3 Sentries","floor":10,"turns":6},{"damage":10,"enemies":"Lagavulin","floor":14,"turns":4},{"damage":35,"enemies":"Hexaghost","floor":16,"turns":8},{"damage":7,"enemies":"Chosen","floor":18,"turns":3},{"damage":14,"enemies":"2 Thieves","floor":20,"turns":4},{"damage":14,"enemies":"Snake Plant","floor":21,"turns":3},{"damage":17,"enemies":"Book of Stabbing","floor":23,"turns":4},{"damage":11,"enemies":"Snecko","floor":29,"turns":4},{"damage":16,"enemies":"Masked Bandits","floor":31,"turns":5},{"damage":29,"enemies":"Champ","floor":33,"turns":10},{"damage":3,"enemies":"Orb Walker","floor":35,"turns":3},{"damage":0,"enemies":"Mind Bloom Boss Battle","floor":36,"turns":6},{"damage":0,"enemies":"3 Shapes","floor":38,"turns":4},{"damage":15,"enemies":"Writhing Mass","floor":39,"turns":6},{"damage":10,"enemies":"Nemesis","floor":40,"turns":7},{"damage":0,"enemies":"Spire Growth","floor":42,"turns":5},{"damage":55,"enemies":"Transient","floor":46,"turns":5},{"damage":0,"enemies":"Giant Head","floor":48,"turns":10},{"damage":21,"enemies":"Donu and Deca","floor":50,"turns":13},{"damage":50,"enemies":"Shield and Spear","floor":54,"turns":11},{"damage":98,"enemies":"The Heart","floor":55,"turns":12}],"seed_played":"-4668726469868896279","potions_obtained":[{"floor":7,"key":"FocusPotion"},{"floor":14,"key":"Block Potion"},{"floor":18,"key":"Strength Potion"},{"floor":21,"key":"Strength Potion"},{"floor":36,"key":"Weak Potion"},{"floor":38,"key":"FocusPotion"},{"floor":46,"key":"EssenceOfSteel"}],"is_trial":false,"path_per_floor":["M","M","?","M","T","R","M","?","T","E","R","$","R","E","R","B",null,"M","?","M","M","$","E","R","$","T","$","R","M","?","?","R","B",null,"M","?","?","M","M","E","?","M","T","?","R","M","R","E","R","B",null,"R","$","E","B"],"character_chosen":"DEFECT","items_purchased":["DataDisk","ClockworkSouvenir","Bag of Preparation","Strawberry"],"campfire_rested":0,"item_purchase_floors":[25,53,53,53],"current_hp_per_floor":[68,68,65,65,65,65,62,62,62,38,38,38,38,35,35,32,64,64,85,78,71,71,61,61,61,61,61,61,60,60,54,54,60,79,85,85,85,85,80,80,80,85,85,85,85,40,40,80,80,84,85,85,92,72,0],"gold":547,"neow_bonus":"THREE_ENEMY_KILL","is_prod":false,"is_daily":false,"chose_seed":false,"campfire_upgraded":10,"win_rate":0,"timestamp":1544340533,"path_taken":["M","M","?","M","?","R","?","?","T","E","R","?","R","E","R","BOSS","M","?","?","M","$","E","R","?","T","$","R","M","?","?","R","BOSS","M","?","?","M","M","E","?","M","T","?","R","M","R","E","R","BOSS","R","$","E","BOSS"],"build_version":"2018-12-06","purchased_purges":4,"victory":false,"max_hp_per_floor":[75,75,75,75,75,75,75,75,75,75,75,75,75,75,75,75,75,75,85,85,85,85,85,85,85,85,85,85,85,85,85,85,85,85,85,85,85,85,85,85,85,85,85,85,85,85,85,85,85,85,85,85,92,92,92],"card_choices":[{"not_picked":["Steam","Rebound"],"picked":"Streamline","floor":1},{"not_picked":["Sweeping Beam","Loop"],"picked":"Beam Cell","floor":2},{"not_picked":["Doom and Gloom","Steam Power"],"picked":"Hologram","floor":4},{"not_picked":["Self Repair","White Noise"],"picked":"Genetic Algorithm","floor":7},{"not_picked":["Leap","Cold Snap"],"picked":"Self Repair","floor":10},{"not_picked":["Rebound","Reprogram","Fusion"],"picked":"SKIP","floor":14},{"not_picked":["Creative AI","Amplify"],"picked":"Fission","floor":16},{"not_picked":["Leap","Beam Cell"],"picked":"Reinforced Body+1","floor":18},{"not_picked":["Redo+1","Recycle+1"],"picked":"Skim+1","floor":20},{"not_picked":["Rip and Tear+1","Capacitor"],"picked":"Cold Snap","floor":21},{"not_picked":["Consume+1","Lockon"],"picked":"FTL+1","floor":23},{"not_picked":["Genetic Algorithm+1","Rip and Tear+1","Barrage"],"picked":"SKIP","floor":29},{"not_picked":["Reboot","Hyperbeam"],"picked":"Buffer","floor":33},{"not_picked":["Barrage","Gash+1"],"picked":"Compile Driver","floor":35},{"not_picked":["Hologram+1","Stack"],"picked":"Gash+1","floor":36},{"not_picked":["Ball Lightning+1","Sweeping Beam"],"picked":"Echo Form","floor":38},{"not_picked":["Steam","Sweeping Beam","Turbo+1"],"picked":"SKIP","floor":39},{"not_picked":["Beam Cell","Storm+1"],"picked":"Undo","floor":40},{"not_picked":["Bandage Up","Impatience"],"picked":"Panache","floor":41},{"not_picked":["Skim+1","Streamline","Blizzard"],"picked":"SKIP","floor":42},{"not_picked":["Redo+1","Rebound"],"picked":"Self Repair+1","floor":46},{"not_picked":["Steam","Coolheaded+1","Conserve Battery"],"picked":"SKIP","floor":48},{"not_picked":["Ball Lightning","Genetic Algorithm","Hello World+1"],"picked":"SKIP","floor":54}],"player_experience":879981,"relics_obtained":[{"floor":5,"key":"Bag of Marbles"},{"floor":9,"key":"Pantograph"},{"floor":10,"key":"Emotion Chip"},{"floor":14,"key":"Whetstone"},{"floor":23,"key":"Ice Cream"},{"floor":31,"key":"Red Mask"},{"floor":36,"key":"Thread and Needle"},{"floor":40,"key":"Old Coin"},{"floor":43,"key":"Smiling Mask"},{"floor":48,"key":"Regal Pillow"},{"floor":54,"key":"Centennial Puzzle"}],"event_choices":[{"damage_healed":0,"gold_gain":0,"player_choice":"Success","damage_taken":3,"relics_obtained":["Incense Burner"],"max_hp_gain":0,"max_hp_loss":0,"event_name":"Scrap Ooze","floor":3,"gold_loss":0},{"damage_healed":0,"gold_gain":0,"player_choice":"Left Gold","damage_taken":0,"max_hp_gain":0,"max_hp_loss":0,"event_name":"World of Goop","floor":8,"gold_loss":26},{"cards_removed":["Fission"],"damage_healed":11,"gold_gain":0,"player_choice":"Offered Rare","damage_taken":0,"max_hp_gain":10,"max_hp_loss":0,"event_name":"Bonfire Elementals","floor":19,"gold_loss":0},{"damage_healed":0,"gold_gain":99,"player_choice":"Stole From Cult","damage_taken":0,"max_hp_gain":0,"max_hp_loss":0,"event_name":"Nest","floor":30,"gold_loss":0},{"damage_healed":0,"gold_gain":0,"player_choice":"Fought Bandits","damage_taken":0,"max_hp_gain":0,"max_hp_loss":0,"event_name":"Masked Bandits","floor":31,"gold_loss":0},{"damage_healed":0,"gold_gain":0,"player_choice":"Fight","damage_taken":0,"max_hp_gain":0,"max_hp_loss":0,"event_name":"MindBloom","floor":36,"gold_loss":0},{"damage_healed":0,"gold_gain":222,"player_choice":"Wore Mask","damage_taken":0,"max_hp_gain":0,"max_hp_loss":0,"event_name":"Tomb of Lord Red Mask","floor":37,"gold_loss":0},{"damage_healed":0,"gold_gain":0,"player_choice":"Memory 1","damage_taken":0,"max_hp_gain":0,"max_hp_loss":0,"event_name":"SensoryStone","floor":41,"gold_loss":0},{"damage_healed":0,"gold_gain":0,"player_choice":"0 cards matched","damage_taken":0,"max_hp_gain":0,"max_hp_loss":0,"event_name":"Match and Keep!","floor":44,"gold_loss":0,"cards_obtained":[]}],"is_beta":true,"boss_relics":[{"not_picked":["Cursed Key","Empty Cage"],"picked":"Coffee Dripper"},{"not_picked":["Fusion Hammer","Runic Dome"],"picked":"Runic Pyramid"}],"items_purged_floors":[12,22,27,53],"is_endless":false,"potions_floor_spawned":[7,14,18,21,36,38,46,48],"killed_by":"The Heart","ascension_level":11}