{"gold_per_floor":[419,434,32,32,43,68,68,80,80,80,114,114,129,143,143,215,215,233,233,100,116,128,161,161,187,187,112,112,27,27,53,53,125,125,144,144,160,172,13,13,45,45,45,45,70,90,90,60,60,60,60,60,0,0],"floor_reached":54,"playtime":2966,"items_purged":["Shame"],"score":1313,"play_id":"6090d44b-72d3-4414-aae7-b99f2a2aa5ee","local_time":"20190304161636","is_ascension_mode":true,"campfire_choices":[{"floor":7.0,"key":"REST"},{"data":"Zap","floor":10.0,"key":"SMITH"},{"floor":15.0,"key":"REST"},{"floor":24.0,"key":"REST"},{"floor":32.0,"key":"REST"},{"floor":40.0,"key":"REST"},{"data":"Defragment","floor":42.0,"key":"SMITH"},{"floor":47,"key":"REST"},{"floor":49,"key":"RECALL"},{"data":"Capacitor","floor":52,"key":"SMITH"}],"neow_cost":"CURSE","seed_source_timestamp":853276991923537,"circlet_count":0,"master_deck":["AscendersBane","Strike_B","Defend_B","Defend_B","Defend_B","Defend_B","Zap+1","Dualcast","Cold Snap","Coolheaded","Recycle","Go for the Eyes","Reboot","Ball Lightning","Ball Lightning","Coolheaded+1","Consume+1","Multi-Cast+1","Hologram+1","Defragment+1","Creative AI","Redo+1","Dark Shackles+1","Capacitor+1","Decay","Fusion+1","Fission+1","Coolheaded+1","Redo+1","Gash+1","Blizzard","Core Surge","Recycle+1","Clumsy","Fission+1","Leap+1","Leap+1"],"special_seed":0,"relics":["Cracked Core","Old Coin","OrangePellets","Incense Burner","Toxic Egg 2","Busted Crown","DataDisk","Juzu Bracelet","Question Card","Dodecahedron","The Courier","Bottled Tornado","Cursed Key","Emotion Chip","Pear","Pantograph"],"potions_floor_usage":[46,50,54,54],"damage_taken":[{"damage":8.0,"enemies":"Small Slimes","floor":1.0,"turns":3.0},{"damage":10.0,"enemies":"2 Louse","floor":2.0,"turns":3.0},{"damage":6.0,"enemies":"Jaw Worm","floor":5.0,"turns":4.0},{"damage":23.0,"enemies":"Gremlin Nob","floor":6.0,"turns":5.0},{"damage":4.0,"enemies":"3 Louse","floor":8.0,"turns":4.0},{"damage":19.0,"enemies":"Lagavulin","floor":11.0,"turns":7.0},{"damage":0.0,"enemies":"Large Slime","floor":13.0,"turns":3.0},{"damage":6.0,"enemies":"Looter","floor":14.0,"turns":2.0},{"damage":26.0,"enemies":"Hexaghost","floor":16.0,"turns":10.0},{"damage":2.0,"enemies":"Shell Parasite","floor":18.0,"turns":5.0},{"damage":0.0,"enemies":"Chosen","floor":21.0,"turns":3.0},{"damage":1.0,"enemies":"Snake Plant","floor":22.0,"turns":5.0},{"damage":39.0,"enemies":"Slavers","floor":23.0,"turns":9.0},{"damage":3.0,"enemies":"Book of Stabbing","floor":25.0,"turns":7.0},{"damage":16.0,"enemies":"Slavers","floor":31.0,"turns":7.0},{"damage":26.0,"enemies":"Automaton","floor":33.0,"turns":12.0},{"damage":28.0,"enemies":"3 Shapes","floor":35.0,"turns":5.0},{"damage":12.0,"enemies":"Orb Walker","floor":37.0,"turns":5.0},{"damage":6.0,"enemies":"Transient","floor":38.0,"turns":5.0},{"damage":2.0,"enemies":"Nemesis","floor":41.0,"turns":9.0},{"damage":18.0,"enemies":"Giant Head","floor":45.0,"turns":13.0},{"damage":9,"enemies":"4 Shapes","floor":46,"turns":8},{"damage":46,"enemies":"Time Eater","floor":50,"turns":20},{"damage":61,"enemies":"Shield and Spear","floor":54,"turns":2}],"seed_played":"5236076018266086656","potions_obtained":[{"floor":5.0,"key":"Block Potion"},{"floor":11.0,"key":"Ancient Potion"},{"floor":14.0,"key":"EssenceOfSteel"},{"floor":25.0,"key":"FocusPotion"},{"floor":35.0,"key":"Block Potion"},{"floor":41.0,"key":"SkillPotion"},{"floor":45.0,"key":"SkillPotion"},{"floor":48,"key":"FairyPotion"},{"floor":48,"key":"EntropicBrew"}],"is_trial":false,"path_per_floor":["M","M","$","?","M","E","R","M","T","R","E","?","M","M","R","B",null,"M","?","$","M","M","E","R","E","T","?","?","?","T","E","R","B",null,"M","?","M","M","$","R","E","R","T","?","E","M","R","?","R","B",null,"R","$","E"],"character_chosen":"DEFECT","items_purchased":["OrangePellets","Recycle","Go for the Eyes","Redo+1","Dark Shackles+1","Blizzard","Core Surge","Dexterity Potion","Leap+1"],"campfire_rested":6,"item_purchase_floors":[3,3,3,20,20,39,39,53,53],"current_hp_per_floor":[56,46,46,46,40,17,38,34,34,34,15,15,15,9,30,4,54,52,52,52,52,51,12,33,30,30,30,30,30,30,14,35,9,56,28,28,16,10,10,31,29,29,39,39,21,12,35,35,35,14,61,61,61,0],"gold":0,"neow_bonus":"ONE_RARE_RELIC","is_prod":false,"is_daily":false,"chose_seed":false,"campfire_upgraded":3,"win_rate":0,"timestamp":1551734196,"path_taken":["M","M","$","?","M","E","R","M","T","R","E","?","M","M","R","BOSS","M","?","$","M","M","E","R","E","T","?","?","?","?","E","R","BOSS","M","?","M","M","$","R","E","R","T","?","E","M","R","?","R","BOSS","R","$","E"],"build_version":"2019-02-06","purchased_purges":1,"victory":false,"max_hp_per_floor":[71,71,71,71,71,71,71,71,71,71,71,71,71,71,71,71,71,71,71,71,71,71,71,71,71,71,71,71,71,71,71,71,71,71,71,71,71,71,71,71,71,71,81,77,77,77,77,77,77,77,77,77,77,77],"card_choices":[{"not_picked":["Beam Cell","Hologram"],"picked":"Cold Snap","floor":1.0},{"not_picked":["Redo","Multi-Cast"],"picked":"Coolheaded","floor":2.0},{"not_picked":["Steam","Gash","Stack"],"picked":"SKIP","floor":5.0},{"not_picked":["Ball Lightning","Leap"],"picked":"Reboot","floor":6.0},{"not_picked":["Coolheaded","Compile Driver"],"picked":"Ball Lightning","floor":8.0},{"not_picked":["Steam","Darkness"],"picked":"Ball Lightning","floor":11.0},{"not_picked":["Ball Lightning","Recycle+1"],"picked":"Coolheaded+1","floor":13.0},{"not_picked":["Machine Learning","Sweeping Beam"],"picked":"Consume+1","floor":14.0},{"not_picked":["Creative AI","Meteor Strike"],"picked":"Multi-Cast+1","floor":16.0},{"not_picked":[],"picked":"Hologram+1","floor":18.0},{"not_picked":["Go for the Eyes"],"picked":"SKIP","floor":21.0},{"not_picked":[],"picked":"Capacitor","floor":22.0},{"not_picked":["All For One"],"picked":"SKIP","floor":23.0},{"not_picked":[],"picked":"Conserve Battery+1","floor":25.0},{"not_picked":["Hologram+1"],"picked":"Fusion+1","floor":31.0},{"not_picked":["Seek+1"],"picked":"Fission+1","floor":33.0},{"not_picked":["Turbo+1"],"picked":"Coolheaded+1","floor":35.0},{"not_picked":["Compile Driver"],"picked":"Redo+1","floor":37.0},{"not_picked":["Rebound","Gash+1"],"picked":"SKIP","floor":38.0},{"not_picked":["Rebound"],"picked":"Gash+1","floor":38.0},{"not_picked":["Conserve Battery+1"],"picked":"Recycle+1","floor":41.0},{"not_picked":["Ball Lightning"],"picked":"Fission+1","floor":45.0},{"not_picked":["Rebound+1"],"picked":"Leap+1","floor":46}],"player_experience":759103,"relics_obtained":[{"floor":6.0,"key":"Incense Burner"},{"floor":11.0,"key":"Toxic Egg 2"},{"floor":23.0,"key":"DataDisk"},{"floor":25.0,"key":"Juzu Bracelet"},{"floor":26.0,"key":"Question Card"},{"floor":30.0,"key":"The Courier"},{"floor":31.0,"key":"Bottled Tornado"},{"floor":41.0,"key":"Emotion Chip"},{"floor":43.0,"key":"Pear"},{"floor":45.0,"key":"Pantograph"}],"event_choices":[{"damage_healed":0.0,"max_hp_gain":0.0,"max_hp_loss":0.0,"gold_gain":0.0,"event_name":"Liars Game","player_choice":"Ignored","floor":4.0,"gold_loss":0.0,"damage_taken":0.0},{"damage_healed":0.0,"max_hp_gain":0.0,"max_hp_loss":0.0,"gold_gain":0.0,"event_name":"Scrap Ooze","player_choice":"Fled","floor":12.0,"gold_loss":0.0,"damage_taken":0.0},{"damage_healed":0.0,"max_hp_gain":0.0,"max_hp_loss":0.0,"gold_gain":0.0,"cards_transformed":["Strike_B","Strike_B"],"event_name":"Drug Dealer","player_choice":"Became Test Subject","floor":19.0,"gold_loss":0.0,"damage_taken":0.0,"cards_obtained":["Defragment","Creative AI"]},{"cards_removed":["Strike_B"],"damage_healed":0.0,"max_hp_gain":0.0,"max_hp_loss":0.0,"gold_gain":0.0,"event_name":"Beggar","player_choice":"Gave Gold","floor":27.0,"gold_loss":75.0,"damage_taken":0.0},{"damage_healed":0.0,"max_hp_gain":0.0,"max_hp_loss":0.0,"gold_gain":0.0,"event_name":"Forgotten Altar","player_choice":"Smashed Altar","floor":28.0,"gold_loss":0.0,"damage_taken":0.0,"cards_obtained":["Decay"]},{"damage_healed":0.0,"max_hp_gain":0.0,"max_hp_loss":0.0,"gold_gain":0.0,"event_name":"Addict","player_choice":"Obtained Relic","floor":29.0,"gold_loss":85.0,"damage_taken":0.0,"relics_obtained":["Dodecahedron"]},{"cards_removed":["Conserve Battery"],"damage_healed":0.0,"max_hp_gain":0.0,"max_hp_loss":0.0,"gold_gain":0.0,"event_name":"Falling","player_choice":"Removed Skill","floor":36.0,"gold_loss":0.0,"damage_taken":0.0},{"damage_healed":0.0,"max_hp_gain":0.0,"max_hp_loss":4.0,"gold_gain":0.0,"event_name":"Winding Halls","player_choice":"Max HP","floor":44.0,"gold_loss":0.0,"damage_taken":0.0},{"damage_healed":0,"gold_gain":0,"player_choice":"Bought 2 Potions","damage_taken":0,"max_hp_gain":0,"max_hp_loss":0,"event_name":"The Woman in Blue","floor":48,"gold_loss":0}],"is_beta":true,"boss_relics":[{"not_picked":["Runic Dome","Lizard Tail"],"picked":"Busted Crown"},{"not_picked":["Philosopher\u0027s Stone","Velvet Choker"],"picked":"Cursed Key"}],"items_purged_floors":[3],"is_endless":false,"potions_floor_spawned":[5,11,14,16,21,25,35,41,45],"killed_by":"Shield and Spear","ascension_level":15}