{"gold_per_floor":[114,214,224,224,174,205,205,205,229,149,149,164,164,179,179,276,276,291,291,391,406,28,28,63,78,105,105,124,137,153,153],"floor_reached":31,"playtime":854,"items_purged":["Strike_G"],"score":320,"play_id":"5ad32e42-652f-4c91-aecf-a8b2a918c647","local_time":"20190421133826","is_ascension_mode":true,"campfire_choices":[{"floor":11,"key":"REST"},{"floor":15,"key":"RECALL"},{"floor":23,"key":"REST"},{"floor":27,"key":"REST"}],"neow_cost":"NONE","seed_source_timestamp":159505941370643,"circlet_count":0,"master_deck":["Defend_G","Defend_G","Defend_G","Defend_G","Strike_G","Strike_G","Strike_G","Strike_G","Survivor","Neutralize+1","Accuracy","Accuracy","Infinite Blades+1","Blade Dance","After Image","Blade Dance","Accuracy","Escape Plan","Deflect"],"relics":["Fusion Hammer","Bag of Marbles","Art of War","Black Star","Matryoshka","Prayer Wheel","Lantern","Happy Flower","Pen Nib","Vajra"],"potions_floor_usage":[6,16,16,24],"damage_taken":[{"damage":0,"enemies":"Small Slimes","floor":1,"turns":5},{"damage":4,"enemies":"Cultist","floor":3,"turns":5},{"damage":11,"enemies":"Gremlin Nob","floor":6,"turns":5},{"damage":3,"enemies":"Jaw Worm","floor":12,"turns":3},{"damage":3,"enemies":"2 Fungi Beasts","floor":14,"turns":3},{"damage":0,"enemies":"Slime Boss","floor":16,"turns":6},{"damage":5,"enemies":"3 Byrds","floor":18,"turns":5},{"damage":20,"enemies":"2 Thieves","floor":21,"turns":4},{"damage":28,"enemies":"Gremlin Leader","floor":24,"turns":8},{"damage":23,"enemies":"3 Cultists","floor":25,"turns":6},{"damage":22,"enemies":"Snake Plant","floor":28,"turns":4},{"damage":3,"enemies":"Centurion and Healer","floor":29,"turns":5},{"damage":8,"enemies":"3 Cultists","floor":30,"turns":5},{"damage":9,"enemies":"Chosen and Byrds","floor":31,"turns":4}],"seed_played":"-4846800081923933015","potions_obtained":[{"floor":1,"key":"PowerPotion"},{"floor":6,"key":"Strength Potion"},{"floor":12,"key":"Poison Potion"},{"floor":14,"key":"SkillPotion"},{"floor":28,"key":"SteroidPotion"},{"floor":30,"key":"LiquidBronze"}],"is_trial":false,"path_per_floor":["M","?","M","?","?","E","?","T","T","$","R","M","?","M","R","B",null,"M","T","?","M","$","R","E","M","T","R","M","M","M","M"],"character_chosen":"THE_SILENT","items_purchased":["Accuracy","Prayer Wheel"],"campfire_rested":3,"item_purchase_floors":[10,22],"current_hp_per_floor":[70,70,66,66,66,55,55,55,55,55,70,67,67,64,64,64,70,65,65,65,45,45,66,38,15,15,36,14,11,3,0],"gold":153,"neow_bonus":"BOSS_RELIC","is_prod":false,"is_daily":false,"chose_seed":false,"campfire_upgraded":0,"win_rate":0,"timestamp":1555868306,"path_taken":["M","?","?","?","?","E","?","?","T","$","R","M","?","?","R","BOSS","M","?","?","M","$","R","E","M","T","R","?","M","M","M"],"build_version":"2019-01-23","purchased_purges":1,"victory":false,"max_hp_per_floor":[70,70,70,70,70,70,70,70,70,70,70,70,70,70,70,70,70,70,70,70,70,70,70,70,70,70,70,70,70,70,70],"card_choices":[{"not_picked":["Backflip","Flying Knee","Sucker Punch"],"picked":"SKIP","floor":1},{"not_picked":["Masterful Stab","Flying Knee"],"picked":"Accuracy","floor":3},{"not_picked":["Deflect","Backflip","Glass Knife"],"picked":"SKIP","floor":6},{"not_picked":["Prepared","Dodge and Roll"],"picked":"Infinite Blades","floor":12},{"not_picked":["Bane","Dagger Spray"],"picked":"Blade Dance","floor":14},{"not_picked":["Venomology","Unload"],"picked":"After Image","floor":16},{"not_picked":["Deadly Poison","Heel Hook"],"picked":"Blade Dance","floor":18},{"not_picked":["Blade Dance","Dagger Spray"],"picked":"Accuracy","floor":21},{"not_picked":["Flying Knee","Heel Hook+1","Endless Agony"],"picked":"SKIP","floor":24},{"not_picked":["Catalyst+1","Venomology"],"picked":"Escape Plan","floor":25},{"not_picked":["Backflip","Acrobatics","Flying Knee"],"picked":"SKIP","floor":25},{"not_picked":["Poisoned Stab","PiercingWail","All Out Attack"],"picked":"SKIP","floor":28},{"not_picked":["Tactician","Poisoned Stab","Glass Knife"],"picked":"SKIP","floor":28},{"not_picked":["Deadly Poison","Bouncing Flask"],"picked":"Deflect","floor":29},{"not_picked":["Dagger Spray+1","Underhanded Strike","Prepared"],"picked":"SKIP","floor":29},{"not_picked":["Crippling Poison","Blur","Flechettes+1"],"picked":"SKIP","floor":30},{"not_picked":["Deflect","Bane","Leg Sweep"],"picked":"SKIP","floor":30}],"player_experience":189260,"relics_obtained":[{"floor":6,"key":"Bag of Marbles"},{"floor":9,"key":"Art of War"},{"floor":19,"key":"Matryoshka"},{"floor":24,"key":"Lantern"},{"floor":24,"key":"Happy Flower"},{"floor":26,"key":"Pen Nib"},{"floor":26,"key":"Vajra"}],"event_choices":[{"damage_healed":0,"gold_gain":100,"player_choice":"Pray","damage_taken":0,"max_hp_gain":0,"max_hp_loss":0,"event_name":"Golden Shrine","floor":2,"gold_loss":0},{"damage_healed":0,"gold_gain":0,"player_choice":"Grow","damage_taken":0,"max_hp_gain":0,"max_hp_loss":0,"event_name":"Living Wall","floor":4,"gold_loss":0,"cards_upgraded":["Neutralize"]},{"cards_removed":["Defend_G"],"damage_healed":0,"gold_gain":0,"player_choice":"Card Removal","damage_taken":0,"max_hp_gain":0,"max_hp_loss":0,"event_name":"The Cleric","floor":5,"gold_loss":50},{"damage_healed":0,"gold_gain":0,"player_choice":"Ignored","damage_taken":0,"max_hp_gain":0,"max_hp_loss":0,"event_name":"Liars Game","floor":7,"gold_loss":0},{"damage_healed":0,"gold_gain":0,"player_choice":"Forge","damage_taken":0,"max_hp_gain":0,"max_hp_loss":0,"event_name":"Accursed Blacksmith","floor":13,"gold_loss":0,"cards_upgraded":["Infinite Blades"]},{"damage_healed":0,"gold_gain":100,"player_choice":"Pray","damage_taken":0,"max_hp_gain":0,"max_hp_loss":0,"event_name":"Golden Shrine","floor":20,"gold_loss":0}],"is_beta":false,"boss_relics":[{"not_picked":["Runic Pyramid","Velvet Choker"],"picked":"Black Star"}],"items_purged_floors":[22],"is_endless":false,"potions_floor_spawned":[1,6,12,14,28,30],"killed_by":"Chosen and Byrds","ascension_level":1}