{"path_per_floor":["M","?","$","$","M","R","M","M","T","?","M","E","$","T","R","B",null,"M","?","$","M","$","R","E","R","T","M","?","?","E","M","R","B",null,"M","?","M","$","M","R","E","$","T","M","E","M","M","M","R","B"],"character_chosen":"DEFECT","items_purchased":["White Noise","Leap","Bandage Up","Capacitor","Self Repair","Finesse","Fire Potion"],"gold_per_floor":[119,194,194,7,26,26,41,61,61,61,78,105,60,136,136,238,238,238,238,238,238,0,0,0,0,0,0,0,0,0,0,0,0,0,0,0,0,0,0,0,0,0,0,0,0,0,0,0,0,0],"floor_reached":51,"campfire_rested":1,"playtime":2126,"current_hp_per_floor":[74,63,63,63,67,67,74,55,55,55,53,39,39,39,39,75,75,47,47,47,54,54,54,50,50,50,61,47,47,41,42,66,61,80,80,80,72,72,71,71,78,78,78,80,87,87,87,87,87,66],"items_purged":["Strike_B"],"gold":0,"score":963,"play_id":"93d2cc0b-ea38-4b91-943f-b4d5660b33c3","local_time":"20180429232550","is_prod":false,"is_daily":false,"chose_seed":false,"is_ascension_mode":true,"campfire_upgraded":6,"timestamp":1525015550,"path_taken":["M","?","?","$","M","R","M","M","T","?","?","E","?","?","R","BOSS","M","?","?","?","$","R","E","R","T","M","?","?","E","M","R","BOSS","M","?","M","?","M","R","E","$","T","M","E","M","M","M","R","BOSS"],"build_version":"2018-04-27v3","seed_source_timestamp":382935868717924,"purchased_purges":1,"victory":true,"master_deck":["Strike_B","Strike_B","Strike_B","Defend_B","Defend_B","Defend_B","Defend_B","Zap+1","Dualcast","Buffer","White Noise+1","Leap","Bandage Up","Coolheaded","Leap","Defragment+1","Storm","Doom and Gloom","White Noise+1","Capacitor","Glacier","Prime","Coolheaded+1","Self Repair","Finesse","Chill+1","Storm","Static Discharge+1","Seek","Coolheaded+1","Echo Form+1","White Noise+1","Rainbow+1","Undo","Force Field","Impulse+1","Force Field+1","Go for the Eyes"],"max_hp_per_floor":[75,75,75,75,75,75,75,75,75,75,75,75,75,75,75,75,75,75,75,75,75,75,75,75,75,75,75,80,80,80,80,80,80,80,80,80,80,80,80,80,80,80,80,80,87,87,87,87,87,87],"relics":["Cracked Core","Prayer Wheel","Mercury Hourglass","Pantograph","Smiling Mask","Ectoplasm","Unceasing Top","Dead Branch","Frozen Egg 2","Sozu","Red Mask","Ice Cream","Blood Vial","Strawberry"],"card_choices":[{"not_picked":["Heatsinks","Capacitor"],"picked":"Buffer","floor":1},{"not_picked":["Leap","Stack"],"picked":"Coolheaded","floor":5},{"not_picked":["Loop","Rebound"],"picked":"Leap","floor":7},{"not_picked":["Beam Cell","Impulse"],"picked":"Defragment","floor":8},{"not_picked":["Stack","Leap"],"picked":"Storm","floor":9},{"not_picked":["Rebound","Barrage"],"picked":"Doom and Gloom","floor":11},{"not_picked":["All For One","Stack"],"picked":"White Noise","floor":12},{"not_picked":["Storm","Force Field"],"picked":"Glacier","floor":14},{"not_picked":["Multi-Cast","Machine Learning"],"picked":"Prime","floor":16},{"not_picked":["Skim","Barrage"],"picked":"Coolheaded","floor":18},{"not_picked":["Melter","Rip and Tear"],"picked":"Chill","floor":24},{"not_picked":["Skim","Leap"],"picked":"Storm","floor":26},{"not_picked":["Rip and Tear","Stack"],"picked":"Static Discharge","floor":27},{"not_picked":["Go for the Eyes","Turbo"],"picked":"Seek","floor":30},{"not_picked":["Cold Snap","Beam Cell"],"picked":"Coolheaded","floor":31},{"not_picked":["Rainbow","Machine Learning"],"picked":"Echo Form","floor":33},{"not_picked":["Auto Shields","Stack"],"picked":"White Noise","floor":35},{"not_picked":["Self Repair","Capacitor"],"picked":"Rainbow","floor":41},{"not_picked":["Sweeping Beam","FTL"],"picked":"Undo","floor":43},{"not_picked":["Self Repair","Hello World"],"picked":"Force Field","floor":44},{"not_picked":["Flux Capacitor","Melter"],"picked":"Impulse","floor":45},{"not_picked":["Axe Kick","Rebound"],"picked":"Force Field","floor":46},{"not_picked":["Tempest","Recycle"],"picked":"Go for the Eyes","floor":48}],"player_experience":922025,"potions_floor_usage":[24,37,50,50],"damage_taken":[{"damage":1,"enemies":"Cultist","floor":1,"turns":3},{"damage":0,"enemies":"2 Louse","floor":5,"turns":2},{"damage":4,"enemies":"Small Slimes","floor":7,"turns":4},{"damage":23,"enemies":"Exordium Thugs","floor":8,"turns":8},{"damage":6,"enemies":"3 Louse","floor":11,"turns":2},{"damage":18,"enemies":"3 Sentries","floor":12,"turns":4},{"damage":0,"enemies":"Slime Boss","floor":16,"turns":7},{"damage":35,"enemies":"3 Byrds","floor":18,"turns":5},{"damage":0,"enemies":"Spheric Guardian","floor":21,"turns":4},{"damage":30,"enemies":"Book of Stabbing","floor":24,"turns":8},{"damage":0,"enemies":"Snecko","floor":27,"turns":5},{"damage":17,"enemies":"Slavers","floor":30,"turns":3},{"damage":6,"enemies":"3 Cultists","floor":31,"turns":2},{"damage":30,"enemies":"Champ","floor":33,"turns":5},{"damage":0,"enemies":"3 Shapes","floor":35,"turns":3},{"damage":15,"enemies":"Orb Walker","floor":37,"turns":4},{"damage":12,"enemies":"Sphere and 2 Shapes","floor":39,"turns":3},{"damage":4,"enemies":"2 Orb Walkers","floor":41,"turns":4},{"damage":0,"enemies":"3 Darklings","floor":44,"turns":3},{"damage":0,"enemies":"Nemesis","floor":45,"turns":3},{"damage":0,"enemies":"4 Shapes","floor":46,"turns":4},{"damage":0,"enemies":"Sphere and 2 Shapes","floor":47,"turns":3},{"damage":0,"enemies":"Spire Growth","floor":48,"turns":4},{"damage":32,"enemies":"Time Eater","floor":50,"turns":7}],"event_choices":[{"event_name":"World of Goop","player_choice":"Gather Gold","floor":2,"damage_taken":0},{"event_name":"The Lab","player_choice":"Got Potions","floor":10,"damage_taken":0},{"event_name":"The Woman in Blue","player_choice":"Bought 0 Potions","floor":19,"damage_taken":0},{"event_name":"Forgotten Altar","player_choice":"Shed Blood","floor":28,"damage_taken":0},{"event_name":"Drug Dealer","player_choice":"Ignored","floor":29,"damage_taken":0},{"event_name":"Tomb of Lord Red Mask","player_choice":"Paid","floor":36,"damage_taken":0}],"boss_relics":[{"not_picked":["Velvet Choker","Pandora\u0027s Box"],"picked":"Ectoplasm"},{"not_picked":["Astrolabe","Snecko Eye"],"picked":"Sozu"}],"potions_floor_spawned":[1,7,12,24,27,33,35,37,47,48],"seed_played":"-8808732814991618701","ascension_level":3,"is_trial":false}