{"gold_per_floor":[367,442,91,105,105,138,156,166,166,194,206,206,233,233,233,233],"floor_reached":16,"playtime":1187,"items_purged":["Strike_R"],"score":132,"play_id":"8b6c1a55-1d15-4833-a253-52d017c9c5a8","local_time":"20190406224444","is_ascension_mode":true,"campfire_choices":[{"floor":12,"key":"REST"},{"data":"True Grit","floor":15,"key":"SMITH"}],"neow_cost":"TEN_PERCENT_HP_LOSS","seed_source_timestamp":351402253630000,"circlet_count":0,"master_deck":["Strike_R","Strike_R","Strike_R","Strike_R","Defend_R","Defend_R","Defend_R","Defend_R","Bash","Uppercut","Corruption","True Grit+1","Wild Strike+1","Blood for Blood+1","Flame Barrier","Exhume","Havoc"],"relics":["Burning Blood","Strange Spoon","Molten Egg 2","Charon\u0027s Ashes","PreservedInsect","Mercury Hourglass"],"potions_floor_usage":[6,11,16,16,16,16],"damage_taken":[{"damage":10,"enemies":"Cultist","floor":1,"turns":5},{"damage":4,"enemies":"Small Slimes","floor":4,"turns":4},{"damage":20,"enemies":"Gremlin Nob","floor":6,"turns":4},{"damage":2,"enemies":"Jaw Worm","floor":7,"turns":3},{"damage":13,"enemies":"Large Slime","floor":8,"turns":5},{"damage":17,"enemies":"Lagavulin","floor":10,"turns":7},{"damage":8,"enemies":"Gremlin Gang","floor":11,"turns":5},{"damage":10,"enemies":"Gremlin Nob","floor":13,"turns":3},{"damage":43,"enemies":"The Guardian","floor":16,"turns":7}],"seed_played":"2922268090691136369","potions_obtained":[{"floor":1,"key":"Poison Potion"},{"floor":4,"key":"Dexterity Potion"},{"floor":8,"key":"SpeedPotion"},{"floor":11,"key":"EntropicBrew"}],"is_trial":false,"path_per_floor":["M","?","$","M","?","E","M","M","T","E","M","R","E","?","R","B"],"character_chosen":"IRONCLAD","items_purchased":["Strange Spoon","Corruption"],"campfire_rested":1,"item_purchase_floors":[3,3],"current_hp_per_floor":[68,57,57,59,41,27,31,24,24,13,11,32,28,33,33,0],"gold":233,"neow_bonus":"TWO_FIFTY_GOLD","is_prod":false,"is_daily":false,"chose_seed":false,"campfire_upgraded":1,"win_rate":0,"timestamp":1554605084,"path_taken":["M","?","$","M","?","E","M","M","T","E","M","R","E","?","R","BOSS"],"build_version":"2019-01-23","purchased_purges":1,"victory":false,"max_hp_per_floor":[72,72,72,72,72,72,72,72,72,72,72,72,72,77,77,77],"card_choices":[{"not_picked":["Havoc","Body Slam"],"picked":"Uppercut","floor":1},{"not_picked":["Shockwave","Body Slam"],"picked":"True Grit","floor":4},{"not_picked":["Twin Strike+1","Entrench"],"picked":"Wild Strike+1","floor":6},{"not_picked":["Warcry","Body Slam+1","Thunderclap+1"],"picked":"SKIP","floor":7},{"not_picked":["Twin Strike+1","Shrug It Off"],"picked":"Blood for Blood+1","floor":8},{"not_picked":["Cleave+1","Sword Boomerang+1"],"picked":"Flame Barrier","floor":10},{"not_picked":["Clash+1","Shrug It Off"],"picked":"Exhume","floor":11},{"not_picked":["Sword Boomerang+1","Shrug It Off"],"picked":"Havoc","floor":13}],"player_experience":122516,"relics_obtained":[{"floor":6,"key":"Charon\u0027s Ashes"},{"floor":10,"key":"PreservedInsect"},{"floor":13,"key":"Mercury Hourglass"}],"event_choices":[{"damage_healed":0,"gold_gain":75,"player_choice":"Gather Gold","damage_taken":11,"max_hp_gain":0,"max_hp_loss":0,"event_name":"World of Goop","floor":2,"gold_loss":0},{"damage_healed":0,"gold_gain":0,"player_choice":"Success","damage_taken":18,"relics_obtained":["Molten Egg 2"],"max_hp_gain":0,"max_hp_loss":0,"event_name":"Scrap Ooze","floor":5,"gold_loss":0},{"damage_healed":0,"gold_gain":0,"player_choice":"Donut","damage_taken":0,"max_hp_gain":5,"max_hp_loss":0,"event_name":"Big Fish","floor":14,"gold_loss":0}],"is_beta":false,"boss_relics":[],"items_purged_floors":[3],"is_endless":false,"potions_floor_spawned":[1,4,8,11],"killed_by":"The Guardian","ascension_level":2}