{"gold_per_floor":[118,68,78,28,28,57,57,57,83,102,152,183,183,31,31,132,132,149,34,47,65,79,79,109,124,124,124],"floor_reached":27,"playtime":1465,"items_purged":["Strike_R"],"score":426,"play_id":"d6572621-bbcf-4e0a-82a6-9eeef801b9ef","local_time":"20190420231745","is_ascension_mode":true,"campfire_choices":[{"data":"Bash","floor":8,"key":"SMITH"},{"data":"Demon Form","floor":13,"key":"SMITH"},{"data":"Spot Weakness","floor":15,"key":"SMITH"},{"floor":23,"key":"REST"}],"neow_cost":"NONE","seed_source_timestamp":699183148279100,"circlet_count":0,"master_deck":["AscendersBane","Strike_R","Strike_R","Strike_R","Defend_R","Defend_R","Defend_R+1","Defend_R+1","Bash+1","Shrug It Off","Shrug It Off","Armaments+1","Feel No Pain","Demon Form+1","Spot Weakness+1","Demon Form","Whirlwind"],"relics":["Burning Blood","NeowsBlessing","Bag of Preparation","Pantograph","Art of War","Vajra","Orichalcum","Anchor","Runic Dome","Red Skull","War Paint"],"potions_floor_usage":[10,18,22,24,24,27],"damage_taken":[{"damage":0,"enemies":"2 Louse","floor":1,"turns":1},{"damage":0,"enemies":"Jaw Worm","floor":3,"turns":1},{"damage":0,"enemies":"Gremlin Nob","floor":6,"turns":1},{"damage":0,"enemies":"Cultist","floor":10,"turns":3},{"damage":47,"enemies":"3 Sentries","floor":12,"turns":9},{"damage":25,"enemies":"Slime Boss","floor":16,"turns":9},{"damage":12,"enemies":"3 Byrds","floor":18,"turns":8},{"damage":24,"enemies":"Spheric Guardian","floor":20,"turns":7},{"damage":35,"enemies":"Centurion and Healer","floor":21,"turns":7},{"damage":17,"enemies":"Cultist and Chosen","floor":22,"turns":10},{"damage":24,"enemies":"Gremlin Leader","floor":24,"turns":5},{"damage":7,"enemies":"3 Cultists","floor":25,"turns":4},{"damage":13,"enemies":"Slavers","floor":27,"turns":4}],"seed_played":"686058995572881467","potions_obtained":[{"floor":3,"key":"SkillPotion"},{"floor":6,"key":"Dexterity Potion"},{"floor":16,"key":"Fire Potion"},{"floor":21,"key":"SkillPotion"},{"floor":22,"key":"Block Potion"},{"floor":25,"key":"FearPotion"}],"is_trial":false,"path_per_floor":["M","?","M","$","?","E","T","R","T","M","T","E","R","$","R","B",null,"M","$","M","M","M","R","E","M","T","E"],"character_chosen":"IRONCLAD","items_purchased":["Armaments","Anchor","Whirlwind"],"campfire_rested":1,"item_purchase_floors":[4,14,19],"current_hp_per_floor":[78,78,80,80,80,80,80,80,80,80,80,39,39,39,39,45,71,65,65,47,18,7,31,13,12,12,0],"gold":124,"neow_bonus":"THREE_ENEMY_KILL","is_prod":false,"is_daily":false,"chose_seed":false,"campfire_upgraded":3,"win_rate":0,"timestamp":1555795065,"path_taken":["M","?","M","$","?","E","?","R","T","M","?","E","R","$","R","BOSS","M","$","M","M","M","R","E","M","T","E"],"build_version":"2019-01-23","purchased_purges":1,"victory":false,"max_hp_per_floor":[80,80,80,80,80,80,80,80,80,80,80,80,80,80,80,80,80,80,80,80,80,80,80,80,80,80,80],"card_choices":[{"not_picked":["Armaments","Sword Boomerang"],"picked":"Shrug It Off","floor":1},{"not_picked":["Thunderclap","Pommel Strike"],"picked":"Shrug It Off","floor":3},{"not_picked":["Warcry","Perfected Strike"],"picked":"Feel No Pain","floor":6},{"not_picked":["Anger","True Grit"],"picked":"Demon Form","floor":10},{"not_picked":["True Grit","Thunderclap"],"picked":"Spot Weakness","floor":12},{"not_picked":["Brutality","Immolate"],"picked":"Demon Form","floor":16},{"not_picked":["Iron Wave+1","Sword Boomerang","Cleave"],"picked":"SKIP","floor":18},{"not_picked":["Combust","Twin Strike","Iron Wave+1"],"picked":"SKIP","floor":20},{"not_picked":["Clash","Perfected Strike","Clothesline+1"],"picked":"SKIP","floor":21},{"not_picked":["Iron Wave","Body Slam","Whirlwind"],"picked":"SKIP","floor":22},{"not_picked":["Thunderclap","Blood for Blood","Wild Strike"],"picked":"SKIP","floor":24},{"not_picked":["Entrench","Corruption","Perfected Strike"],"picked":"SKIP","floor":25}],"player_experience":237561,"relics_obtained":[{"floor":6,"key":"Bag of Preparation"},{"floor":7,"key":"Pantograph"},{"floor":9,"key":"Art of War"},{"floor":11,"key":"Vajra"},{"floor":12,"key":"Orichalcum"},{"floor":24,"key":"Red Skull"},{"floor":26,"key":"War Paint"}],"event_choices":[{"cards_removed":["Strike_R"],"damage_healed":0,"gold_gain":0,"player_choice":"Card Removal","damage_taken":0,"max_hp_gain":0,"max_hp_loss":0,"event_name":"The Cleric","floor":2,"gold_loss":50},{"damage_healed":0,"gold_gain":0,"player_choice":"Grow","damage_taken":0,"max_hp_gain":0,"max_hp_loss":0,"event_name":"Living Wall","floor":5,"gold_loss":0,"cards_upgraded":["Armaments"]}],"is_beta":false,"boss_relics":[{"not_picked":["Orrery","Lizard Tail"],"picked":"Runic Dome"}],"items_purged_floors":[19],"is_endless":false,"potions_floor_spawned":[3,6,16,21,22,25],"killed_by":"Slavers","ascension_level":12}