{"gold_per_floor":[114,114,189,201,2,17,77,77,77,77,77,96,119,138,138,234,234,253,253,276,22,43,43,43],"floor_reached":24,"playtime":942,"items_purged":["Strike_R"],"score":329,"play_id":"f2e13aab-6fcb-4e6b-8f0c-947e7558c457","local_time":"20190421184910","is_ascension_mode":true,"campfire_choices":[{"floor":11,"key":"REST"},{"data":"Flame Barrier","floor":15,"key":"SMITH"},{"data":"Apotheosis","floor":23,"key":"SMITH"}],"neow_cost":"NONE","seed_source_timestamp":769992833943300,"circlet_count":0,"master_deck":["AscendersBane","Strike_R","Strike_R","Strike_R","Strike_R","Defend_R","Defend_R","Defend_R","Defend_R","Bash+1","Spot Weakness","Pommel Strike","Whirlwind","Inflame","Flame Barrier+1","Feed","Heavy Blade","Apotheosis+1"],"relics":["Burning Blood","NeowsBlessing","Medical Kit","Gremlin Horn","Golden Idol","Matryoshka","Vajra","Busted Crown"],"potions_floor_usage":[7,16,16,20,24],"damage_taken":[{"damage":0,"enemies":"Jaw Worm","floor":1,"turns":1},{"damage":0,"enemies":"2 Louse","floor":4,"turns":1},{"damage":0,"enemies":"Small Slimes","floor":6,"turns":1},{"damage":30,"enemies":"3 Sentries","floor":7,"turns":4},{"damage":12,"enemies":"Looter","floor":12,"turns":3},{"damage":6,"enemies":"2 Fungi Beasts","floor":13,"turns":3},{"damage":0,"enemies":"3 Louse","floor":14,"turns":1},{"damage":29,"enemies":"Slime Boss","floor":16,"turns":8},{"damage":25,"enemies":"Shell Parasite","floor":18,"turns":4},{"damage":6,"enemies":"Spheric Guardian","floor":20,"turns":3},{"damage":24,"enemies":"Snake Plant","floor":22,"turns":4},{"damage":30,"enemies":"Shelled Parasite and Fungi","floor":24,"turns":2}],"seed_played":"7654859545809185782","potions_obtained":[{"floor":4,"key":"AttackPotion"},{"floor":6,"key":"FearPotion"},{"floor":14,"key":"SneckoOil"},{"floor":18,"key":"Energy Potion"},{"floor":19,"key":"Strength Potion"},{"floor":20,"key":"Poison Potion"}],"is_trial":false,"path_per_floor":["M","?","?","M","$","M","?","?","T","?","R","M","M","M","R","B",null,"M","?","M","$","M","R","M"],"character_chosen":"IRONCLAD","items_purchased":["Medical Kit","Apotheosis"],"campfire_rested":1,"item_purchase_floors":[5,21],"current_hp_per_floor":[74,74,63,69,69,75,51,25,25,20,42,36,36,42,42,19,61,42,42,42,42,24,24,0],"gold":43,"neow_bonus":"THREE_ENEMY_KILL","is_prod":false,"is_daily":false,"chose_seed":false,"campfire_upgraded":2,"win_rate":0,"timestamp":1555865350,"path_taken":["M","?","?","M","$","?","?","?","T","?","R","M","M","M","R","BOSS","M","?","M","$","?","R","M"],"build_version":"2019-01-23","purchased_purges":1,"victory":false,"max_hp_per_floor":[75,75,75,75,75,75,75,75,75,75,75,75,75,75,75,75,75,75,75,75,75,75,75,75],"card_choices":[{"not_picked":["Flex","Warcry"],"picked":"Spot Weakness","floor":1},{"not_picked":["Corruption","Clash"],"picked":"Pommel Strike","floor":4},{"not_picked":["Perfected Strike","Headbutt"],"picked":"Whirlwind","floor":6},{"not_picked":["Power Through","Headbutt"],"picked":"Inflame","floor":7},{"not_picked":["Thunderclap","Flex","Clash"],"picked":"SKIP","floor":12},{"not_picked":["Inflame","Fire Breathing"],"picked":"Flame Barrier","floor":13},{"not_picked":["Second Wind","Twin Strike","Warcry"],"picked":"SKIP","floor":14},{"not_picked":["Dark Embrace","Juggernaut"],"picked":"Feed","floor":16},{"not_picked":["Evolve"],"picked":"SKIP","floor":18},{"not_picked":[],"picked":"Heavy Blade","floor":20},{"not_picked":["Twin Strike"],"picked":"SKIP","floor":22}],"player_experience":262633,"relics_obtained":[{"floor":9,"key":"Matryoshka"}],"event_choices":[{"damage_healed":0,"gold_gain":0,"player_choice":"Grow","damage_taken":0,"max_hp_gain":0,"max_hp_loss":0,"event_name":"Living Wall","floor":2,"gold_loss":0,"cards_upgraded":["Bash"]},{"damage_healed":0,"gold_gain":75,"player_choice":"Gather Gold","damage_taken":11,"max_hp_gain":0,"max_hp_loss":0,"event_name":"World of Goop","floor":3,"gold_loss":0},{"damage_healed":0,"gold_gain":30,"player_choice":"Searched \u00273\u0027 times","damage_taken":0,"relics_obtained":["Gremlin Horn"],"max_hp_gain":0,"max_hp_loss":0,"event_name":"Dead Adventurer","floor":7,"gold_loss":0},{"damage_healed":0,"gold_gain":0,"player_choice":"Take Damage","damage_taken":26,"relics_obtained":["Golden Idol"],"max_hp_gain":0,"max_hp_loss":0,"event_name":"Golden Idol","floor":8,"gold_loss":0},{"damage_healed":0,"gold_gain":0,"player_choice":"Success","damage_taken":5,"relics_obtained":["Vajra"],"max_hp_gain":0,"max_hp_loss":0,"event_name":"Scrap Ooze","floor":10,"gold_loss":0},{"damage_healed":0,"gold_gain":0,"player_choice":"Got Potions","damage_taken":0,"max_hp_gain":0,"max_hp_loss":0,"event_name":"Lab","floor":19,"gold_loss":0}],"is_beta":false,"boss_relics":[{"not_picked":["Orrery","Runic Dome"],"picked":"Busted Crown"}],"items_purged_floors":[21],"is_endless":false,"potions_floor_spawned":[4,6,14,18,20],"killed_by":"Shelled Parasite and Fungi","ascension_level":15}