{"path_per_floor":["M","M","$","?","M","R","E","?","T","M","$","M","M","M","R","B",null,"M","M","?","M","M","R","E","$","T","E","R","?","?","M","R","B",null,"M","?","M","$","M","E","M","E","T","M","M","E","R","M","R","B"],"character_chosen":"DEFECT","items_purchased":["Defragment","Go for the Eyes","Axe Kick","FTL","Reprogram","Shuriken"],"gold_per_floor":[116,129,28,28,42,42,76,26,26,41,15,26,36,56,56,157,187,203,218,218,231,244,244,275,89,89,115,115,115,115,132,132,233,233,246,246,266,13,29,59,79,114,137,150,165,196,196,206,206,206],"floor_reached":51,"campfire_rested":2,"playtime":2329,"current_hp_per_floor":[73,63,63,56,56,56,53,53,53,53,53,50,47,47,47,47,78,87,87,87,79,63,63,73,73,73,82,82,82,82,82,82,82,93,84,84,84,84,79,86,86,48,48,48,48,45,93,71,111,111],"items_purged":["Impulse"],"gold":206,"score":1511,"play_id":"01a53e2b-6ace-4b4a-b713-f23c1583cdfe","local_time":"20180506162711","is_prod":false,"is_daily":false,"chose_seed":false,"is_ascension_mode":true,"campfire_upgraded":5,"timestamp":1525595231,"path_taken":["M","M","$","?","M","R","E","?","T","M","?","M","M","M","R","BOSS","M","M","?","M","?","R","E","$","T","E","R","?","?","M","R","BOSS","M","?","M","$","M","E","M","E","T","M","M","E","R","M","R","BOSS"],"build_version":"2018-05-03","seed_source_timestamp":0,"purchased_purges":1,"victory":true,"master_deck":["Strike_B","Defend_B","Defend_B","Defend_B","Defend_B","Zap","Dualcast","Cold Snap","Defragment+1","Go for the Eyes","Glacier","Capacitor","Turbo+1","Axe Kick","Gash+1","Gash+1","All For One","Streamline+1","Beam Cell","Beam Cell+1","FTL","Reprogram","Seek","Scrape","FTL+1","Double Energy+1","Gash","Beam Cell+1","FTL+1"],"max_hp_per_floor":[82,82,82,82,82,82,82,82,82,82,82,82,82,82,82,82,87,87,87,87,87,87,87,97,97,97,97,97,97,97,97,97,97,97,97,97,97,97,97,111,111,111,111,111,111,111,111,111,111,111],"relics":["Cracked Core","Thread and Needle","Unceasing Top","Tiny House","Pear","Prayer Wheel","Omamori","Philosopher\u0027s Stone","Shuriken","Mango","Ice Cream","Regal Pillow","The Courier"],"card_choices":[{"not_picked":["Hologram","Skim"],"picked":"Cold Snap","floor":1.0},{"not_picked":["Sweeping Beam","Force Field"],"picked":"Impulse","floor":2.0},{"not_picked":["Sunder","Coolheaded"],"picked":"Glacier","floor":5.0},{"not_picked":["Ball Lightning","Stack"],"picked":"Capacitor","floor":7.0},{"not_picked":["Creative AI","Rip and Tear"],"picked":"Turbo","floor":10.0},{"not_picked":["Stack","Streamline"],"picked":"Gash","floor":12.0},{"not_picked":["Ball Lightning","Steam Power"],"picked":"Gash","floor":13.0},{"not_picked":["Echo Form","Nova"],"picked":"All For One","floor":16.0},{"not_picked":["Ball Lightning","Static Discharge"],"picked":"Streamline","floor":17.0},{"not_picked":["Impulse","Axe Kick"],"picked":"Beam Cell","floor":19.0},{"not_picked":["Leap","Double Energy"],"picked":"Beam Cell","floor":21.0},{"not_picked":["Nova","Reboot"],"picked":"Seek","floor":33.0},{"not_picked":["Auto Shields","Static Discharge"],"picked":"Scrape","floor":35.0},{"not_picked":["Rebound","Cold Snap"],"picked":"FTL","floor":37.0},{"not_picked":["Impulse","Sweeping Beam"],"picked":"Double Energy","floor":41.0},{"not_picked":["Streamline","Doom and Gloom"],"picked":"Gash","floor":42.0},{"not_picked":["Sweeping Beam","Turbo"],"picked":"Beam Cell","floor":43.0},{"not_picked":["Tempest","Capacitor"],"picked":"FTL","floor":44.0}],"player_experience":958200,"potions_floor_usage":[50,50],"damage_taken":[{"damage":2.0,"enemies":"Jaw Worm","floor":1.0,"turns":3.0},{"damage":10.0,"enemies":"Small Slimes","floor":2.0,"turns":3.0},{"damage":0.0,"enemies":"Cultist","floor":5.0,"turns":3.0},{"damage":3.0,"enemies":"Lagavulin","floor":7.0,"turns":7.0},{"damage":0.0,"enemies":"Large Slime","floor":10.0,"turns":6.0},{"damage":3.0,"enemies":"3 Louse","floor":12.0,"turns":5.0},{"damage":3.0,"enemies":"Blue Slaver","floor":13.0,"turns":3.0},{"damage":0.0,"enemies":"Exordium Wildlife","floor":14.0,"turns":3.0},{"damage":0.0,"enemies":"Hexaghost","floor":16.0,"turns":10.0},{"damage":0.0,"enemies":"Shell Parasite","floor":18.0,"turns":5.0},{"damage":0.0,"enemies":"3 Byrds","floor":19.0,"turns":4.0},{"damage":8.0,"enemies":"Cultist and Chosen","floor":21.0,"turns":7.0},{"damage":16.0,"enemies":"Chosen and Byrds","floor":22.0,"turns":4.0},{"damage":0.0,"enemies":"Book of Stabbing","floor":24.0,"turns":6.0},{"damage":0.0,"enemies":"Slavers","floor":27.0,"turns":4.0},{"damage":0.0,"enemies":"Snake Plant","floor":31.0,"turns":3.0},{"damage":0.0,"enemies":"Champ","floor":33.0,"turns":9.0},{"damage":9.0,"enemies":"3 Shapes","floor":35.0,"turns":9.0},{"damage":0.0,"enemies":"Flame Bruiser 1 Orb","floor":37.0,"turns":3.0},{"damage":5.0,"enemies":"4 Shapes","floor":39.0,"turns":12.0},{"damage":7.0,"enemies":"2 Orb Walkers","floor":40.0,"turns":3.0},{"damage":0.0,"enemies":"Sphere and 2 Shapes","floor":41.0,"turns":7.0},{"damage":38.0,"enemies":"Nemesis","floor":42.0,"turns":7.0},{"damage":0.0,"enemies":"Maw","floor":44.0,"turns":4.0},{"damage":0.0,"enemies":"Flame Bruiser 2 Orb","floor":45.0,"turns":2.0},{"damage":3.0,"enemies":"Giant Head","floor":46.0,"turns":3.0},{"damage":22.0,"enemies":"4 Shapes","floor":48.0,"turns":6.0},{"damage":0,"enemies":"Donu and Deca","floor":50,"turns":3}],"event_choices":[{"event_name":"Golden Wing","player_choice":"Card Removal","floor":4.0,"damage_taken":0.0},{"event_name":"The Cleric","player_choice":"Card Removal","floor":8.0,"damage_taken":0.0},{"event_name":"Vampires","player_choice":"Ignored","floor":20.0,"damage_taken":0.0},{"event_name":"Accursed Blacksmith","player_choice":"Ignore","floor":29.0,"damage_taken":0.0},{"event_name":"The Mausoleum","player_choice":"No","floor":30.0,"damage_taken":0.0}],"boss_relics":[],"potions_floor_spawned":[10,12,14,16,19,22,24,27,35,39,42,44,46],"seed_played":"-4240707687172281556","ascension_level":8,"is_trial":false}