{"gold_per_floor":[114,114,129,3,3,3,29,41,64,92,103,103,103,121,121,194,194,209,224,236,29,29,29,29,44,44,44,62,42,60,60],"floor_reached":31,"playtime":1363,"items_purged":[],"score":432,"play_id":"6477b490-56c7-4c7c-926d-cc80ed9d87f4","local_time":"20190331022608","is_ascension_mode":true,"campfire_choices":[{"data":"Neutralize","floor":6.0,"key":"SMITH"},{"data":"Catalyst","floor":12.0,"key":"SMITH"},{"data":"Bouncing Flask","floor":15.0,"key":"SMITH"},{"floor":24.0,"key":"REST"}],"neow_cost":"NONE","seed_source_timestamp":3134844446680687,"circlet_count":0,"master_deck":["AscendersBane","Defend_G","Defend_G","Defend_G","Defend_G","Defend_G","Strike_G","Survivor","Neutralize+1","Choke","Catalyst+1","Infinite Blades","Dagger Throw","Deadly Poison","Blur","Bouncing Flask+1","Acrobatics","Corpse Explosion","Blur+1","Backflip+1","Infinite Blades+1","Concentrate+1","Prepared","Acrobatics","Flechettes+1","Bane","PiercingWail","Night Terror"],"special_seed":0,"relics":["Runic Pyramid","Strawberry","Vajra","Boot","Astrolabe","MealTicket","Ancient Tea Set"],"potions_floor_usage":[31,31],"damage_taken":[{"damage":0.0,"enemies":"Small Slimes","floor":1.0,"turns":4.0},{"damage":2.0,"enemies":"2 Louse","floor":3.0,"turns":3.0},{"damage":9.0,"enemies":"Gremlin Nob","floor":7.0,"turns":4.0},{"damage":0.0,"enemies":"Jaw Worm","floor":8.0,"turns":4.0},{"damage":4.0,"enemies":"3 Sentries","floor":10.0,"turns":8.0},{"damage":13.0,"enemies":"Large Slime","floor":11.0,"turns":6.0},{"damage":1.0,"enemies":"3 Louse","floor":14.0,"turns":4.0},{"damage":10.0,"enemies":"Slime Boss","floor":16.0,"turns":6.0},{"damage":1.0,"enemies":"Shell Parasite","floor":18.0,"turns":5.0},{"damage":0.0,"enemies":"Spheric Guardian","floor":19.0,"turns":3.0},{"damage":28.0,"enemies":"Centurion and Healer","floor":20.0,"turns":7.0},{"damage":15.0,"enemies":"Colosseum Slavers","floor":22.0,"turns":4.0},{"damage":25.0,"enemies":"Sentry and Sphere","floor":25.0,"turns":7.0},{"damage":14.0,"enemies":"Snake Plant","floor":28.0,"turns":4.0},{"damage":9.0,"enemies":"Centurion and Healer","floor":30.0,"turns":5.0},{"damage":14,"enemies":"Snecko","floor":31,"turns":3}],"seed_played":"3960865354785572910","potions_obtained":[{"floor":7.0,"key":"Swift Potion"},{"floor":8.0,"key":"SteroidPotion"},{"floor":11.0,"key":"FearPotion"},{"floor":16.0,"key":"SteroidPotion"},{"floor":20.0,"key":"Weak Potion"},{"floor":25.0,"key":"Strength Potion"},{"floor":29.0,"key":"SpeedPotion"},{"floor":30.0,"key":"Fire Potion"}],"is_trial":false,"path_per_floor":["M","?","M","$","?","R","E","M","T","E","M","R","?","M","R","B",null,"M","M","M","$","?","$","R","M","T","?","M","?","M","M"],"character_chosen":"THE_SILENT","items_purchased":["Infinite Blades","SteroidPotion","MealTicket"],"campfire_rested":1,"item_purchase_floors":[4,4,21],"current_hp_per_floor":[59,59,57,57,57,57,55,55,55,51,38,38,38,37,37,27,62,61,61,33,33,18,33,54,29,29,29,15,15,6,0],"gold":60,"neow_bonus":"BOSS_RELIC","is_prod":false,"is_daily":false,"chose_seed":false,"campfire_upgraded":3,"win_rate":0,"timestamp":1554013568,"path_taken":["M","?","M","$","?","R","E","M","T","E","M","R","?","?","R","BOSS","M","M","M","$","?","$","R","M","T","?","?","?","M","?"],"build_version":"2019-03-15","purchased_purges":0,"victory":false,"max_hp_per_floor":[66,66,66,66,66,66,73,73,73,73,73,73,73,73,73,73,73,73,73,73,73,73,73,73,73,73,73,73,73,73,73],"card_choices":[{"not_picked":["Underhanded Strike","Escape Plan"],"picked":"Choke","floor":1.0},{"not_picked":["Outmaneuver","All Out Attack"],"picked":"Catalyst","floor":3.0},{"not_picked":["Skewer","Heel Hook"],"picked":"Dagger Throw","floor":7.0},{"not_picked":["Prepared","Riddle With Holes"],"picked":"Deadly Poison","floor":8.0},{"not_picked":["Unload","Sucker Punch"],"picked":"Blur","floor":10.0},{"not_picked":["Setup","Poisoned Stab"],"picked":"Bouncing Flask","floor":11.0},{"not_picked":["Sucker Punch","Dagger Throw"],"picked":"Acrobatics","floor":14.0},{"not_picked":["Die Die Die","Bullet Time"],"picked":"Corpse Explosion","floor":16.0},{"not_picked":["Riddle With Holes","Bane"],"picked":"Concentrate+1","floor":18.0},{"not_picked":["Bouncing Flask","Blade Dance+1"],"picked":"Prepared","floor":19.0},{"not_picked":["Slice","Dodge and Roll"],"picked":"Acrobatics","floor":20.0},{"not_picked":["Outmaneuver","PiercingWail"],"picked":"Flechettes+1","floor":25.0},{"not_picked":["Finisher+1","Deflect"],"picked":"PiercingWail","floor":28.0},{"not_picked":["Cloak And Dagger","Infinite Blades"],"picked":"Night Terror","floor":30.0}],"player_experience":870907,"relics_obtained":[{"floor":7.0,"key":"Strawberry"},{"floor":9.0,"key":"Vajra"},{"floor":10.0,"key":"Boot"},{"floor":26.0,"key":"Ancient Tea Set"}],"event_choices":[{"damage_healed":0.0,"max_hp_gain":0.0,"max_hp_loss":0.0,"gold_gain":0.0,"event_name":"The Cleric","player_choice":"Leave","floor":2.0,"gold_loss":0.0,"damage_taken":0.0},{"damage_healed":0.0,"max_hp_gain":0.0,"max_hp_loss":0.0,"gold_gain":0.0,"event_name":"Liars Game","player_choice":"Ignored","floor":5.0,"gold_loss":0.0,"damage_taken":0.0},{"damage_healed":0.0,"max_hp_gain":0.0,"max_hp_loss":0.0,"gold_gain":0.0,"event_name":"Shining Light","player_choice":"Ignored","floor":13.0,"gold_loss":0.0,"damage_taken":0.0},{"damage_healed":0.0,"max_hp_gain":0.0,"max_hp_loss":0.0,"gold_gain":0.0,"event_name":"Colosseum","player_choice":"Fight","floor":22.0,"gold_loss":0.0,"damage_taken":0.0},{"damage_healed":0.0,"max_hp_gain":0.0,"max_hp_loss":0.0,"gold_gain":0.0,"event_name":"Colosseum","player_choice":"Fled From Nobs","floor":22.0,"gold_loss":0.0,"damage_taken":0.0},{"damage_healed":0.0,"max_hp_gain":0.0,"max_hp_loss":0.0,"gold_gain":0.0,"cards_transformed":["Strike_G"],"event_name":"Transmorgrifier","player_choice":"Transformed","floor":27.0,"gold_loss":0.0,"damage_taken":0.0,"cards_obtained":["Bane"]},{"damage_healed":0.0,"max_hp_gain":0.0,"max_hp_loss":0.0,"gold_gain":0.0,"event_name":"The Woman in Blue","player_choice":"Bought 1 Potion","floor":29.0,"gold_loss":0.0,"damage_taken":0.0}],"is_beta":true,"boss_relics":[{"not_picked":["Coffee Dripper","Black Star"],"picked":"Astrolabe"}],"items_purged_floors":[],"is_endless":false,"potions_floor_spawned":[7,8,11,16,20,25,30],"killed_by":"Snecko","ascension_level":15}