{"gold_per_floor":[115,115,65,85,85,121,121,145,170,201,222,18,38,61,61,191,191,210,210,125,140,163,163],"floor_reached":23,"playtime":1385,"items_purged":[],"score":305,"play_id":"a8313081-4685-466f-bd17-5e6dbdc62aa9","local_time":"20190415074736","daily_mods":["Diverse"],"is_ascension_mode":true,"campfire_choices":[{"floor":7.0,"key":"REST"},{"data":"Caltrops","floor":15,"key":"SMITH"}],"neow_cost":"","seed_source_timestamp":0,"circlet_count":0,"master_deck":["AscendersBane","Defend_B","Defend_B","Defend_B","Defend_B","Zap","Dualcast+1","Capacitor","Sucker Punch","Coolheaded","Caltrops+1","Self Repair","Adrenaline","Iron Wave+1","Sucker Punch+1","Backflip+1","Escape Plan","Dodge and Roll"],"special_seed":0,"relics":["Cracked Core","Golden Idol","Dream Catcher","Centennial Puzzle","Potion Belt","Oddly Smooth Stone","Astrolabe","The Courier"],"potions_floor_usage":[11,13,16,16,21,23],"damage_taken":[{"damage":0.0,"enemies":"2 Louse","floor":1.0,"turns":2.0},{"damage":7.0,"enemies":"Jaw Worm","floor":4.0,"turns":4.0},{"damage":33.0,"enemies":"Lagavulin","floor":6.0,"turns":9.0},{"damage":0.0,"enemies":"Cultist","floor":8.0,"turns":3.0},{"damage":18.0,"enemies":"Gremlin Nob","floor":10.0,"turns":3.0},{"damage":9,"enemies":"Gremlin Gang","floor":11,"turns":6},{"damage":2,"enemies":"Looter","floor":13,"turns":4},{"damage":8,"enemies":"2 Fungi Beasts","floor":14,"turns":3},{"damage":5,"enemies":"Hexaghost","floor":16,"turns":9},{"damage":6,"enemies":"3 Byrds","floor":18,"turns":4},{"damage":2,"enemies":"Spheric Guardian","floor":21,"turns":5},{"damage":3,"enemies":"Chosen and Byrds","floor":22,"turns":7},{"damage":77,"enemies":"Slavers","floor":23,"turns":5}],"seed_played":"3528585916097099208","potions_obtained":[{"floor":6.0,"key":"Strength Potion"},{"floor":8.0,"key":"FearPotion"},{"floor":10.0,"key":"PowerPotion"},{"floor":13,"key":"PowerPotion"},{"floor":14,"key":"Dexterity Potion"},{"floor":16,"key":"Energy Potion"},{"floor":22,"key":"SteroidPotion"}],"is_trial":true,"path_per_floor":["?","?","?","M","$","M","?","?"],"character_chosen":"DEFECT","items_purchased":["Oddly Smooth Stone","Weak Potion"],"campfire_rested":1,"item_purchase_floors":[12,12],"current_hp_per_floor":[68,53,53,46,46,13,33,33,33,15,13,13,18,17,17,19,57,58,58,58,63,67,0],"gold":163,"neow_bonus":"","is_prod":false,"is_daily":false,"chose_seed":false,"campfire_upgraded":1,"win_rate":0,"timestamp":1555332456,"path_taken":["M","?","?","M","?","E","R","M","T","E","?","?","?","M","R","BOSS","M","?","?","M","M","E"],"build_version":"2019-01-23","purchased_purges":0,"victory":false,"max_hp_per_floor":[75,75,75,75,69,69,69,69,69,69,69,69,69,69,69,69,69,69,69,69,69,69,69],"card_choices":[{"not_picked":["Deflect","Doom and Gloom"],"picked":"Capacitor","floor":1.0},{"not_picked":["Flechettes","Entrench"],"picked":"Sucker Punch","floor":4.0},{"not_picked":["Compile Driver","Sword Boomerang"],"picked":"Coolheaded","floor":6.0},{"not_picked":["Scrape","Fusion"],"picked":"Caltrops","floor":7.0},{"not_picked":["Rebound","Hologram","Bullet Time"],"picked":"SKIP","floor":8.0},{"not_picked":["Havoc","Turbo"],"picked":"Self Repair","floor":10.0},{"not_picked":["Armaments","Sweeping Beam","Quick Slash"],"picked":"SKIP","floor":11},{"not_picked":["Dagger Spray","Hologram","Blade Dance"],"picked":"SKIP","floor":13},{"not_picked":["Acrobatics","Beam Cell","Self Repair"],"picked":"SKIP","floor":14},{"not_picked":["Biased Cognition","Unload"],"picked":"Adrenaline","floor":16},{"not_picked":["Streamline+1","Accuracy","Clothesline"],"picked":"SKIP","floor":18},{"not_picked":["Endless Agony","Flechettes","PiercingWail"],"picked":"SKIP","floor":21},{"not_picked":["Coolheaded","Wild Strike"],"picked":"Dodge and Roll","floor":22}],"player_experience":429294,"relics_obtained":[{"floor":6.0,"key":"Dream Catcher"},{"floor":9.0,"key":"Centennial Puzzle"},{"floor":10.0,"key":"Potion Belt"}],"event_choices":[{"damage_healed":0.0,"max_hp_gain":0.0,"max_hp_loss":0.0,"gold_gain":0.0,"event_name":"Shining Light","player_choice":"Entered Light","floor":2.0,"gold_loss":0.0,"damage_taken":15.0,"cards_upgraded":["Strike_B","Dualcast"]},{"cards_removed":["Strike_B"],"damage_healed":0.0,"max_hp_gain":0.0,"max_hp_loss":0.0,"gold_gain":0.0,"event_name":"The Cleric","player_choice":"Card Removal","floor":3.0,"gold_loss":50.0,"damage_taken":0.0},{"damage_healed":0.0,"max_hp_gain":0.0,"max_hp_loss":6.0,"gold_gain":0.0,"event_name":"Golden Idol","player_choice":"Lose Max HP","floor":5.0,"gold_loss":0.0,"damage_taken":0.0,"relics_obtained":["Golden Idol"]},{"damage_healed":0,"gold_gain":0,"player_choice":"Read","damage_taken":0,"max_hp_gain":0,"max_hp_loss":0,"event_name":"The Library","floor":19,"gold_loss":0,"cards_obtained":["Escape Plan"]},{"damage_healed":0,"gold_gain":0,"player_choice":"Obtained Relic","damage_taken":0,"relics_obtained":["The Courier"],"max_hp_gain":0,"max_hp_loss":0,"event_name":"Addict","floor":20,"gold_loss":85}],"is_beta":false,"boss_relics":[{"not_picked":["Eternal Feather","Velvet Choker"],"picked":"Astrolabe"}],"items_purged_floors":[],"is_endless":false,"potions_floor_spawned":[6,8,10,13,14,16,22],"killed_by":"Slavers","ascension_level":10}