{"gold_per_floor":[116,96,116,135,135,135,154,183,209,209,235,61,89,89,89,164,164,178,192,192,192,192],"floor_reached":22,"playtime":853,"items_purged":[],"score":357,"play_id":"40c5c272-c4a7-40bb-8b82-6256f1a10be2","local_time":"20190322182401","is_ascension_mode":true,"campfire_choices":[{"data":"Chill","floor":6.0,"key":"SMITH"},{"data":"Zap","floor":10.0,"key":"SMITH"},{"floor":15.0,"key":"REST"}],"neow_cost":"NONE","seed_source_timestamp":2415283519045530,"circlet_count":0,"master_deck":["AscendersBane","Strike_B","Strike_B","Strike_B","Strike_B","Defend_B","Defend_B","Defend_B","Defend_B","Zap+1","Dualcast","Go for the Eyes","Fusion+1","Chill+1","Compile Driver","Electrodynamics","Loop","Capacitor","Dark Shackles","Cold Snap","Meteor Strike","Decay","Writhe","Doubt","Blizzard+1","Beam Cell+1"],"special_seed":0,"relics":["Cracked Core","NeowsBlessing","Bag of Marbles","Happy Flower","Oddly Smooth Stone","Art of War","Calling Bell","Dream Catcher","Molten Egg 2","Mango"],"potions_floor_usage":[21,22],"damage_taken":[{"damage":0.0,"enemies":"Small Slimes","floor":1.0,"turns":1.0},{"damage":0.0,"enemies":"Cultist","floor":3.0,"turns":1.0},{"damage":0.0,"enemies":"2 Louse","floor":4.0,"turns":1.0},{"damage":0.0,"enemies":"Lots of Slimes","floor":7.0,"turns":6.0},{"damage":15.0,"enemies":"Lagavulin","floor":8.0,"turns":7.0},{"damage":10.0,"enemies":"3 Sentries","floor":11.0,"turns":7.0},{"damage":28.0,"enemies":"Gremlin Nob","floor":13.0,"turns":4.0},{"damage":24.0,"enemies":"Slime Boss","floor":16.0,"turns":7.0},{"damage":15.0,"enemies":"2 Thieves","floor":18.0,"turns":4.0},{"damage":26,"enemies":"Shell Parasite","floor":19,"turns":10},{"damage":0,"enemies":"Centurion and Healer","floor":21,"turns":4},{"damage":35,"enemies":"Sentry and Sphere","floor":22,"turns":5}],"seed_played":"8531883220138422491","potions_obtained":[{"floor":1.0,"key":"Strength Potion"},{"floor":2.0,"key":"EssenceOfSteel"},{"floor":11.0,"key":"Explosive Potion"},{"floor":18.0,"key":"LiquidBronze"},{"floor":19,"key":"GamblersBrew"},{"floor":20,"key":"SmokeBomb"}],"is_trial":false,"path_per_floor":["M","?","M","M","?","R","M","E","T","R","E","$","E","?","R","B",null,"M","M","?","M","M"],"character_chosen":"DEFECT","items_purchased":["Capacitor","Dark Shackles"],"campfire_rested":1,"item_purchase_floors":[12,12],"current_hp_per_floor":[64,64,64,64,64,64,64,49,49,49,39,39,11,11,32,8,69,54,28,28,28,0],"gold":192,"neow_bonus":"THREE_ENEMY_KILL","is_prod":false,"is_daily":false,"chose_seed":false,"campfire_upgraded":2,"win_rate":0,"timestamp":1553293441,"path_taken":["M","?","?","M","?","R","?","E","T","R","E","$","E","?","R","BOSS","M","M","?","M","M"],"build_version":"2019-03-15","purchased_purges":0,"victory":false,"max_hp_per_floor":[71,71,71,71,71,71,71,71,71,71,71,71,71,71,71,71,85,85,85,85,85,85],"card_choices":[{"not_picked":["Skim","Lockon"],"picked":"Go for the Eyes","floor":1.0},{"not_picked":["Skim","Conserve Battery"],"picked":"Fusion","floor":3.0},{"not_picked":["Compile Driver","Leap"],"picked":"Chill","floor":4.0},{"not_picked":["Hologram","Sweeping Beam"],"picked":"Compile Driver","floor":7.0},{"not_picked":["Sweeping Beam","Tempest"],"picked":"Electrodynamics","floor":8.0},{"not_picked":["Cold Snap","Steam Power"],"picked":"Loop","floor":11.0},{"not_picked":["Conserve Battery","Steam"],"picked":"Cold Snap","floor":13.0},{"not_picked":["Echo Form","All For One"],"picked":"Meteor Strike","floor":16.0},{"not_picked":["Lockon+1","Turbo"],"picked":"Blizzard+1","floor":18.0},{"not_picked":["Heatsinks","Sweeping Beam+1"],"picked":"Beam Cell+1","floor":19}],"player_experience":840511,"relics_obtained":[{"floor":8.0,"key":"Bag of Marbles"},{"floor":9.0,"key":"Happy Flower"},{"floor":11.0,"key":"Oddly Smooth Stone"},{"floor":13.0,"key":"Art of War"},{"floor":17.0,"key":"Dream Catcher"},{"floor":17.0,"key":"Molten Egg 2"},{"floor":17.0,"key":"Mango"}],"event_choices":[{"damage_healed":0.0,"max_hp_gain":0.0,"max_hp_loss":0.0,"gold_gain":0.0,"event_name":"The Woman in Blue","player_choice":"Bought 1 Potion","floor":2.0,"gold_loss":0.0,"damage_taken":0.0},{"damage_healed":0.0,"max_hp_gain":0.0,"max_hp_loss":0.0,"gold_gain":0.0,"event_name":"Upgrade Shrine","player_choice":"Upgraded","floor":5.0,"gold_loss":0.0,"damage_taken":0.0,"cards_upgraded":["Fusion"]},{"damage_healed":0.0,"max_hp_gain":0.0,"max_hp_loss":0.0,"gold_gain":0.0,"event_name":"Golden Wing","player_choice":"Ignored","floor":14.0,"gold_loss":0.0,"damage_taken":0.0},{"damage_healed":0,"gold_gain":0,"player_choice":"Got Potions","damage_taken":0,"max_hp_gain":0,"max_hp_loss":0,"event_name":"Lab","floor":20,"gold_loss":0}],"is_beta":true,"boss_relics":[{"not_picked":["Fusion Hammer","FrozenCore"],"picked":"Calling Bell"}],"items_purged_floors":[],"is_endless":false,"potions_floor_spawned":[1,7,11,18,19],"killed_by":"Sentry and Sphere","ascension_level":15}