{"gold_per_floor":[116,116,132,31,49,64,94,94,94,94,94,94,94,120,120,221,221,236,246,246,246,246,280,280,309,377,388,414,427,427,34,34,133,133,147,147,147,1,21,51,103,103,103,103,130,0,29,44,44,44],"floor_reached":51,"playtime":6789,"items_purged":["Pain","Shame"],"score":982,"play_id":"5dac52e2-a2bc-43cd-b20b-a781ba8bc199","local_time":"20190401033121","is_ascension_mode":true,"campfire_choices":[{"data":"Multi-Cast","floor":8,"key":"SMITH"},{"data":"Self Repair","floor":10,"key":"SMITH"},{"floor":13,"key":"REST"},{"floor":15,"key":"RECALL"},{"data":"Chill","floor":24,"key":"SMITH"},{"data":"Turbo","floor":30,"key":"SMITH"},{"data":"White Noise","floor":32,"key":"SMITH"},{"data":"Turbo","floor":42,"key":"SMITH"},{"data":"Darkness","floor":44,"key":"SMITH"},{"data":"Defragment","floor":49,"key":"SMITH"}],"neow_cost":"NONE","seed_source_timestamp":80998915827900,"circlet_count":0,"master_deck":["Zap","Dualcast","Redo","Streamline","Conserve Battery","Fusion+1","Self Repair+1","Multi-Cast+1","Dark Shackles","White Noise+1","Echo Form","Glacier","Chill+1","Writhe","RitualDagger","Darkness+1","Conserve Battery","Turbo+1","Chaos+1","Hologram+1","Core Surge","BootSequence","Steam","Steam Power","Steam Power","Chill","Conserve Battery","Leap","Reinforced Body","Turbo+1","Madness","Madness","Thinking Ahead","Undo","Turbo+1","Defragment+1","Capacitor+1","Chaos","Barrage+1","Thunder Strike"],"relics":["Cracked Core","WarpedTongs","Thread and Needle","Dead Branch","Mango","Darkstone Periapt","Coffee Dripper","Oddly Smooth Stone","The Courier","Matryoshka","Gremlin Horn","Bag of Marbles","Potion Belt","Juzu Bracelet","War Paint","Cauldron","Pandora\u0027s Box","Vajra","Gambling Chip","Bronze Scales","Mercury Hourglass","Boot","Red Mask","PreservedInsect"],"potions_floor_usage":[6,16,18,23,25,33,33,33,40,41,41,50,50],"damage_taken":[{"damage":10,"enemies":"Small Slimes","floor":1,"turns":4},{"damage":3,"enemies":"Cultist","floor":3,"turns":3},{"damage":0,"enemies":"2 Louse","floor":5,"turns":3},{"damage":3,"enemies":"Large Slime","floor":6,"turns":5},{"damage":29,"enemies":"3 Sentries","floor":7,"turns":8},{"damage":1,"enemies":"Lagavulin","floor":14,"turns":6},{"damage":15,"enemies":"Hexaghost","floor":16,"turns":12},{"damage":11,"enemies":"Chosen","floor":18,"turns":4},{"damage":2,"enemies":"Shell Parasite","floor":19,"turns":7},{"damage":10,"enemies":"Book of Stabbing","floor":23,"turns":10},{"damage":49,"enemies":"Gremlin Leader","floor":25,"turns":9},{"damage":10,"enemies":"Cultist and Chosen","floor":27,"turns":5},{"damage":39,"enemies":"Book of Stabbing","floor":28,"turns":7},{"damage":3,"enemies":"Sentry and Sphere","floor":29,"turns":6},{"damage":0,"enemies":"Champ","floor":33,"turns":9},{"damage":0,"enemies":"3 Shapes","floor":35,"turns":3},{"damage":0,"enemies":"Orb Walker","floor":39,"turns":2},{"damage":8,"enemies":"Giant Head","floor":40,"turns":7},{"damage":0,"enemies":"2 Orb Walkers","floor":41,"turns":6},{"damage":7,"enemies":"Nemesis","floor":45,"turns":11},{"damage":0,"enemies":"Giant Head","floor":47,"turns":4},{"damage":13,"enemies":"4 Shapes","floor":48,"turns":4},{"damage":54,"enemies":"Time Eater","floor":50,"turns":9}],"seed_played":"2626945310914437569","potions_obtained":[{"floor":3,"key":"SkillPotion"},{"floor":6,"key":"Weak Potion"},{"floor":7,"key":"Fire Potion"},{"floor":19,"key":"Dexterity Potion"},{"floor":23,"key":"Explosive Potion"},{"floor":29,"key":"SkillPotion"},{"floor":31,"key":"Ancient Potion"},{"floor":31,"key":"Ancient Potion"},{"floor":31,"key":"Energy Potion"},{"floor":31,"key":"PowerPotion"},{"floor":33,"key":"Fire Potion"},{"floor":35,"key":"FearPotion"},{"floor":39,"key":"GamblersBrew"},{"floor":47,"key":"Strength Potion"}],"is_trial":false,"path_per_floor":["M","?","M","$","M","M","E","R","T","R","?","?","R","E","R","B",null,"M","M","?","?","?","E","R","E","T","M","E","M","R","$","R","B",null,"M","?","?","$","M","E","?","R","T","R","E","?","E","M","R","B",null],"character_chosen":"DEFECT","items_purchased":["Conserve Battery","Juzu Bracelet","War Paint","Cauldron","Undo","Turbo"],"campfire_rested":1,"item_purchase_floors":[4,31,31,31,38,38],"current_hp_per_floor":[65,65,62,62,62,59,37,37,37,37,18,18,44,53,53,48,89,89,89,95,89,95,95,95,56,56,56,27,34,34,34,34,54,101,101,88,88,88,88,90,100,100,100,100,101,101,101,98,98,64],"gold":44,"neow_bonus":"RANDOM_COLORLESS","is_prod":false,"is_daily":false,"chose_seed":false,"campfire_upgraded":8,"win_rate":0,"timestamp":1554103881,"path_taken":["M","?","?","?","M","M","E","R","T","R","?","?","R","E","R","BOSS","M","M","?","?","?","E","R","E","T","M","E","M","R","$","R","BOSS","M","?","?","$","M","E","?","R","T","R","E","?","E","M","R","BOSS"],"build_version":"2019-01-23","purchased_purges":2,"victory":true,"max_hp_per_floor":[75,75,75,75,75,75,75,75,75,75,89,89,89,89,89,89,89,89,89,95,95,101,101,101,101,101,101,101,101,101,101,101,101,101,101,101,101,101,101,101,101,101,101,101,101,101,101,101,101,101],"card_choices":[{"not_picked":["Tempest","Cold Snap"],"picked":"Redo","floor":1},{"not_picked":["Beam Cell","BootSequence"],"picked":"Streamline","floor":3},{"not_picked":["Leap","Rebound"],"picked":"Fusion","floor":5},{"not_picked":["Turbo","Streamline"],"picked":"Self Repair","floor":6},{"not_picked":["Barrage","Beam Cell"],"picked":"Multi-Cast","floor":7},{"not_picked":["Consume","Static Discharge"],"picked":"White Noise","floor":14},{"not_picked":["All For One","Amplify"],"picked":"Echo Form","floor":16},{"not_picked":["Static Discharge","Rebound+1"],"picked":"Glacier","floor":18},{"not_picked":["Go for the Eyes","Coolheaded"],"picked":"Chill","floor":19},{"not_picked":["Sweeping Beam","Amplify"],"picked":"Darkness","floor":23},{"not_picked":["Stack","Gash"],"picked":"Conserve Battery","floor":25},{"not_picked":["Ball Lightning","Go for the Eyes"],"picked":"Turbo","floor":27},{"not_picked":["Redo","Rip and Tear"],"picked":"Chaos+1","floor":28},{"not_picked":["Stack","Barrage+1"],"picked":"Hologram+1","floor":29},{"not_picked":["Creative AI","Echo Form"],"picked":"Core Surge","floor":33},{"not_picked":["Stack","Hello World"],"picked":"Turbo+1","floor":35},{"not_picked":["Discovery","Impatience"],"picked":"Thinking Ahead","floor":37},{"not_picked":["Steam+1","Streamline+1"],"picked":"Defragment","floor":39},{"not_picked":["Undo+1","Chill+1"],"picked":"Capacitor+1","floor":40},{"not_picked":["Streamline","Coolheaded"],"picked":"Chaos","floor":41},{"not_picked":["Genetic Algorithm+1","Turbo","Steam Power+1"],"picked":"SKIP","floor":45},{"not_picked":["Hello World+1","Beam Cell+1"],"picked":"Barrage+1","floor":47},{"not_picked":["Reprogram","Streamline+1"],"picked":"Thunder Strike","floor":48}],"player_experience":115727,"relics_obtained":[{"floor":7,"key":"Thread and Needle"},{"floor":9,"key":"Dead Branch"},{"floor":14,"key":"Darkstone Periapt"},{"floor":23,"key":"Matryoshka"},{"floor":25,"key":"Gremlin Horn"},{"floor":26,"key":"Bag of Marbles"},{"floor":28,"key":"Potion Belt"},{"floor":40,"key":"Vajra"},{"floor":41,"key":"Gambling Chip"},{"floor":43,"key":"Bronze Scales"},{"floor":43,"key":"Mercury Hourglass"},{"floor":45,"key":"Boot"},{"floor":47,"key":"PreservedInsect"}],"event_choices":[{"damage_healed":0,"gold_gain":0,"player_choice":"Rummage","damage_taken":0,"relics_obtained":["WarpedTongs"],"max_hp_gain":0,"max_hp_loss":0,"event_name":"Accursed Blacksmith","floor":2,"gold_loss":0,"cards_obtained":["Pain"]},{"damage_healed":0,"gold_gain":0,"player_choice":"Success","damage_taken":33,"relics_obtained":["Mango"],"max_hp_gain":0,"max_hp_loss":0,"event_name":"Scrap Ooze","floor":11,"gold_loss":0},{"damage_healed":0,"gold_gain":0,"cards_transformed":["Forethought"],"player_choice":"Transformed","damage_taken":0,"max_hp_gain":0,"max_hp_loss":0,"event_name":"Transmorgrifier","floor":12,"gold_loss":0,"cards_obtained":["Dark Shackles"]},{"damage_healed":0,"gold_gain":0,"player_choice":"Opened","damage_taken":0,"relics_obtained":["Oddly Smooth Stone"],"max_hp_gain":0,"max_hp_loss":0,"event_name":"The Mausoleum","floor":20,"gold_loss":0,"cards_obtained":["Writhe"]},{"damage_healed":0,"gold_gain":0,"player_choice":"Joined the Cult","damage_taken":6,"max_hp_gain":0,"max_hp_loss":0,"event_name":"Nest","floor":21,"gold_loss":0,"cards_obtained":["RitualDagger"]},{"damage_healed":0,"gold_gain":0,"player_choice":"Stole Relic","damage_taken":0,"relics_obtained":["The Courier"],"max_hp_gain":0,"max_hp_loss":0,"event_name":"Addict","floor":22,"gold_loss":0,"cards_obtained":["Shame"]},{"damage_healed":0,"gold_gain":0,"player_choice":"Embrace Madness","damage_taken":13,"max_hp_gain":0,"max_hp_loss":0,"event_name":"Winding Halls","floor":36,"gold_loss":0,"cards_obtained":["Madness","Madness"]},{"damage_healed":0,"gold_gain":0,"player_choice":"Memory 1","damage_taken":0,"max_hp_gain":0,"max_hp_loss":0,"event_name":"SensoryStone","floor":37,"gold_loss":0},{"damage_healed":0,"gold_gain":0,"player_choice":"Fight","damage_taken":0,"max_hp_gain":0,"max_hp_loss":0,"event_name":"Mysterious Sphere","floor":41,"gold_loss":0},{"damage_healed":0,"gold_gain":0,"player_choice":"Paid","damage_taken":0,"relics_obtained":["Red Mask"],"max_hp_gain":0,"max_hp_loss":0,"event_name":"Tomb of Lord Red Mask","floor":46,"gold_loss":130}],"is_beta":false,"boss_relics":[{"not_picked":["Nuclear Battery","Black Star"],"picked":"Coffee Dripper"},{"not_picked":["Eternal Feather","Lizard Tail"],"picked":"Pandora\u0027s Box"}],"items_purged_floors":[4,38],"is_endless":false,"potions_floor_spawned":[3,6,7,19,23,29,33,35,39,47],"ascension_level":2}