{"gold_per_floor":[113,83,103,118,134,134,160,175,251,251,43,74,74,85,85,161,161,173,190,390,406,190,190,202,92,117,129,129,141,158,185,185,262,262,282,297,159,159,176,176,451,464,464,477,477,491,526,4,4,4,4],"floor_reached":52,"playtime":4312,"items_purged":["Strike_B","Strike_B","Strike_B","Defend_B"],"score":1721,"play_id":"b4070faa-6cba-4025-99ad-3c526c3da588","local_time":"20190421142245","is_ascension_mode":true,"campfire_choices":[{"data":"Streamline","floor":6.0,"key":"SMITH"},{"data":"Zap","floor":10.0,"key":"SMITH"},{"data":"Dualcast","floor":13.0,"key":"SMITH"},{"data":"Seek","floor":15.0,"key":"SMITH"},{"data":"Self Repair","floor":23.0,"key":"SMITH"},{"floor":28.0,"key":"REST"},{"floor":32.0,"key":"REST"},{"data":"Defragment","floor":40,"key":"SMITH"},{"data":"Capacitor","floor":45,"key":"SMITH"},{"data":"Capacitor","floor":49,"key":"SMITH"}],"neow_cost":"NONE","seed_source_timestamp":0,"circlet_count":0,"master_deck":["AscendersBane","Defend_B","Defend_B","Defend_B","Zap+1","Dualcast+1","Ball Lightning","BootSequence","Streamline+1","Chill+1","Self Repair+1","Seek+1","Machine Learning","Glacier+1","Capacitor+1","Go for the Eyes","Skim","Reboot","Hologram+1","Defragment+1","Conserve Battery","Barrage+1","Capacitor+1","Finesse"],"special_seed":0,"relics":["Cracked Core","Matryoshka","Smiling Mask","Omamori","Vajra","Sozu","Centennial Puzzle","Blood Vial","Potion Belt","Oddly Smooth Stone","Cursed Key","Happy Flower","Molten Egg 2","Mercury Hourglass"],"potions_floor_usage":[],"damage_taken":[{"damage":4.0,"enemies":"Jaw Worm","floor":1.0,"turns":4.0},{"damage":0.0,"enemies":"Cultist","floor":3.0,"turns":2.0},{"damage":0.0,"enemies":"Small Slimes","floor":4.0,"turns":2.0},{"damage":0.0,"enemies":"Exordium Wildlife","floor":5.0,"turns":2.0},{"damage":12.0,"enemies":"Gremlin Nob","floor":7.0,"turns":3.0},{"damage":0.0,"enemies":"3 Louse","floor":8.0,"turns":4.0},{"damage":19.0,"enemies":"3 Sentries","floor":12.0,"turns":8.0},{"damage":0.0,"enemies":"Looter","floor":14.0,"turns":2.0},{"damage":34.0,"enemies":"The Guardian","floor":16.0,"turns":10.0},{"damage":20.0,"enemies":"3 Byrds","floor":18.0,"turns":4.0},{"damage":14.0,"enemies":"2 Thieves","floor":19.0,"turns":4.0},{"damage":7.0,"enemies":"Centurion and Healer","floor":21.0,"turns":6.0},{"damage":20.0,"enemies":"Snake Plant","floor":24.0,"turns":5.0},{"damage":31.0,"enemies":"Chosen and Byrds","floor":27.0,"turns":9.0},{"damage":12.0,"enemies":"3 Cultists","floor":29.0,"turns":5.0},{"damage":9.0,"enemies":"Shelled Parasite and Fungi","floor":30.0,"turns":5.0},{"damage":62,"enemies":"Champ","floor":33,"turns":16},{"damage":6,"enemies":"3 Darklings","floor":35,"turns":7},{"damage":0,"enemies":"3 Shapes","floor":36,"turns":4},{"damage":21,"enemies":"Writhing Mass","floor":39,"turns":7},{"damage":2,"enemies":"3 Darklings","floor":42,"turns":5},{"damage":13,"enemies":"Spire Growth","floor":44,"turns":6},{"damage":0,"enemies":"Maw","floor":46,"turns":8},{"damage":10,"enemies":"Giant Head","floor":47,"turns":10},{"damage":31,"enemies":"Awakened One","floor":50,"turns":12},{"damage":15,"enemies":"Donu and Deca","floor":51,"turns":10}],"seed_played":"-8001945453590620237","potions_obtained":[{"floor":2.0,"key":"Dexterity Potion"},{"floor":2.0,"key":"PowerPotion"},{"floor":7.0,"key":"Energy Potion"},{"floor":14.0,"key":"FearPotion"}],"is_trial":false,"path_per_floor":["?","M","?","M","?","M","T","?","?","M"],"character_chosen":"DEFECT","items_purchased":["Omamori","Centennial Puzzle","Defragment","Barrage+1","Capacitor","Mercury Hourglass","Finesse"],"campfire_rested":2,"item_purchase_floors":[11,22,37,48,48,48,48],"current_hp_per_floor":[67,67,67,67,67,67,55,62,62,62,62,50,50,57,57,30,66,53,46,46,46,46,46,36,36,36,17,40,40,43,43,66,16,63,69,78,78,78,67,67,67,77,77,75,75,78,78,78,78,57,54],"gold":4,"neow_bonus":"TEN_PERCENT_HP_BONUS","is_prod":false,"is_daily":false,"chose_seed":false,"campfire_upgraded":8,"win_rate":0,"timestamp":1555874565,"path_taken":["M","?","M","M","M","R","E","?","T","R","$","E","R","M","R","BOSS","M","M","?","M","$","R","?","?","T","M","R","M","?","?","R","BOSS","M","M","$","?","M","R","?","?","T","M","R","M","E","$","R","BOSS","BOSS"],"build_version":"2019-01-23","purchased_purges":4,"victory":true,"max_hp_per_floor":[78,78,78,78,78,78,78,78,78,78,78,78,78,78,78,78,78,78,78,78,78,78,78,78,78,78,78,78,78,78,78,78,78,78,78,78,78,78,78,78,78,78,78,78,78,78,78,78,78,78,78],"card_choices":[{"not_picked":["Compile Driver","Hologram"],"picked":"Ball Lightning","floor":1.0},{"not_picked":["Rebound","Cold Snap"],"picked":"BootSequence","floor":3.0},{"not_picked":["Cold Snap","Beam Cell"],"picked":"Streamline","floor":4.0},{"not_picked":["Cold Snap","Ball Lightning"],"picked":"Chill","floor":5.0},{"not_picked":["Static Discharge","Hello World"],"picked":"Self Repair","floor":7.0},{"not_picked":["Hologram","Ball Lightning","Barrage"],"picked":"SKIP","floor":8.0},{"not_picked":["Auto Shields","Steam"],"picked":"Seek","floor":12.0},{"not_picked":["Reprogram","Steam","Rip and Tear"],"picked":"SKIP","floor":14.0},{"not_picked":["Multi-Cast","Hyperbeam"],"picked":"Machine Learning","floor":16.0},{"not_picked":["Redo","Turbo+1","Streamline"],"picked":"SKIP","floor":18.0},{"not_picked":["Go for the Eyes","Conserve Battery"],"picked":"Glacier+1","floor":19.0},{"not_picked":["Rebound","Barrage"],"picked":"Capacitor","floor":21.0},{"not_picked":["Leap","Hologram"],"picked":"Go for the Eyes","floor":24.0},{"not_picked":["Turbo","Stack","Redo"],"picked":"SKIP","floor":27.0},{"not_picked":["Streamline","Steam"],"picked":"Skim","floor":29.0},{"not_picked":["Doom and Gloom","Chill","Streamline+1"],"picked":"SKIP","floor":30.0},{"not_picked":["Thunder Strike","Fission"],"picked":"Reboot","floor":33},{"not_picked":["Stack","Rebound"],"picked":"Hologram+1","floor":35},{"not_picked":["Hologram","Compile Driver","Rebound"],"picked":"SKIP","floor":36},{"not_picked":["Stack","Lockon","Gash+1"],"picked":"SKIP","floor":39},{"not_picked":["Fusion","Loop","Cold Snap+1"],"picked":"SKIP","floor":42},{"not_picked":["Rebound+1","Go for the Eyes+1"],"picked":"Conserve Battery","floor":44},{"not_picked":["Compile Driver","Go for the Eyes+1","Chill"],"picked":"SKIP","floor":46},{"not_picked":["Steam","Fusion","Fission"],"picked":"SKIP","floor":47}],"player_experience":476602,"relics_obtained":[{"floor":7.0,"key":"Matryoshka"},{"floor":9.0,"key":"Smiling Mask"},{"floor":12.0,"key":"Vajra"},{"floor":26.0,"key":"Blood Vial"},{"floor":26.0,"key":"Potion Belt"},{"floor":31.0,"key":"Oddly Smooth Stone"},{"floor":43,"key":"Happy Flower"},{"floor":47,"key":"Molten Egg 2"}],"event_choices":[{"damage_healed":0.0,"max_hp_gain":0.0,"max_hp_loss":0.0,"gold_gain":0.0,"event_name":"The Woman in Blue","player_choice":"Bought 2 Potions","floor":2.0,"gold_loss":0.0,"damage_taken":0.0},{"damage_healed":0.0,"max_hp_gain":0.0,"max_hp_loss":0.0,"gold_gain":250.0,"event_name":"The Joust","player_choice":"Bet on Owner","floor":20.0,"gold_loss":50.0,"damage_taken":0.0},{"cards_removed":["Strike_B"],"damage_healed":0.0,"max_hp_gain":0.0,"max_hp_loss":0.0,"gold_gain":0.0,"event_name":"Designer","player_choice":"Upgrade and Remove","floor":25.0,"gold_loss":110.0,"damage_taken":0.0,"cards_upgraded":["Chill"]},{"damage_healed":0,"gold_gain":0,"player_choice":"Ignored","damage_taken":0,"max_hp_gain":0,"max_hp_loss":0,"event_name":"Mysterious Sphere","floor":38,"gold_loss":0},{"damage_healed":0,"gold_gain":275,"player_choice":"Desecrate","damage_taken":0,"max_hp_gain":0,"max_hp_loss":0,"event_name":"Golden Shrine","floor":41,"gold_loss":0,"cards_obtained":["Regret"]}],"is_beta":false,"boss_relics":[{"not_picked":["White Beast Statue","Inserter"],"picked":"Sozu"},{"not_picked":["FrozenCore","Lizard Tail"],"picked":"Cursed Key"}],"items_purged_floors":[11,22,37,48],"is_endless":false,"potions_floor_spawned":[3,5,7,14,19,21,30,35,39,47],"ascension_level":20}