{"gold_per_floor":[113,123,123,123,4,34,34,59,59,59,71,71,98,112,112,212,212,228,244,159,170,59,92,107,107,107,107,107,107,117,49,49,148,148,160,172,172,172,172,172],"floor_reached":40,"playtime":1722,"items_purged":["Strike_B"],"score":671,"play_id":"66c2fb5b-937b-4926-829c-4833f08db604","local_time":"20181126035435","is_ascension_mode":true,"campfire_choices":[{"data":"Lockon","floor":7,"key":"SMITH"},{"data":"Redo","floor":10,"key":"SMITH"},{"data":"Zap","floor":12,"key":"SMITH"},{"data":"Go for the Eyes","floor":15,"key":"SMITH"},{"data":"Self Repair","floor":25,"key":"SMITH"},{"data":"Dualcast","floor":27,"key":"SMITH"},{"data":"Conserve Battery","floor":29,"key":"SMITH"},{"floor":32,"key":"REST"}],"neow_cost":"NONE","seed_source_timestamp":38626691585205,"circlet_count":0,"master_deck":["AscendersBane","Strike_B","Strike_B","Defend_B","Defend_B","Defend_B","Defend_B","Zap+1","Dualcast+1","Compile Driver","Electrodynamics","Self Repair+1","Redo+1","Lockon+1","Undo","Conserve Battery+1","Go for the Eyes+1","Echo Form","Redo+1","Undo","Auto Shields","Cold Snap+1","Hologram+1","FTL+1","Darkness+1","Glacier+1","Hologram+1","Conserve Battery+1","Reinforced Body+1"],"relics":["Cracked Core","NeowsBlessing","Symbiotic Virus","Pen Nib","Mummified Hand","Kunai","Darkstone Periapt","Velvet Choker","Molten Egg 2","Nunchaku","Toxic Egg 2","Orrery"],"potions_floor_usage":[23,23,40,40,40],"damage_taken":[{"damage":0,"enemies":"Cultist","floor":1,"turns":1},{"damage":0,"enemies":"Jaw Worm","floor":2,"turns":1},{"damage":0,"enemies":"Lagavulin","floor":6,"turns":1},{"damage":20,"enemies":"3 Sentries","floor":8,"turns":4},{"damage":0,"enemies":"Small Slimes","floor":11,"turns":3},{"damage":5,"enemies":"Gremlin Nob","floor":13,"turns":3},{"damage":8,"enemies":"Blue Slaver","floor":14,"turns":2},{"damage":16,"enemies":"Slime Boss","floor":16,"turns":5},{"damage":0,"enemies":"Chosen","floor":18,"turns":3},{"damage":19,"enemies":"3 Byrds","floor":19,"turns":4},{"damage":25,"enemies":"Centurion and Healer","floor":21,"turns":6},{"damage":37,"enemies":"Gremlin Leader","floor":23,"turns":6},{"damage":10,"enemies":"Sentry and Sphere","floor":24,"turns":4},{"damage":2,"enemies":"Shelled Parasite and Fungi","floor":30,"turns":6},{"damage":49,"enemies":"Automaton","floor":33,"turns":13},{"damage":0,"enemies":"Orb Walker","floor":35,"turns":2},{"damage":0,"enemies":"3 Shapes","floor":36,"turns":4},{"damage":96,"enemies":"Giant Head","floor":40,"turns":10}],"seed_played":"-5279566017843720769","potions_obtained":[{"floor":2,"key":"PowerPotion"},{"floor":6,"key":"SteroidPotion"},{"floor":11,"key":"Regen Potion"},{"floor":19,"key":"FocusPotion"},{"floor":30,"key":"AttackPotion"},{"floor":33,"key":"EssenceOfSteel"}],"is_trial":false,"path_per_floor":["M","M","?","T","$","E","R","E","T","R","M","R","E","M","R","B",null,"M","M","?","M","$","E","M","R","T","R","?","R","M","$","R","B",null,"M","M","?","?","?","E"],"character_chosen":"DEFECT","items_purchased":["Self Repair","Redo","Auto Shields","FTL+1"],"campfire_rested":1,"item_purchase_floors":[5,5,22,31],"current_hp_per_floor":[68,68,61,61,61,61,61,41,41,41,48,48,50,49,49,40,66,73,61,61,50,50,39,29,29,29,29,29,29,37,37,59,20,61,61,61,61,61,61,0],"gold":172,"neow_bonus":"THREE_ENEMY_KILL","is_prod":false,"is_daily":false,"chose_seed":false,"campfire_upgraded":7,"win_rate":0,"timestamp":1543184675,"path_taken":["M","M","?","?","$","E","R","E","T","R","M","R","E","M","R","BOSS","M","M","?","M","$","E","M","R","T","R","?","R","?","$","R","BOSS","M","M","?","?","?","E"],"build_version":"2018-11-15","purchased_purges":1,"victory":false,"max_hp_per_floor":[75,75,75,75,75,75,75,75,75,75,75,75,75,75,75,75,75,75,75,75,75,75,75,75,75,75,75,75,75,75,75,75,75,75,75,75,75,71,71,71],"card_choices":[{"not_picked":["Sweeping Beam","Leap"],"picked":"Compile Driver","floor":1},{"not_picked":["Stack","Hologram"],"picked":"Electrodynamics","floor":2},{"not_picked":["Rebound","Leap"],"picked":"Lockon","floor":6},{"not_picked":["FTL","Heatsinks"],"picked":"Undo","floor":8},{"not_picked":["Stack","Melter"],"picked":"Conserve Battery","floor":11},{"not_picked":["Aggregate","Barrage","Self Repair"],"picked":"SKIP","floor":13},{"not_picked":["Compile Driver","Sweeping Beam"],"picked":"Go for the Eyes","floor":14},{"not_picked":["Core Surge","Creative AI"],"picked":"Echo Form","floor":16},{"not_picked":["Gash+1","Beam Cell"],"picked":"Redo+1","floor":18},{"not_picked":["Beam Cell+1","Barrage"],"picked":"Undo","floor":19},{"not_picked":["Doom and Gloom+1","Steam","Heatsinks+1"],"picked":"SKIP","floor":21},{"not_picked":["Sweeping Beam+1","Fusion+1","Conserve Battery"],"picked":"SKIP","floor":23},{"not_picked":["Hologram","Conserve Battery"],"picked":"Cold Snap+1","floor":24},{"not_picked":["Go for the Eyes+1","Turbo+1"],"picked":"Sunder+1","floor":30},{"not_picked":["Streamline+1","Genetic Algorithm+1"],"picked":"Darkness+1","floor":34},{"not_picked":["Rip and Tear+1","Hello World"],"picked":"Glacier+1","floor":34},{"not_picked":["Cold Snap+1","Tempest+1"],"picked":"Hologram+1","floor":34},{"not_picked":["Hologram+1","Double Energy+1"],"picked":"Conserve Battery+1","floor":34},{"not_picked":["Steam+1","Storm+1","Cold Snap+1"],"picked":"SKIP","floor":35},{"not_picked":["Go for the Eyes+1","Loop+1"],"picked":"Reinforced Body+1","floor":36}],"player_experience":785409,"relics_obtained":[{"floor":4,"key":"Symbiotic Virus"},{"floor":6,"key":"Pen Nib"},{"floor":8,"key":"Mummified Hand"},{"floor":9,"key":"Kunai"},{"floor":13,"key":"Darkstone Periapt"},{"floor":23,"key":"Nunchaku"},{"floor":26,"key":"Toxic Egg 2"}],"event_choices":[{"cards_removed":["Strike_B"],"damage_healed":0,"gold_gain":0,"player_choice":"Card Removal","damage_taken":7,"max_hp_gain":0,"max_hp_loss":0,"event_name":"Golden Wing","floor":3,"gold_loss":0},{"damage_healed":0,"gold_gain":0,"player_choice":"Obtained Relic","damage_taken":0,"relics_obtained":["Molten Egg 2"],"max_hp_gain":0,"max_hp_loss":0,"event_name":"Addict","floor":20,"gold_loss":85},{"damage_healed":0,"gold_gain":0,"player_choice":"Read","damage_taken":0,"max_hp_gain":0,"max_hp_loss":0,"event_name":"The Library","floor":28,"gold_loss":0,"cards_obtained":["Hologram"]},{"damage_healed":0,"gold_gain":0,"player_choice":"Ignored","damage_taken":0,"max_hp_gain":0,"max_hp_loss":0,"event_name":"Tomb of Lord Red Mask","floor":37,"gold_loss":0},{"damage_healed":0,"gold_gain":0,"player_choice":"Max HP","damage_taken":0,"max_hp_gain":0,"max_hp_loss":4,"event_name":"Winding Halls","floor":38,"gold_loss":0},{"cards_removed":["Sunder"],"damage_healed":0,"gold_gain":0,"player_choice":"Removed Attack","damage_taken":0,"max_hp_gain":0,"max_hp_loss":0,"event_name":"Falling","floor":39,"gold_loss":0}],"is_beta":true,"boss_relics":[{"not_picked":["Busted Crown","Philosopher\u0027s Stone"],"picked":"Velvet Choker"},{"not_picked":["Coffee Dripper","Pandora\u0027s Box"],"picked":"Orrery"}],"items_purged_floors":[22],"is_endless":false,"potions_floor_spawned":[2,6,11,14,16,19,30,33,35],"killed_by":"Giant Head","ascension_level":10}