{"gold_per_floor":[116,116,116,81,91,118,118,129,156,156,156,189,205,216,216,320,320,335,335,353,43,43,43,68,83,106,106,106,51,68,68,68,166,166,176,176,30,57,57,57],"floor_reached":40,"playtime":1294,"items_purged":["Decay"],"score":435,"play_id":"b11068ad-4cf4-4f3b-a5e3-30e5fa2767cd","local_time":"20190127001609","is_ascension_mode":false,"campfire_choices":[{"data":"Neutralize","floor":7,"key":"SMITH"},{"data":"Deadly Poison","floor":11,"key":"SMITH"},{"floor":15,"key":"REST"},{"floor":23,"key":"REST"},{"floor":27,"key":"REST"},{"floor":32,"key":"REST"}],"neow_cost":"NONE","seed_source_timestamp":284006734829589,"circlet_count":0,"master_deck":["Defend_G+1","Defend_G+1","Defend_G+1","Survivor","Neutralize+1","Dagger Spray+1","Poisoned Stab","Burst","Deadly Poison+1","Cloak And Dagger","Crippling Poison","Corpse Explosion","Poisoned Stab+1","Catalyst","Deadly Poison+1","Outmaneuver","Escape Plan+1","After Image","Slice+1","Venomology+1","Doppelganger+1","Bane+1","Corpse Explosion"],"relics":["Empty Cage","War Paint","Bag of Marbles","Bag of Preparation","Fusion Hammer","Torii","Bottled Flame","Vajra","Tiny Chest","Juzu Bracelet","Astrolabe","Whetstone"],"potions_floor_usage":[6,16,33,33,40],"damage_taken":[{"damage":1,"enemies":"2 Louse","floor":1,"turns":4},{"damage":0,"enemies":"Small Slimes","floor":5,"turns":4},{"damage":14,"enemies":"Lagavulin","floor":6,"turns":7},{"damage":0,"enemies":"Jaw Worm","floor":8,"turns":4},{"damage":12,"enemies":"3 Sentries","floor":12,"turns":8},{"damage":13,"enemies":"Gremlin Gang","floor":13,"turns":3},{"damage":0,"enemies":"3 Louse","floor":14,"turns":3},{"damage":23,"enemies":"Slime Boss","floor":16,"turns":13},{"damage":0,"enemies":"Chosen","floor":18,"turns":4},{"damage":0,"enemies":"Spheric Guardian","floor":20,"turns":2},{"damage":42,"enemies":"Gremlin Leader","floor":24,"turns":4},{"damage":14,"enemies":"Shelled Parasite and Fungi","floor":25,"turns":3},{"damage":0,"enemies":"Snake Plant","floor":30,"turns":4},{"damage":40,"enemies":"Champ","floor":33,"turns":11},{"damage":24,"enemies":"3 Darklings","floor":35,"turns":2},{"damage":53,"enemies":"Reptomancer","floor":40,"turns":3}],"seed_played":"438309913542828793","potions_obtained":[{"floor":1,"key":"Energy Potion"},{"floor":6,"key":"Swift Potion"},{"floor":8,"key":"Dexterity Potion"},{"floor":13,"key":"SpeedPotion"},{"floor":16,"key":"Ancient Potion"}],"is_trial":false,"path_per_floor":["M","?","?","?","M","E","R","M","T","?","R","E","M","M","R","B",null,"M","?","M","$","?","R","E","M","T","R","$","?","M","T","R","B",null,"M","?","$","T","?","E"],"character_chosen":"THE_SILENT","items_purchased":["Torii","Corpse Explosion"],"campfire_rested":4,"item_purchase_floors":[21,37],"current_hp_per_floor":[69,55,55,70,70,56,56,56,56,56,56,44,31,31,52,29,70,70,70,70,70,70,70,28,14,14,35,35,35,35,35,56,16,70,46,46,46,46,46,0],"gold":57,"neow_bonus":"BOSS_RELIC","is_prod":false,"is_daily":false,"chose_seed":false,"campfire_upgraded":2,"win_rate":0,"timestamp":1548566169,"path_taken":["M","?","?","?","M","E","R","M","T","?","R","E","?","?","R","BOSS","M","?","M","$","?","R","E","?","T","R","$","?","M","?","R","BOSS","M","?","$","?","?","E"],"build_version":"2019-01-23","purchased_purges":1,"victory":false,"max_hp_per_floor":[70,70,70,70,70,70,70,70,70,70,70,70,70,70,70,70,70,70,70,70,70,70,70,70,70,70,70,70,70,70,70,70,70,70,70,70,70,70,70,70],"card_choices":[{"not_picked":["Dash","Distraction"],"picked":"Dagger Spray","floor":1},{"not_picked":["Masterful Stab","Blur"],"picked":"Poisoned Stab","floor":5},{"not_picked":["Terror","Skewer"],"picked":"Burst","floor":6},{"not_picked":["Slice","Bane"],"picked":"Deadly Poison","floor":8},{"not_picked":["Deflect","Acrobatics"],"picked":"Crippling Poison","floor":12},{"not_picked":["Calculated Gamble","Expertise","Infinite Blades"],"picked":"SKIP","floor":13},{"not_picked":["Prepared","Setup","Deflect"],"picked":"SKIP","floor":14},{"not_picked":["Storm of Steel","Unload"],"picked":"Corpse Explosion","floor":16},{"not_picked":["Expertise+1","Bane"],"picked":"Poisoned Stab","floor":18},{"not_picked":["Dagger Spray","Acrobatics+1"],"picked":"Catalyst","floor":20},{"not_picked":["Quick Slash","Sucker Punch"],"picked":"Outmaneuver","floor":24},{"not_picked":["Prepared","Blade Dance+1","Quick Slash"],"picked":"SKIP","floor":25},{"not_picked":["Reflex","Concentrate"],"picked":"Escape Plan+1","floor":30},{"not_picked":["Unload","Venomology"],"picked":"After Image","floor":33},{"not_picked":["Quick Slash+1","Flying Knee"],"picked":"Bane+1","floor":35}],"player_experience":147403,"relics_obtained":[{"floor":6,"key":"War Paint"},{"floor":9,"key":"Bag of Marbles"},{"floor":12,"key":"Bag of Preparation"},{"floor":24,"key":"Bottled Flame"},{"floor":26,"key":"Vajra"},{"floor":31,"key":"Juzu Bracelet"},{"floor":38,"key":"Whetstone"}],"event_choices":[{"damage_healed":0,"gold_gain":0,"player_choice":"Entered Light","damage_taken":14,"max_hp_gain":0,"max_hp_loss":0,"event_name":"Shining Light","floor":2,"gold_loss":0,"cards_upgraded":["Strike_G","Defend_G"]},{"damage_healed":0,"gold_gain":0,"player_choice":"Ignored","damage_taken":0,"max_hp_gain":0,"max_hp_loss":0,"event_name":"Golden Wing","floor":3,"gold_loss":0},{"damage_healed":17,"gold_gain":0,"player_choice":"Healed","damage_taken":0,"max_hp_gain":0,"max_hp_loss":0,"event_name":"The Cleric","floor":4,"gold_loss":35},{"damage_healed":0,"gold_gain":0,"cards_transformed":["Strike_G"],"player_choice":"Change","damage_taken":0,"max_hp_gain":0,"max_hp_loss":0,"event_name":"Living Wall","floor":10,"gold_loss":0,"cards_obtained":["Cloak And Dagger"]},{"damage_healed":0,"gold_gain":0,"player_choice":"Ignored","damage_taken":0,"max_hp_gain":0,"max_hp_loss":0,"event_name":"Ghosts","floor":19,"gold_loss":0},{"damage_healed":0,"gold_gain":0,"player_choice":"Copied","damage_taken":0,"max_hp_gain":0,"max_hp_loss":0,"event_name":"Duplicator","floor":22,"gold_loss":0,"cards_obtained":["Deadly Poison"]},{"damage_healed":0,"gold_gain":0,"player_choice":"Obtained Relic","damage_taken":0,"relics_obtained":["Tiny Chest"],"max_hp_gain":0,"max_hp_loss":0,"event_name":"Addict","floor":29,"gold_loss":85},{"damage_healed":0,"gold_gain":0,"player_choice":"Cursed","damage_taken":0,"max_hp_gain":0,"max_hp_loss":0,"event_name":"Wheel of Change","floor":36,"gold_loss":0,"cards_obtained":["Decay"]},{"cards_removed":["Strike_G"],"damage_healed":0,"gold_gain":0,"player_choice":"Removed Attack","damage_taken":0,"max_hp_gain":0,"max_hp_loss":0,"event_name":"Falling","floor":39,"gold_loss":0}],"is_beta":false,"boss_relics":[{"not_picked":["HoveringKite","Snecko Eye"],"picked":"Fusion Hammer"},{"not_picked":["Eternal Feather","Tiny House"],"picked":"Astrolabe"}],"items_purged_floors":[37],"is_endless":false,"potions_floor_spawned":[1,6,8,13,16,18,24,25],"killed_by":"Reptomancer","ascension_level":0}