{"path_per_floor":["M","?","?","M","?","R","M","M","T","R","M","?","R","M","R","B",null,"M","M","M","M","?","R","E","R","T","?","R","T","$","M","R"],"character_chosen":"IRONCLAD","items_purchased":["Toxic Egg 2","Meat on the Bone"],"gold_per_floor":[209,209,159,172,172,172,186,202,249,249,265,265,265,283,283,409,409,433,452,476,495,495,495,535,535,535,535,535,614,45,69,69],"floor_reached":33,"campfire_rested":3,"playtime":2655,"current_hp_per_floor":[72,72,72,52,52,52,46,45,45,45,41,41,41,47,69,27,62,57,63,57,50,50,50,19,56,56,56,56,56,56,52,74],"items_purged":["Writhe"],"gold":69,"play_id":"35118df3-95a6-4624-9c9a-d2094620f7d9","is_prod":false,"is_daily":false,"is_ascension_mode":true,"campfire_upgraded":5,"path_taken":["M","?","?","M","?","R","M","?","T","R","M","?","R","M","R","BOSS","M","M","M","M","?","R","E","R","T","?","R","?","$","M","R","BOSS"],"build_version":"2018-02-01-PROD3","purchased_purges":1,"victory":false,"master_deck":["Strike_R","Strike_R","Strike_R","Strike_R","Defend_R","Defend_R","Defend_R","Defend_R","Bash","Pommel Strike+1","Rampage+1","Disarm","Evolve+1","Sentinel","Flex","Headbutt","Fiend Fire+1","Ghostly Armor+1","Wild Strike","Power Through+1","Warcry+1","Power Through+1"],"max_hp_per_floor":[80,80,80,80,74,74,74,74,74,74,74,74,74,74,74,74,74,74,74,74,74,74,74,74,74,74,74,74,74,74,74,74],"relics":["Burning Blood","Golden Idol","Anchor","Mark of Pain","Regal Pillow","Singing Bowl","Mercury Hourglass","Molten Egg 2","Toxic Egg 2","Meat on the Bone"],"card_choices":[{"not_picked":["Inflame","Iron Wave"],"picked":"Pommel Strike"},{"not_picked":["Body Slam","Double Tap"],"picked":"Rampage"},{"not_picked":["Feel No Pain","Carnage"],"picked":"Disarm"},{"not_picked":["Infernal Blade","Inflame"],"picked":"Evolve"},{"not_picked":["Power Through","Cleave"],"picked":"Headbutt"},{"not_picked":["Exhume","Juggernaut"],"picked":"Fiend Fire"},{"not_picked":["Anger","Corruption"],"picked":"Ghostly Armor"},{"not_picked":["Inflame","Cleave"],"picked":"Wild Strike"},{"not_picked":["Flame Barrier","Juggernaut"],"picked":"Warcry"},{"not_picked":["Clash","Intimidate"],"picked":"Power Through"}],"player_experience":297069,"potions_floor_usage":[33],"damage_taken":[{"damage":6.0,"enemies":"Cultist","floor":1.0,"turns":3.0},{"damage":26.0,"enemies":"Blue Slaver","floor":4.0,"turns":3.0},{"damage":12.0,"enemies":"Jaw Worm","floor":7.0,"turns":3.0},{"damage":7.0,"enemies":"3 Louse","floor":8.0,"turns":6.0},{"damage":10.0,"enemies":"Large Slime","floor":11.0,"turns":5.0},{"damage":0.0,"enemies":"2 Fungi Beasts","floor":14.0,"turns":3.0},{"damage":48.0,"enemies":"The Guardian","floor":16.0,"turns":8.0},{"damage":11.0,"enemies":"Spheric Guardian","floor":18.0,"turns":3.0},{"damage":0.0,"enemies":"Chosen","floor":19.0,"turns":3.0},{"damage":12.0,"enemies":"3 Cultists","floor":20.0,"turns":4.0},{"damage":13.0,"enemies":"Snake Plant","floor":21.0,"turns":5.0},{"damage":37.0,"enemies":"Book of Stabbing","floor":24.0,"turns":6.0},{"damage":10.0,"enemies":"Cultist and Chosen","floor":31.0,"turns":5.0},{"damage":89,"enemies":"Automaton","floor":33,"turns":10}],"event_choices":[{"event_name":"The Lab","player_choice":"Got Potions","floor":2.0,"damage_taken":0.0},{"event_name":"The Cleric","player_choice":"Card Removal","floor":3.0,"damage_taken":0.0},{"event_name":"Golden Idol","player_choice":"Lose Max HP","floor":5.0,"damage_taken":0.0},{"event_name":"Match and Keep!","player_choice":"2 cards matched","floor":12.0,"damage_taken":0.0},{"event_name":"The Library","player_choice":"Read","floor":22.0,"damage_taken":0.0},{"event_name":"The Mausoleum","player_choice":"Yes","floor":27.0,"damage_taken":0.0}],"boss_relics":[],"potions_floor_spawned":[7,8,11,16,18,24,31],"seed_played":"8623975437618549944","killed_by":"Automaton","ascension_level":8,"is_trial":false}