{"gold_per_floor":[13,13,33,51,63,88,88,120,198,47,65,31,101,120,120,197,197,122,122,52,0,0,0],"floor_reached":23,"playtime":894,"items_purged":[],"score":355,"play_id":"6d9ee241-d9e9-40f4-a8a3-ce13544cc7b5","local_time":"20190408095250","is_ascension_mode":true,"campfire_choices":[{"floor":7.0,"key":"REST"},{"floor":15.0,"key":"REST"}],"neow_cost":"NO_GOLD","seed_source_timestamp":25546017472802,"circlet_count":0,"master_deck":["AscendersBane","Strike_B","Strike_B","Strike_B","Strike_B","Defend_B","Defend_B","Defend_B","Defend_B","Zap","Dualcast","Ball Lightning","Streamline","Creative AI","Force Field","Coolheaded","Capacitor","Leap","Leap","Doom and Gloom","Auto Shields","Echo Form","Glacier","Steam+1","Heatsinks"],"special_seed":0,"relics":["Cracked Core","Turnip","SsserpentHead","Bottled Tornado","Symbiotic Virus","Art of War","Ectoplasm","Nloth\u0027s Gift"],"potions_floor_usage":[23],"damage_taken":[{"damage":5.0,"enemies":"Small Slimes","floor":1.0,"turns":5.0},{"damage":1.0,"enemies":"Cultist","floor":3.0,"turns":3.0},{"damage":7.0,"enemies":"Jaw Worm","floor":4.0,"turns":3.0},{"damage":14.0,"enemies":"Blue Slaver","floor":5.0,"turns":4.0},{"damage":25.0,"enemies":"Lagavulin","floor":6.0,"turns":7.0},{"damage":23.0,"enemies":"3 Sentries","floor":8.0,"turns":6.0},{"damage":8.0,"enemies":"Large Slime","floor":11.0,"turns":4.0},{"damage":0.0,"enemies":"Red Slaver","floor":13.0,"turns":4.0},{"damage":1.0,"enemies":"3 Louse","floor":14.0,"turns":4.0},{"damage":4.0,"enemies":"Hexaghost","floor":16.0,"turns":13.0},{"damage":33.0,"enemies":"2 Thieves","floor":18.0,"turns":4.0},{"damage":10.0,"enemies":"Chosen","floor":19.0,"turns":4.0},{"damage":16,"enemies":"Book of Stabbing","floor":23,"turns":6}],"seed_played":"8570488547300322820","potions_obtained":[{"floor":4.0,"key":"Poison Potion"},{"floor":6.0,"key":"Explosive Potion"},{"floor":8.0,"key":"Explosive Potion"},{"floor":13.0,"key":"SkillPotion"},{"floor":16.0,"key":"GamblersBrew"},{"floor":19.0,"key":"Ancient Potion"}],"is_trial":false,"path_per_floor":["M","?","M","M","M","E","R","E","T","$","M","$","M","M","R","B",null,"M","M","$","?","?","E"],"character_chosen":"DEFECT","items_purchased":["Art of War","Leap","Doom and Gloom","Heatsinks"],"campfire_rested":2,"item_purchase_floors":[10,12,12,20],"current_hp_per_floor":[59,59,58,51,37,12,33,10,10,10,2,2,2,1,22,18,58,25,15,15,15,15,0],"gold":0,"neow_bonus":"ONE_RARE_RELIC","is_prod":false,"is_daily":false,"chose_seed":false,"campfire_upgraded":0,"win_rate":0,"timestamp":1554731570,"path_taken":["M","?","M","M","M","E","R","E","T","$","M","?","?","M","R","BOSS","M","M","$","?","?","E"],"build_version":"2019-04-04","purchased_purges":0,"victory":false,"max_hp_per_floor":[71,71,71,71,71,71,71,71,71,71,71,71,71,71,71,71,71,71,71,71,71,71,71],"card_choices":[{"not_picked":["Hologram","Beam Cell"],"picked":"Ball Lightning","floor":1.0},{"not_picked":["Hello World","Rebound"],"picked":"Streamline","floor":3.0},{"not_picked":["Coolheaded","Stack"],"picked":"Creative AI","floor":4.0},{"not_picked":["Sweeping Beam","Compile Driver"],"picked":"Force Field","floor":5.0},{"not_picked":["Leap","Beam Cell"],"picked":"Coolheaded","floor":6.0},{"not_picked":["Reprogram","Thunder Strike"],"picked":"Capacitor","floor":8.0},{"not_picked":["Ball Lightning","Skim"],"picked":"Leap","floor":11.0},{"not_picked":["Leap","Fusion"],"picked":"Auto Shields","floor":13.0},{"not_picked":["Sweeping Beam","Chaos","Go for the Eyes"],"picked":"SKIP","floor":14.0},{"not_picked":["Machine Learning","Biased Cognition"],"picked":"Echo Form","floor":16.0},{"not_picked":["Go for the Eyes","Hologram"],"picked":"Glacier","floor":18.0},{"not_picked":["Redo","Leap"],"picked":"Steam+1","floor":19.0}],"player_experience":921899,"relics_obtained":[{"floor":6.0,"key":"Bottled Tornado"},{"floor":8.0,"key":"Girya"},{"floor":9.0,"key":"Symbiotic Virus"}],"event_choices":[{"damage_healed":0.0,"max_hp_gain":0.0,"max_hp_loss":0.0,"gold_gain":0.0,"event_name":"FaceTrader","player_choice":"Trade","floor":2.0,"gold_loss":0.0,"damage_taken":0.0,"relics_obtained":["SsserpentHead"]},{"damage_healed":0,"gold_gain":0,"player_choice":"Paid Fearfully","damage_taken":0,"max_hp_gain":0,"max_hp_loss":0,"event_name":"Masked Bandits","floor":21,"gold_loss":52},{"damage_healed":0,"gold_gain":0,"player_choice":"Traded Relic","damage_taken":0,"relics_obtained":["Nloth\u0027s Gift"],"max_hp_gain":0,"max_hp_loss":0,"event_name":"N\u0027loth","floor":22,"relics_lost":["Girya"],"gold_loss":0}],"is_beta":true,"boss_relics":[{"not_picked":["Coffee Dripper","White Beast Statue"],"picked":"Ectoplasm"}],"items_purged_floors":[],"is_endless":false,"potions_floor_spawned":[4,6,8,13,16,19],"killed_by":"Book of Stabbing","ascension_level":15}