{"gold_per_floor":[211,227,243,256,24,24,42,73,128,128,144,178,194,207,207,207],"floor_reached":16,"playtime":790,"items_purged":["Strike_G"],"score":232,"play_id":"2a03e0e2-299e-42ce-b42d-5303a85bbc4c","local_time":"20190420111906","is_ascension_mode":true,"campfire_choices":[{"data":"Neutralize","floor":6.0,"key":"SMITH"},{"floor":10.0,"key":"REST"},{"data":"Accuracy","floor":15,"key":"SMITH"}],"neow_cost":"NONE","seed_source_timestamp":786094859323128,"circlet_count":0,"master_deck":["AscendersBane","Defend_G","Defend_G","Defend_G","Defend_G","Defend_G","Strike_G","Strike_G","Strike_G","Strike_G","Survivor","Neutralize+1","Cloak And Dagger","Blade Dance","Flying Knee","Predator","Accuracy+1","Accuracy","Accuracy"],"special_seed":0,"relics":["Ring of the Snake","Oddly Smooth Stone","Ninja Scroll","Orichalcum","Mummified Hand"],"potions_floor_usage":[16],"damage_taken":[{"damage":3.0,"enemies":"Cultist","floor":1.0,"turns":6.0},{"damage":1.0,"enemies":"2 Louse","floor":2.0,"turns":3.0},{"damage":7.0,"enemies":"Jaw Worm","floor":3.0,"turns":6.0},{"damage":9.0,"enemies":"Blue Slaver","floor":4.0,"turns":5.0},{"damage":0.0,"enemies":"2 Fungi Beasts","floor":7.0,"turns":4.0},{"damage":33.0,"enemies":"Gremlin Nob","floor":8.0,"turns":5.0},{"damage":0.0,"enemies":"Red Slaver","floor":11.0,"turns":2.0},{"damage":12,"enemies":"3 Sentries","floor":12,"turns":6},{"damage":0,"enemies":"Blue Slaver","floor":13,"turns":3},{"damage":0,"enemies":"Looter","floor":14,"turns":3},{"damage":14,"enemies":"Hexaghost","floor":16,"turns":10}],"seed_played":"6942115145293029638","potions_obtained":[{"floor":2.0,"key":"Weak Potion"},{"floor":3.0,"key":"Dexterity Potion"},{"floor":14,"key":"SkillPotion"}],"is_trial":false,"path_per_floor":["M"],"character_chosen":"THE_SILENT","items_purchased":["Oddly Smooth Stone"],"campfire_rested":1,"item_purchase_floors":[5],"current_hp_per_floor":[56,55,48,39,39,39,39,6,6,25,25,13,13,13,13,0],"gold":207,"neow_bonus":"HUNDRED_GOLD","is_prod":false,"is_daily":false,"chose_seed":false,"campfire_upgraded":2,"win_rate":0,"timestamp":1555777146,"path_taken":["M","M","M","M","$","R","M","E","T","R","M","E","?","M","R","BOSS"],"build_version":"2019-01-23","purchased_purges":1,"victory":false,"max_hp_per_floor":[66,66,66,66,66,66,66,66,66,66,66,66,66,66,66,66],"card_choices":[{"not_picked":["Dagger Throw","Flying Knee"],"picked":"Cloak And Dagger","floor":1.0},{"not_picked":["Flechettes","Slice"],"picked":"Blade Dance","floor":2.0},{"not_picked":["Poisoned Stab","Quick Slash"],"picked":"Flying Knee","floor":3.0},{"not_picked":["Slice","Poisoned Stab"],"picked":"Predator","floor":4.0},{"not_picked":["Backflip","Poisoned Stab"],"picked":"Accuracy","floor":7.0},{"not_picked":["Acrobatics","Tactician","Dagger Throw"],"picked":"SKIP","floor":8.0},{"not_picked":["Blade Dance","Slice"],"picked":"Accuracy","floor":11.0},{"not_picked":["Grand Finale","Acrobatics","Bane"],"picked":"SKIP","floor":12},{"not_picked":["Bane","Expertise","Dagger Throw"],"picked":"SKIP","floor":13},{"not_picked":["Blade Dance","Poisoned Stab"],"picked":"Accuracy","floor":14}],"player_experience":456087,"relics_obtained":[{"floor":8.0,"key":"Ninja Scroll"},{"floor":9.0,"key":"Orichalcum"},{"floor":12,"key":"Mummified Hand"}],"event_choices":[],"is_beta":false,"boss_relics":[],"items_purged_floors":[5],"is_endless":false,"potions_floor_spawned":[2,3,4,14],"killed_by":"Hexaghost","ascension_level":20}