{"gold_per_floor":[116,116,116,216,232,261,272,272,322,322,47,62,88,103,103,207,207,221,221,221,221,245,245,272,283,283,301,301,301,14,27,27,128,128,145,145,15,15,15],"floor_reached":40,"playtime":1436,"items_purged":[],"score":694,"play_id":"4fbe6396-0c0d-48dc-bcb0-3057773daf5a","local_time":"20190421153133","is_ascension_mode":true,"campfire_choices":[{"floor":8,"key":"REST"},{"floor":10,"key":"RECALL"},{"floor":15,"key":"REST"},{"floor":23,"key":"REST"},{"floor":28,"key":"REST"},{"data":"Noxious Fumes","floor":32,"key":"SMITH"}],"neow_cost":"TEN_PERCENT_HP_LOSS","seed_source_timestamp":165701260515564,"circlet_count":0,"master_deck":["Defend_G+1","Defend_G+1","Defend_G+1","Defend_G+1","Defend_G+1","Strike_G+1","Strike_G+1","Strike_G+1","Strike_G+1","Strike_G+1","Survivor","Neutralize+1","Noxious Fumes+1","PiercingWail","Escape Plan","Corpse Explosion","Infinite Blades","Adrenaline","Tools of the Trade","Backflip+1","After Image","Adrenaline+1","Finesse+1","Infinite Blades"],"relics":["Ring of the Snake","Gambling Chip","Ancient Tea Set","Mercury Hourglass","Juzu Bracelet","Orrery","MutagenicStrength","Smiling Mask","Centennial Puzzle","Toxic Egg 2","Omamori","Sozu"],"potions_floor_usage":[13,13,13,16,33,33],"damage_taken":[{"damage":1,"enemies":"Small Slimes","floor":1,"turns":4},{"damage":0,"enemies":"2 Louse","floor":5,"turns":2},{"damage":25,"enemies":"Gremlin Nob","floor":6,"turns":5},{"damage":0,"enemies":"Cultist","floor":7,"turns":4},{"damage":0,"enemies":"Exordium Wildlife","floor":12,"turns":2},{"damage":9,"enemies":"Lagavulin","floor":13,"turns":6},{"damage":0,"enemies":"3 Louse","floor":14,"turns":2},{"damage":14,"enemies":"Hexaghost","floor":16,"turns":10},{"damage":2,"enemies":"Chosen","floor":18,"turns":5},{"damage":14,"enemies":"Book of Stabbing","floor":24,"turns":7},{"damage":0,"enemies":"3 Byrds","floor":25,"turns":2},{"damage":9,"enemies":"Sentry and Sphere","floor":27,"turns":4},{"damage":0,"enemies":"3 Cultists","floor":31,"turns":3},{"damage":2,"enemies":"Collector","floor":33,"turns":7},{"damage":0,"enemies":"3 Shapes","floor":35,"turns":2},{"damage":47,"enemies":"Donu and Deca","floor":39,"turns":9}],"seed_played":"-7536052374221799831","potions_obtained":[{"floor":6,"key":"Block Potion"},{"floor":7,"key":"SkillPotion"},{"floor":12,"key":"SkillPotion"},{"floor":13,"key":"Strength Potion"},{"floor":18,"key":"Poison Potion"},{"floor":24,"key":"Poison Potion"}],"is_trial":false,"path_per_floor":["M","?","?","?","M","E","M","R","T","R","$","M","E","M","R","B",null,"M","?","?","?","T","R","E","M","T","M","R","?","$","M","R","B",null,"M","?","$","?","B",null],"character_chosen":"THE_SILENT","items_purchased":["Noxious Fumes","Mercury Hourglass","After Image","Omamori","Finesse+1","Infinite Blades"],"campfire_rested":4,"item_purchase_floors":[11,11,30,30,37,37],"current_hp_per_floor":[62,62,49,49,49,24,24,42,42,42,42,42,33,33,51,37,63,61,50,50,50,50,68,54,54,54,45,65,65,65,65,65,63,68,68,68,68,68,21],"gold":15,"neow_bonus":"ONE_RARE_RELIC","is_prod":false,"is_daily":false,"chose_seed":false,"campfire_upgraded":1,"win_rate":0,"timestamp":1555875093,"path_taken":["M","?","?","?","?","E","M","R","T","R","$","M","E","M","R","BOSS","M","?","?","?","?","R","E","M","T","M","R","?","$","M","R","BOSS","M","?","$","?","BOSS"],"build_version":"2019-01-23","purchased_purges":0,"victory":true,"max_hp_per_floor":[63,63,63,63,63,63,63,63,63,63,63,63,63,63,63,63,63,63,68,68,68,68,68,68,68,68,68,68,68,68,68,68,68,68,68,68,68,68,68],"card_choices":[{"not_picked":["Blade Dance","Bane","Dagger Throw"],"picked":"SKIP","floor":1},{"not_picked":["Deadly Poison","Dash","Deflect"],"picked":"SKIP","floor":5},{"not_picked":["Finisher","Predator","Heel Hook"],"picked":"SKIP","floor":6},{"not_picked":["Reflex","Prepared","All Out Attack"],"picked":"SKIP","floor":7},{"not_picked":["Underhanded Strike","Cloak And Dagger"],"picked":"PiercingWail","floor":12},{"not_picked":["Dash","Distraction"],"picked":"Escape Plan","floor":13},{"not_picked":["Underhanded Strike","Deflect","A Thousand Cuts"],"picked":"SKIP","floor":14},{"not_picked":["Glass Knife","Doppelganger"],"picked":"Corpse Explosion","floor":16},{"not_picked":["Setup","Slice"],"picked":"Infinite Blades","floor":17},{"not_picked":["Blade Dance","Well Laid Plans"],"picked":"Adrenaline","floor":17},{"not_picked":["Outmaneuver","Sucker Punch","Dagger Spray"],"picked":"SKIP","floor":18},{"not_picked":["Dodge and Roll+1","Sucker Punch"],"picked":"Tools of the Trade","floor":24},{"not_picked":["Outmaneuver","Slice","Bane"],"picked":"SKIP","floor":25},{"not_picked":["Sucker Punch","Deflect+1"],"picked":"Backflip+1","floor":27},{"not_picked":["Flying Knee","Deadly Poison+1","All Out Attack+1"],"picked":"SKIP","floor":31},{"not_picked":["A Thousand Cuts","Grand Finale"],"picked":"Adrenaline+1","floor":33},{"not_picked":["Bane","Underhanded Strike","Flying Knee+1"],"picked":"SKIP","floor":35}],"player_experience":192990,"relics_obtained":[{"floor":6,"key":"Ancient Tea Set"},{"floor":13,"key":"Juzu Bracelet"},{"floor":22,"key":"Smiling Mask"},{"floor":24,"key":"Centennial Puzzle"},{"floor":26,"key":"Toxic Egg 2"}],"event_choices":[{"damage_healed":0,"gold_gain":0,"player_choice":"Grow","damage_taken":0,"max_hp_gain":0,"max_hp_loss":0,"event_name":"Living Wall","floor":2,"gold_loss":0,"cards_upgraded":["Neutralize"]},{"damage_healed":0,"gold_gain":0,"player_choice":"Entered Light","damage_taken":13,"max_hp_gain":0,"max_hp_loss":0,"event_name":"Shining Light","floor":3,"gold_loss":0,"cards_upgraded":["Strike_G","Defend_G"]},{"damage_healed":0,"gold_gain":100,"player_choice":"Pray","damage_taken":0,"max_hp_gain":0,"max_hp_loss":0,"event_name":"Golden Shrine","floor":4,"gold_loss":0},{"damage_healed":0,"gold_gain":0,"player_choice":"Shed Blood","damage_taken":16,"max_hp_gain":5,"max_hp_loss":0,"event_name":"Forgotten Altar","floor":19,"gold_loss":0},{"damage_healed":0,"gold_gain":0,"player_choice":"Inject Mutagens","damage_taken":0,"relics_obtained":["MutagenicStrength"],"max_hp_gain":0,"max_hp_loss":0,"event_name":"Drug Dealer","floor":20,"gold_loss":0},{"damage_healed":0,"gold_gain":0,"player_choice":"Simplicity","damage_taken":0,"max_hp_gain":0,"max_hp_loss":0,"event_name":"Back to Basics","floor":21,"gold_loss":0,"cards_upgraded":["Defend_G","Defend_G","Defend_G","Defend_G","Strike_G","Strike_G","Strike_G","Strike_G"]},{"damage_healed":0,"gold_gain":0,"player_choice":"Ignored","damage_taken":0,"max_hp_gain":0,"max_hp_loss":0,"event_name":"Ghosts","floor":29,"gold_loss":0},{"damage_healed":0,"gold_gain":0,"player_choice":"0 cards matched","damage_taken":0,"max_hp_gain":0,"max_hp_loss":0,"event_name":"Match and Keep!","floor":36,"gold_loss":0,"cards_obtained":[]},{"damage_healed":0,"gold_gain":0,"player_choice":"Took Portal","damage_taken":0,"max_hp_gain":0,"max_hp_loss":0,"event_name":"SecretPortal","floor":38,"gold_loss":0}],"is_beta":false,"boss_relics":[{"not_picked":["Busted Crown","Eternal Feather"],"picked":"Orrery"},{"not_picked":["Runic Dome","Philosopher\u0027s Stone"],"picked":"Sozu"}],"items_purged_floors":[],"is_endless":false,"potions_floor_spawned":[6,7,12,13,18,24,35],"ascension_level":2}