{"gold_per_floor":[114,130,130,130,143,143,177,177,227,242,37,112,145,420,420,545,545,561,5,5,17,217,248,265,293,293,325,325,325,325,325,325,424,424,438,493,568,568,568,603,3,3,27,27,58,8,33,33,33,33],"floor_reached":51,"playtime":4851,"items_purged":["Regret"],"score":959,"play_id":"b0fac632-b2f6-4a0f-9836-9e3c5e115ec2","local_time":"20190331161713","is_ascension_mode":true,"campfire_choices":[{"data":"Neutralize","floor":6,"key":"SMITH"},{"data":"Leg Sweep","floor":8,"key":"SMITH"},{"data":"Dash","floor":15,"key":"SMITH"},{"data":"Phantasmal Killer","floor":28,"key":"SMITH"},{"data":"Pain","floor":32,"key":"PURGE"},{"floor":44,"key":"RECALL"},{"data":"Escape Plan","floor":49,"key":"PURGE"}],"neow_cost":"NONE","seed_source_timestamp":42506525689100,"circlet_count":0,"master_deck":["Defend_G","Defend_G","Defend_G+1","Defend_G","Defend_G","Strike_G","Strike_G","Survivor+1","Neutralize+1","Finisher+1","Tools of the Trade+1","Sucker Punch","Deflect","Dash+1","Leg Sweep+1","Crippling Poison","Noxious Fumes","Corpse Explosion","Flying Knee+1","PiercingWail","Dagger Spray+1","Skewer","Phantasmal Killer+1","Flying Knee","Grand Finale","Bane+1","Madness","Madness","Backstab","Discovery","Sucker Punch+1","Bouncing Flask"],"relics":["Astrolabe","Bloody Idol","Bag of Preparation","War Paint","Juzu Bracelet","Kunai","Busted Crown","Incense Burner","TwistedFunnel","FossilizedHelix","Mercury Hourglass","Peace Pipe","WarpedTongs","Runic Pyramid","Torii","Thread and Needle","Ginger","Frozen Eye","PreservedInsect","Meat on the Bone","Anchor","Bottled Lightning"],"potions_floor_usage":[7,13,16,25,27,27,33,36,40,47,50],"damage_taken":[{"damage":0,"enemies":"2 Louse","floor":1,"turns":4},{"damage":0,"enemies":"Jaw Worm","floor":2,"turns":3},{"damage":1,"enemies":"Cultist","floor":5,"turns":4},{"damage":13,"enemies":"3 Sentries","floor":7,"turns":10},{"damage":0,"enemies":"Looter","floor":10,"turns":4},{"damage":3,"enemies":"Gremlin Nob","floor":13,"turns":6},{"damage":21,"enemies":"The Guardian","floor":16,"turns":11},{"damage":2,"enemies":"Shell Parasite","floor":18,"turns":5},{"damage":2,"enemies":"Chosen","floor":21,"turns":4},{"damage":6,"enemies":"Gremlin Leader","floor":23,"turns":6},{"damage":8,"enemies":"Shelled Parasite and Fungi","floor":24,"turns":6},{"damage":4,"enemies":"Book of Stabbing","floor":25,"turns":6},{"damage":4,"enemies":"Gremlin Leader","floor":27,"turns":6},{"damage":0,"enemies":"Automaton","floor":33,"turns":8},{"damage":0,"enemies":"Orb Walker","floor":35,"turns":3},{"damage":8,"enemies":"2 Orb Walkers","floor":36,"turns":3},{"damage":2,"enemies":"Nemesis","floor":40,"turns":7},{"damage":0,"enemies":"Giant Head","floor":45,"turns":7},{"damage":0,"enemies":"Reptomancer","floor":47,"turns":4},{"damage":32,"enemies":"Time Eater","floor":50,"turns":12}],"seed_played":"7872720724224124665","potions_obtained":[{"floor":2,"key":"LiquidBronze"},{"floor":13,"key":"AttackPotion"},{"floor":16,"key":"Weak Potion"},{"floor":21,"key":"SpeedPotion"},{"floor":25,"key":"GhostInAJar"},{"floor":27,"key":"Swift Potion"},{"floor":33,"key":"Weak Potion"},{"floor":36,"key":"Explosive Potion"},{"floor":45,"key":"Explosive Potion"}],"is_trial":false,"path_per_floor":["M","M","?","?","M","R","E","R","T","M","$","?","E","?","R","B",null,"M","$","?","M","?","E","M","E","T","E","R","?","?","?","R","B",null,"M","?","?","?","?","E","$","?","T","R","E","$","E","T","R","B",null],"character_chosen":"THE_SILENT","items_purchased":["Juzu Bracelet","Block Potion","Incense Burner","TwistedFunnel","Strength Potion","Ginger","Frozen Eye","Backstab","Strength Potion"],"campfire_rested":0,"item_purchase_floors":[11,11,19,19,19,41,41,41,46],"current_hp_per_floor":[70,70,53,80,79,79,66,66,66,66,66,55,52,52,52,31,80,78,78,78,80,80,79,76,77,77,78,78,78,78,78,78,80,80,80,77,72,72,62,65,65,65,70,70,75,75,80,80,80,48],"gold":33,"neow_bonus":"BOSS_RELIC","is_prod":false,"is_daily":false,"chose_seed":false,"campfire_upgraded":4,"win_rate":0,"timestamp":1554063433,"path_taken":["M","M","?","?","?","R","E","R","T","M","$","?","E","?","R","BOSS","M","$","?","M","?","E","M","E","T","E","R","?","?","?","R","BOSS","M","?","?","?","?","E","$","?","T","R","E","?","E","?","R","BOSS"],"build_version":"2019-01-23","purchased_purges":1,"victory":true,"max_hp_per_floor":[70,70,70,80,80,80,80,80,80,80,80,80,80,80,80,80,80,80,80,80,80,80,80,80,80,80,80,80,80,80,80,80,80,80,80,80,80,80,80,80,80,80,80,80,80,80,80,80,80,80],"card_choices":[{"not_picked":["Cloak And Dagger","Prepared"],"picked":"Sucker Punch","floor":1},{"not_picked":["Dodge and Roll","Prepared"],"picked":"Deflect","floor":2},{"not_picked":["Terror","Predator"],"picked":"Dash","floor":5},{"not_picked":["Malaise","Flying Knee"],"picked":"Leg Sweep","floor":7},{"not_picked":["Caltrops","Expertise"],"picked":"Crippling Poison","floor":10},{"not_picked":["Doppelganger","Poisoned Stab"],"picked":"Noxious Fumes","floor":13},{"not_picked":["Envenom","Tools of the Trade"],"picked":"Corpse Explosion","floor":16},{"not_picked":[],"picked":"Flying Knee+1","floor":18},{"not_picked":[],"picked":"PiercingWail","floor":21},{"not_picked":[],"picked":"Escape Plan","floor":23},{"not_picked":[],"picked":"Dagger Spray+1","floor":24},{"not_picked":[],"picked":"Skewer","floor":25},{"not_picked":[],"picked":"Phantasmal Killer","floor":27},{"not_picked":[],"picked":"Grand Finale","floor":33},{"not_picked":[],"picked":"Bane+1","floor":35},{"not_picked":["Finisher"],"picked":"SKIP","floor":40},{"not_picked":[],"picked":"Discovery","floor":42},{"not_picked":[],"picked":"Sucker Punch+1","floor":45},{"not_picked":[],"picked":"Bouncing Flask","floor":47}],"player_experience":110876,"relics_obtained":[{"floor":7,"key":"Bag of Preparation"},{"floor":9,"key":"War Paint"},{"floor":13,"key":"Kunai"},{"floor":23,"key":"FossilizedHelix"},{"floor":25,"key":"Mercury Hourglass"},{"floor":27,"key":"Peace Pipe"},{"floor":36,"key":"Torii"},{"floor":40,"key":"Thread and Needle"},{"floor":43,"key":"PreservedInsect"},{"floor":45,"key":"Meat on the Bone"},{"floor":47,"key":"Anchor"},{"floor":48,"key":"Bottled Lightning"}],"event_choices":[{"damage_healed":0,"gold_gain":0,"player_choice":"Take Damage","damage_taken":17,"relics_obtained":["Golden Idol"],"max_hp_gain":0,"max_hp_loss":0,"event_name":"Golden Idol","floor":3,"gold_loss":0},{"cards_removed":["Burst"],"damage_healed":17,"gold_gain":0,"player_choice":"Offered Rare","damage_taken":0,"max_hp_gain":10,"max_hp_loss":0,"event_name":"Bonfire Elementals","floor":4,"gold_loss":0},{"damage_healed":0,"gold_gain":75,"player_choice":"Gather Gold","damage_taken":11,"max_hp_gain":0,"max_hp_loss":0,"event_name":"World of Goop","floor":12,"gold_loss":0},{"damage_healed":0,"gold_gain":275,"player_choice":"Desecrate","damage_taken":0,"max_hp_gain":0,"max_hp_loss":0,"event_name":"Golden Shrine","floor":14,"gold_loss":0,"cards_obtained":["Regret"]},{"damage_healed":0,"gold_gain":0,"player_choice":"Gave Idol","damage_taken":0,"relics_obtained":["Bloody Idol"],"max_hp_gain":0,"max_hp_loss":0,"event_name":"Forgotten Altar","floor":20,"relics_lost":["Golden Idol"],"gold_loss":0},{"damage_healed":0,"gold_gain":200,"player_choice":"Gold","damage_taken":0,"max_hp_gain":0,"max_hp_loss":0,"event_name":"Wheel of Change","floor":22,"gold_loss":0},{"damage_healed":0,"gold_gain":0,"player_choice":"Read","damage_taken":0,"max_hp_gain":0,"max_hp_loss":0,"event_name":"The Library","floor":29,"gold_loss":0,"cards_obtained":["Flying Knee"]},{"damage_healed":0,"gold_gain":0,"player_choice":"Rummage","damage_taken":0,"relics_obtained":["WarpedTongs"],"max_hp_gain":0,"max_hp_loss":0,"event_name":"Accursed Blacksmith","floor":30,"gold_loss":0,"cards_obtained":["Pain"]},{"damage_healed":0,"gold_gain":0,"player_choice":"Ignored","damage_taken":0,"max_hp_gain":0,"max_hp_loss":0,"event_name":"Ghosts","floor":31,"gold_loss":0},{"damage_healed":0,"gold_gain":0,"player_choice":"Fight","damage_taken":0,"max_hp_gain":0,"max_hp_loss":0,"event_name":"Mysterious Sphere","floor":36,"gold_loss":0},{"damage_healed":0,"gold_gain":75,"player_choice":"Touch","damage_taken":8,"max_hp_gain":0,"max_hp_loss":0,"event_name":"FaceTrader","floor":37,"gold_loss":0},{"damage_healed":0,"gold_gain":0,"player_choice":"Ignored","damage_taken":0,"max_hp_gain":0,"max_hp_loss":0,"event_name":"Tomb of Lord Red Mask","floor":38,"gold_loss":0},{"damage_healed":0,"gold_gain":0,"player_choice":"Embrace Madness","damage_taken":10,"max_hp_gain":0,"max_hp_loss":0,"event_name":"Winding Halls","floor":39,"gold_loss":0,"cards_obtained":["Madness","Madness"]},{"damage_healed":0,"gold_gain":0,"player_choice":"Memory 1","damage_taken":0,"max_hp_gain":0,"max_hp_loss":0,"event_name":"SensoryStone","floor":42,"gold_loss":0}],"is_beta":false,"boss_relics":[{"not_picked":["Pandora\u0027s Box","Ectoplasm"],"picked":"Busted Crown"},{"not_picked":["Philosopher\u0027s Stone","Coffee Dripper"],"picked":"Runic Pyramid"}],"items_purged_floors":[41],"is_endless":false,"potions_floor_spawned":[2,13,16,21,25,27,33,36,45],"ascension_level":1}