{"gold_per_floor":[118,138,138,148,160,186,186,214,238,10,35,35,60,80,80,183,183,166,184,184,459,384,384,413,413,413,431,431,2,15,45,45,143,143,158,158,80,99,110,110,121,121,121,150,162],"floor_reached":45,"playtime":2698,"items_purged":["Regret","Strike_B"],"score":686,"play_id":"e42e91f6-18d3-4649-b9dd-6f9e891d496b","local_time":"20180821104704","is_ascension_mode":true,"campfire_choices":[{"data":"Zap","floor":7,"key":"SMITH"},{"floor":12,"key":"REST"},{"data":"Beam Cell","floor":15,"key":"SMITH"},{"data":"Go for the Eyes","floor":23,"key":"SMITH"},{"data":"Creative AI","floor":25,"key":"SMITH"},{"floor":28,"key":"REST"},{"data":"Coolheaded","floor":32,"key":"SMITH"},{"floor":40,"key":"REST"},{"floor":42,"key":"REST"}],"neow_cost":"NONE","seed_source_timestamp":3386746850506,"circlet_count":0,"master_deck":["Strike_B","Defend_B","Defend_B","Defend_B+1","Defend_B","Zap+1","Dualcast","Beam Cell+1","Coolheaded","Go for the Eyes+1","Steam","Genetic Algorithm+1","Electrodynamics","Glacier","Coolheaded+1","Ball Lightning","Creative AI+1","Undo","Fission","Loop","Coolheaded+1","Cold Snap+1"],"relics":["Cracked Core","Ancient Tea Set","Lantern","Happy Flower","Bag of Preparation","Boot","War Paint","Busted Crown","Oddly Smooth Stone","Dodecahedron","Bronze Scales","Strawberry","Snecko Eye","MawBank"],"potions_floor_usage":[8,45],"damage_taken":[{"damage":0,"enemies":"Cultist","floor":1,"turns":4},{"damage":0,"enemies":"Small Slimes","floor":2,"turns":3},{"damage":0,"enemies":"2 Louse","floor":4,"turns":2},{"damage":7,"enemies":"Exordium Wildlife","floor":5,"turns":5},{"damage":28,"enemies":"Gremlin Nob","floor":6,"turns":5},{"damage":12,"enemies":"3 Sentries","floor":8,"turns":7},{"damage":7,"enemies":"Lagavulin","floor":13,"turns":8},{"damage":0,"enemies":"Red Slaver","floor":14,"turns":4},{"damage":13,"enemies":"The Guardian","floor":16,"turns":14},{"damage":0,"enemies":"2 Thieves","floor":18,"turns":4},{"damage":8,"enemies":"Shell Parasite","floor":19,"turns":8},{"damage":23,"enemies":"Slavers","floor":24,"turns":6},{"damage":0,"enemies":"Chosen and Byrds","floor":27,"turns":5},{"damage":0,"enemies":"Snecko","floor":30,"turns":6},{"damage":11,"enemies":"Book of Stabbing","floor":31,"turns":6},{"damage":33,"enemies":"Automaton","floor":33,"turns":12},{"damage":13,"enemies":"Flame Bruiser 1 Orb","floor":35,"turns":13},{"damage":10,"enemies":"Orb Walker","floor":38,"turns":5},{"damage":30,"enemies":"Jaw Worm Horde","floor":39,"turns":6},{"damage":0,"enemies":"Spire Growth","floor":41,"turns":8},{"damage":22,"enemies":"Flame Bruiser 2 Orb","floor":44,"turns":7},{"damage":53,"enemies":"2 Orb Walkers","floor":45,"turns":3}],"seed_played":"4690106869501967765","potions_obtained":[{"floor":4,"key":"Energy Potion"},{"floor":5,"key":"Fire Potion"},{"floor":6,"key":"Energy Potion"},{"floor":16,"key":"EssenceOfSteel"},{"floor":31,"key":"PowerPotion"},{"floor":35,"key":"AttackPotion"},{"floor":38,"key":"Dexterity Potion"}],"is_trial":false,"path_per_floor":["M","M","?","M","M","E","R","E","T","$","T","R","E","M","R","B",null,"M","M","?","?","$","R","E","R","T","M","R","$","M","E","R","B",null,"M","?","$","M","M","R","M","R","T","M"],"character_chosen":"DEFECT","items_purchased":["Glacier","Bag of Preparation","Bronze Scales","Machine Learning","Undo","Loop"],"campfire_rested":4,"item_purchase_floors":[10,10,29,29,29,37],"current_hp_per_floor":[68,68,61,61,54,26,26,14,14,14,14,36,29,29,29,16,60,60,52,52,52,52,52,29,29,29,29,51,51,51,47,47,14,65,52,52,52,42,12,36,36,60,60,38,0],"gold":162,"neow_bonus":"TRANSFORM_CARD","is_prod":false,"is_daily":false,"chose_seed":false,"campfire_upgraded":5,"win_rate":0,"timestamp":1534828624,"path_taken":["M","?","?","M","M","E","R","E","T","$","?","R","E","M","R","BOSS","M","M","?","?","$","R","E","R","T","M","R","$","?","E","R","BOSS","M","?","$","M","M","R","?","R","T","M","E"],"build_version":"2018-08-16","purchased_purges":2,"victory":false,"max_hp_per_floor":[75,75,75,75,75,75,75,75,75,75,75,75,75,75,75,75,75,75,75,75,75,75,75,75,75,75,75,75,75,75,82,82,82,82,82,82,82,82,82,82,82,82,82,82,82],"card_choices":[{"not_picked":["Barrage","Recycle"],"picked":"Beam Cell","floor":1},{"not_picked":["Redo","Fusion"],"picked":"Coolheaded","floor":2},{"not_picked":["Streamline","Reinforced Body"],"picked":"Go for the Eyes","floor":4},{"not_picked":["Doom and Gloom","Aggregate"],"picked":"Steam","floor":5},{"not_picked":["Coolheaded","White Noise"],"picked":"Genetic Algorithm","floor":6},{"not_picked":["Skim","Conserve Battery"],"picked":"Electrodynamics","floor":8},{"not_picked":["Rip and Tear","Steam Power"],"picked":"Coolheaded","floor":13},{"not_picked":["Conserve Battery","Reinforced Body"],"picked":"Ball Lightning","floor":14},{"not_picked":["Electrodynamics","Amplify"],"picked":"Creative AI","floor":16},{"not_picked":["Sweeping Beam+1"],"picked":"SKIP","floor":18},{"not_picked":["Turbo"],"picked":"SKIP","floor":19},{"not_picked":["Tempest+1"],"picked":"SKIP","floor":24},{"not_picked":["Rebound"],"picked":"SKIP","floor":27},{"not_picked":["Genetic Algorithm"],"picked":"SKIP","floor":30},{"not_picked":["Redo+1"],"picked":"SKIP","floor":31},{"not_picked":[],"picked":"Fission","floor":33},{"not_picked":["Lockon+1"],"picked":"SKIP","floor":35},{"not_picked":[],"picked":"Coolheaded+1","floor":38},{"not_picked":["Ball Lightning"],"picked":"SKIP","floor":39},{"not_picked":[],"picked":"Cold Snap+1","floor":41},{"not_picked":["Sweeping Beam"],"picked":"SKIP","floor":44}],"player_experience":447660,"relics_obtained":[{"floor":6,"key":"Ancient Tea Set"},{"floor":8,"key":"Lantern"},{"floor":9,"key":"Happy Flower"},{"floor":11,"key":"Boot"},{"floor":13,"key":"War Paint"},{"floor":24,"key":"Oddly Smooth Stone"},{"floor":26,"key":"Dodecahedron"},{"floor":31,"key":"Strawberry"},{"floor":43,"key":"MawBank"}],"event_choices":[{"event_name":"Golden Wing","player_choice":"Card Removal","floor":3,"damage_taken":0},{"event_name":"Purifier","player_choice":"One Purge","floor":20,"damage_taken":0},{"event_name":"Golden Shrine","player_choice":"Desecrate","floor":21,"damage_taken":0},{"event_name":"Falling","player_choice":"Removed Power","floor":36,"damage_taken":0}],"is_beta":true,"boss_relics":[{"not_picked":["Lizard Tail","Nuclear Battery"],"picked":"Busted Crown"},{"not_picked":["Coffee Dripper","Runic Pyramid"],"picked":"Snecko Eye"}],"items_purged_floors":[22,29],"is_endless":false,"potions_floor_spawned":[4,5,6,16,19,31,33,35,38],"killed_by":"2 Orb Walkers","ascension_level":9}