{"path_per_floor":["M","?","?","$","M","E","R","E","T","E","R","E","M","?","R","B",null,"M","M","$","M","M","E","R","E","T","?","?","$","M","M","R","B",null,"M","M","?","$","M","E","M","R","T","$","M","E","R","E","R","B"],"character_chosen":"DEFECT","items_purchased":["Mummified Hand","Jack Of All Trades","Impulse","Pear"],"gold_per_floor":[109,59,59,59,74,103,103,135,158,190,190,217,232,332,332,433,433,416,434,434,445,463,489,489,518,573,573,573,159,170,186,186,285,285,297,317,317,268,284,311,324,324,324,62,81,116,116,141,141,141],"floor_reached":51,"campfire_rested":3,"playtime":2891,"current_hp_per_floor":[75,75,60,60,60,60,60,40,40,40,40,60,60,60,60,22,89,78,70,70,55,69,62,62,32,32,32,32,32,19,40,66,47,89,89,74,74,74,74,55,44,70,70,80,80,79,79,45,74,25],"items_purged":["Strike_B"],"gold":141,"score":936,"play_id":"0ebb35a9-b321-46de-b7bb-eec93a8fbbdb","local_time":"20180427232003","is_prod":false,"is_daily":false,"chose_seed":false,"is_ascension_mode":true,"campfire_upgraded":5,"timestamp":1524842403,"path_taken":["M","?","?","$","?","E","R","E","T","E","R","E","M","?","R","BOSS","M","M","$","M","M","E","R","E","T","?","?","$","M","M","R","BOSS","M","?","?","$","M","E","?","R","T","$","M","E","R","E","R","BOSS"],"build_version":"2018-04-26v2","seed_source_timestamp":208849528110592,"purchased_purges":1,"victory":true,"master_deck":["Strike_B+1","Strike_B+1","Defend_B","Defend_B","Defend_B","Defend_B","Zap","Dualcast","Buffer+1","Doom and Gloom","Chill","Allocate+1","Creative AI+1","Barrage","Capacitor","Echo Form","Skim+1","Chaos","Capacitor","Capacitor","Double Energy+1","Amplify","Jack Of All Trades","Blaster","Conserve Battery+1","Echo Form","Allocate+1","Impulse+1","Darkness+1","Defragment+1","Double Energy+1"],"max_hp_per_floor":[75,75,75,75,75,75,75,75,75,75,75,89,89,89,89,89,89,89,89,89,89,89,89,89,89,89,89,89,89,89,89,89,89,89,89,89,89,89,89,89,89,89,89,99,99,99,99,99,99,99],"relics":["Cracked Core","NeowsBlessing","Anchor","Mercury Hourglass","Bag of Preparation","Torii","Mango","Snecko Eye","Dead Branch","Bottled Flame","Tiny Chest","Mummified Hand","Lizard Tail","Darkstone Periapt","Ice Cream","Pear","Smiling Mask","Question Card"],"card_choices":[{"not_picked":["Heatsinks","Stack"],"picked":"Buffer","floor":1.0},{"not_picked":["Steam Power","Storm"],"picked":"Doom and Gloom","floor":5.0},{"not_picked":["Force Field","Axe Kick"],"picked":"Chill","floor":6.0},{"not_picked":["Conserve Battery","Sunder"],"picked":"Allocate","floor":8.0},{"not_picked":["Reprogram","Capacitor"],"picked":"Creative AI","floor":10.0},{"not_picked":["Axe Kick","Stack"],"picked":"Barrage","floor":12.0},{"not_picked":["Hologram","Sunder"],"picked":"Capacitor","floor":13.0},{"not_picked":["Creative AI","Nova"],"picked":"Echo Form","floor":16.0},{"not_picked":["Ball Lightning","Hello World"],"picked":"Skim","floor":18.0},{"not_picked":["Coolheaded","Aggregate"],"picked":"Chaos","floor":19.0},{"not_picked":["Loop","Beam Cell"],"picked":"Capacitor","floor":21.0},{"not_picked":["Go for the Eyes","Sweeping Beam"],"picked":"Capacitor","floor":22.0},{"not_picked":["Capacitor","Coolheaded"],"picked":"Double Energy","floor":23.0},{"not_picked":["Skim","Capacitor"],"picked":"Amplify","floor":25.0},{"not_picked":["Ball Lightning","Sweeping Beam"],"picked":"Blaster","floor":30.0},{"not_picked":["Stack","Barrage"],"picked":"Conserve Battery","floor":31.0},{"not_picked":["Biased Cognition","Multi-Cast"],"picked":"Echo Form","floor":33.0},{"not_picked":["Aggregate","Tempest"],"picked":"Allocate","floor":36.0},{"not_picked":["Rebound","Storm"],"picked":"Darkness","floor":45.0},{"not_picked":["Undo","Melter"],"picked":"Defragment","floor":46.0},{"not_picked":["Genetic Algorithm","Turbo"],"picked":"Double Energy","floor":48.0}],"player_experience":911523,"potions_floor_usage":[50,50,50],"damage_taken":[{"damage":0.0,"enemies":"2 Louse","floor":1.0,"turns":1.0},{"damage":0.0,"enemies":"Jaw Worm","floor":5.0,"turns":1.0},{"damage":0.0,"enemies":"Gremlin Nob","floor":6.0,"turns":1.0},{"damage":20.0,"enemies":"Lagavulin","floor":8.0,"turns":8.0},{"damage":0.0,"enemies":"3 Sentries","floor":10.0,"turns":3.0},{"damage":1.0,"enemies":"Gremlin Nob","floor":12.0,"turns":5.0},{"damage":0.0,"enemies":"Small Slimes","floor":13.0,"turns":2.0},{"damage":38.0,"enemies":"Hexaghost","floor":16.0,"turns":10.0},{"damage":11.0,"enemies":"2 Thieves","floor":18.0,"turns":4.0},{"damage":8.0,"enemies":"Shell Parasite","floor":19.0,"turns":6.0},{"damage":15.0,"enemies":"Snake Plant","floor":21.0,"turns":5.0},{"damage":0.0,"enemies":"Snecko","floor":22.0,"turns":7.0},{"damage":7.0,"enemies":"Slavers","floor":23.0,"turns":6.0},{"damage":37.0,"enemies":"Gremlin Leader","floor":25.0,"turns":8.0},{"damage":13.0,"enemies":"Cultist and Chosen","floor":30.0,"turns":5.0},{"damage":0.0,"enemies":"Sentry and Sphere","floor":31.0,"turns":7.0},{"damage":26.0,"enemies":"Collector","floor":33.0,"turns":6.0},{"damage":0.0,"enemies":"Flame Bruiser 1 Orb","floor":35.0,"turns":4.0},{"damage":15.0,"enemies":"3 Shapes","floor":36.0,"turns":3.0},{"damage":0.0,"enemies":"Maw","floor":39.0,"turns":7.0},{"damage":40.0,"enemies":"2 Orb Walkers","floor":40.0,"turns":7.0},{"damage":11.0,"enemies":"Sphere and 2 Shapes","floor":41.0,"turns":5.0},{"damage":0.0,"enemies":"Spire Growth","floor":45.0,"turns":4.0},{"damage":1.0,"enemies":"Nemesis","floor":46.0,"turns":7.0},{"damage":34.0,"enemies":"2 Orb Walkers","floor":48.0,"turns":4.0},{"damage":107,"enemies":"Awakened One","floor":50,"turns":10}],"event_choices":[{"event_name":"The Cleric","player_choice":"Card Removal","floor":2.0,"damage_taken":0.0},{"event_name":"Shining Light","player_choice":"Entered Light","floor":3.0,"damage_taken":0.0},{"event_name":"Wheel of Change","player_choice":"Gold","floor":14.0,"damage_taken":0.0},{"event_name":"Cursed Tome","player_choice":"Ignored","floor":27.0,"damage_taken":0.0},{"event_name":"Ghosts","player_choice":"Ignored","floor":28.0,"damage_taken":0.0},{"event_name":"Tomb of Lord Red Mask","player_choice":"Ignored","floor":37.0,"damage_taken":0.0}],"boss_relics":[],"potions_floor_spawned":[1,13,16,21,22,23,25,30,33,35,39,40,41,48],"seed_played":"8837508947683569685","ascension_level":2,"is_trial":false}