{"gold_per_floor":[112,126,126,138,152,152,179,179,204,56,72,100,100,134,134,231,231,248,175,189,108,125,125,158,168,168,181,181,199,124,124,124,124],"floor_reached":33,"playtime":1960,"items_purged":["Strike_R"],"score":330,"play_id":"98ca1d7e-b5e2-424d-8e5b-f25cfe03c8d0","local_time":"20190323111242","is_ascension_mode":true,"campfire_choices":[{"data":"Bash","floor":6.0,"key":"SMITH"},{"data":"Whirlwind","floor":8.0,"key":"SMITH"},{"data":"Armaments","floor":13.0,"key":"SMITH"},{"floor":15.0,"key":"REST"},{"data":"Disarm","floor":23,"key":"SMITH"},{"data":"Shrug It Off","floor":28,"key":"SMITH"},{"data":"Inflame","floor":32,"key":"SMITH"}],"neow_cost":"NONE","seed_source_timestamp":0,"circlet_count":0,"master_deck":["Strike_R","Strike_R","Strike_R+1","Defend_R","Defend_R+1","Defend_R","Defend_R","Bash+1","Headbutt","Wild Strike","Anger","Whirlwind+1","Corruption","Warcry","Disarm+1","Armaments+1","Reaper","Feel No Pain","Warcry","Dual Wield","Pummel+1","Shrug It Off+1","Decay","Inflame+1","Inflame+1"],"special_seed":0,"relics":["Burning Blood","Boot","MawBank","Bag of Preparation","Vajra","Cursed Key","PreservedInsect","Red Skull","GremlinMask"],"potions_floor_usage":[25,27,33,33],"damage_taken":[{"damage":7.0,"enemies":"Jaw Worm","floor":1.0,"turns":3.0},{"damage":6.0,"enemies":"Cultist","floor":2.0,"turns":3.0},{"damage":0.0,"enemies":"Small Slimes","floor":4.0,"turns":2.0},{"damage":18.0,"enemies":"3 Louse","floor":5.0,"turns":3.0},{"damage":13.0,"enemies":"Gremlin Nob","floor":7.0,"turns":4.0},{"damage":4.0,"enemies":"Large Slime","floor":11.0,"turns":5.0},{"damage":25.0,"enemies":"3 Sentries","floor":12.0,"turns":5.0},{"damage":21.0,"enemies":"Lagavulin","floor":14.0,"turns":5.0},{"damage":5.0,"enemies":"Slime Boss","floor":16.0,"turns":7.0},{"damage":7,"enemies":"Chosen","floor":18,"turns":3},{"damage":6,"enemies":"3 Byrds","floor":20,"turns":4},{"damage":8,"enemies":"Snecko","floor":22,"turns":3},{"damage":43,"enemies":"Slavers","floor":24,"turns":4},{"damage":12,"enemies":"Snake Plant","floor":25,"turns":3},{"damage":17,"enemies":"Cultist and Chosen","floor":27,"turns":6},{"damage":0,"enemies":"Snecko","floor":29,"turns":2},{"damage":76,"enemies":"Automaton","floor":33,"turns":8}],"seed_played":"5498396259247505967","potions_obtained":[{"floor":2.0,"key":"Regen Potion"},{"floor":4.0,"key":"Block Potion"},{"floor":11.0,"key":"Block Potion"},{"floor":14.0,"key":"Swift Potion"},{"floor":24,"key":"SkillPotion"},{"floor":25,"key":"Explosive Potion"},{"floor":29,"key":"SteroidPotion"}],"is_trial":false,"path_per_floor":["M","M","?","M","M","R","E","R","T","$","M","E","R","E","R","B",null,"M","$","M","$","M","R","E","M","T","M","R","M","?","?","R","B"],"character_chosen":"IRONCLAD","items_purchased":["Corruption","Warcry","Feel No Pain","Dual Wield"],"campfire_rested":1,"item_purchase_floors":[10,10,19,21],"current_hp_per_floor":[87,87,69,75,63,63,56,56,56,56,58,53,53,38,64,65,88,88,88,88,88,86,86,64,58,58,59,59,65,65,65,65,0],"gold":124,"neow_bonus":"TEN_PERCENT_HP_BONUS","is_prod":false,"is_daily":false,"chose_seed":false,"campfire_upgraded":6,"win_rate":0,"timestamp":1553335962,"path_taken":["M","M","?","M","M","R","E","R","T","$","M","E","R","E","R","BOSS","M","$","M","$","M","R","E","M","T","M","R","M","?","?","R","BOSS"],"build_version":"2019-01-23","purchased_purges":1,"victory":false,"max_hp_per_floor":[88,88,88,88,88,88,88,88,88,88,88,88,88,88,88,88,88,88,88,88,88,88,88,88,88,88,88,88,88,88,88,88,88],"card_choices":[{"not_picked":["Clothesline","Pommel Strike"],"picked":"Headbutt","floor":1.0},{"not_picked":["True Grit","Flex"],"picked":"Wild Strike","floor":2.0},{"not_picked":["Dropkick","Thunderclap"],"picked":"Anger","floor":4.0},{"not_picked":["Hemokinesis","Twin Strike","Rage"],"picked":"SKIP","floor":5.0},{"not_picked":["Sword Boomerang","Wild Strike"],"picked":"Whirlwind","floor":7.0},{"not_picked":["Body Slam","Warcry"],"picked":"Disarm","floor":11.0},{"not_picked":["Exhume","Searing Blow"],"picked":"Armaments","floor":12.0},{"not_picked":["Twin Strike","Headbutt","Perfected Strike"],"picked":"SKIP","floor":14.0},{"not_picked":["Exhume","Dark Embrace"],"picked":"Reaper","floor":16.0},{"not_picked":["Wild Strike","Bloodletting","Heavy Blade+1"],"picked":"SKIP","floor":18},{"not_picked":["Headbutt+1","Anger"],"picked":"Warcry","floor":20},{"not_picked":["Flex+1","Clothesline"],"picked":"Pummel+1","floor":22},{"not_picked":["Warcry","Pummel"],"picked":"Shrug It Off","floor":24},{"not_picked":["Wild Strike+1","Havoc","Clash"],"picked":"SKIP","floor":25},{"not_picked":["Perfected Strike+1","Wild Strike"],"picked":"Inflame+1","floor":27},{"not_picked":["Power Through","Rampage"],"picked":"Inflame","floor":29}],"player_experience":217995,"relics_obtained":[{"floor":7.0,"key":"Boot"},{"floor":9.0,"key":"MawBank"},{"floor":12.0,"key":"Bag of Preparation"},{"floor":14.0,"key":"Vajra"},{"floor":24,"key":"PreservedInsect"},{"floor":26,"key":"Red Skull"}],"event_choices":[{"damage_healed":0.0,"max_hp_gain":0.0,"max_hp_loss":0.0,"gold_gain":0.0,"event_name":"Shining Light","player_choice":"Entered Light","floor":3.0,"gold_loss":0.0,"damage_taken":18.0,"cards_upgraded":["Strike_R","Defend_R"]},{"cards_removed":["Strike_R"],"damage_healed":0,"gold_gain":0,"player_choice":"Gave Gold","damage_taken":0,"max_hp_gain":0,"max_hp_loss":0,"event_name":"Beggar","floor":30,"gold_loss":75},{"damage_healed":0,"gold_gain":0,"player_choice":"Trade","damage_taken":0,"relics_obtained":["GremlinMask"],"max_hp_gain":0,"max_hp_loss":0,"event_name":"FaceTrader","floor":31,"gold_loss":0}],"is_beta":false,"boss_relics":[{"not_picked":["Orrery","Tiny House"],"picked":"Cursed Key"}],"items_purged_floors":[10],"is_endless":false,"potions_floor_spawned":[2,4,11,14,24,25,29],"killed_by":"Automaton","ascension_level":3}