{"path_per_floor":["M","M","M","$","M","E","R","M","T","E","R","M","E","M","R","B",null,"M","$","?","?","?"],"character_chosen":"DEFECT","items_purchased":["Storm","Streamline","Capacitor","Self Repair","Capacitor","Capacitor","Heatsinks"],"gold_per_floor":[113,127,143,16,29,56,56,72,72,103,103,121,151,168,168,244,244,258,23,23,223,223,223],"floor_reached":23,"campfire_rested":3,"playtime":714,"current_hp_per_floor":[64,64,60,60,51,13,34,28,28,20,41,22,13,13,34,13,57,57,57,57,57,57,0],"items_purged":[],"gold":223,"score":394,"play_id":"f4cac1f8-96aa-4dee-87d1-7b63fbdf6bc4","local_time":"20180515230207","is_prod":false,"is_daily":false,"chose_seed":false,"is_ascension_mode":true,"campfire_upgraded":0,"timestamp":1526396527,"path_taken":["M","M","M","$","?","E","R","M","T","E","R","M","E","M","R","BOSS","M","$","?","?","?","E"],"build_version":"2018-05-14v2","seed_source_timestamp":470057972057349,"purchased_purges":0,"victory":false,"master_deck":["Strike_B","Strike_B","Strike_B","Strike_B","Defend_B","Defend_B","Defend_B","Defend_B","Zap","Dualcast","AscendersBane","Sweeping Beam","Capacitor","Conserve Battery","Storm","Streamline","Heatsinks","Double Energy","Leap","Force Field","White Noise","Static Discharge","Cold Snap","Creative AI","Hologram","Capacitor","Self Repair","Capacitor","Capacitor","Heatsinks","Storm"],"max_hp_per_floor":[71,71,71,71,71,71,71,71,71,71,71,71,71,71,71,71,71,71,71,71,71,71,71],"relics":["Cracked Core","Thread and Needle","The Courier","Juzu Bracelet","Du-Vu Doll","Philosopher\u0027s Stone"],"card_choices":[{"not_picked":["Ball Lightning","Skim"],"picked":"Sweeping Beam","floor":1.0},{"not_picked":["Barrage","Turbo"],"picked":"Capacitor","floor":2.0},{"not_picked":["Coolheaded","Beam Cell"],"picked":"Conserve Battery","floor":3.0},{"not_picked":["Ball Lightning","Streamline"],"picked":"Heatsinks","floor":5.0},{"not_picked":["Lockon","BootSequence"],"picked":"Double Energy","floor":6.0},{"not_picked":["Turbo","Barrage"],"picked":"Leap","floor":8.0},{"not_picked":["Blizzard","Rainbow"],"picked":"Force Field","floor":10.0},{"not_picked":["Capacitor","Doom and Gloom"],"picked":"White Noise","floor":12.0},{"not_picked":["Streamline","Steam"],"picked":"Static Discharge","floor":13.0},{"not_picked":["Turbo","Genetic Algorithm"],"picked":"Cold Snap","floor":14.0},{"not_picked":["Biased Cognition","Reboot"],"picked":"Creative AI","floor":16.0},{"not_picked":["Rebound","Sweeping Beam"],"picked":"Hologram","floor":18.0}],"player_experience":997505,"potions_floor_usage":[23],"damage_taken":[{"damage":0.0,"enemies":"Cultist","floor":1.0,"turns":4.0},{"damage":0.0,"enemies":"2 Louse","floor":2.0,"turns":1.0},{"damage":4.0,"enemies":"Jaw Worm","floor":3.0,"turns":4.0},{"damage":9.0,"enemies":"2 Fungi Beasts","floor":5.0,"turns":4.0},{"damage":38.0,"enemies":"Gremlin Nob","floor":6.0,"turns":5.0},{"damage":6.0,"enemies":"Large Slime","floor":8.0,"turns":7.0},{"damage":8.0,"enemies":"3 Sentries","floor":10.0,"turns":6.0},{"damage":19.0,"enemies":"Lots of Slimes","floor":12.0,"turns":6.0},{"damage":9.0,"enemies":"Lagavulin","floor":13.0,"turns":7.0},{"damage":0.0,"enemies":"2 Fungi Beasts","floor":14.0,"turns":3.0},{"damage":21.0,"enemies":"Hexaghost","floor":16.0,"turns":10.0},{"damage":0.0,"enemies":"Chosen","floor":18.0,"turns":5.0},{"damage":57,"enemies":"Slavers","floor":23,"turns":2}],"relics_obtained":[{"floor":6.0,"key":"Thread and Needle"},{"floor":9.0,"key":"The Courier"},{"floor":10.0,"key":"Juzu Bracelet"},{"floor":13.0,"key":"Du-Vu Doll"}],"event_choices":[{"event_name":"Drug Dealer","player_choice":"Ignored","floor":20.0,"damage_taken":0.0},{"event_name":"Wheel of Change","player_choice":"Gold","floor":21,"damage_taken":0},{"event_name":"The Library","player_choice":"Read","floor":22,"damage_taken":0}],"boss_relics":[],"potions_floor_spawned":[1,8,10,14,18],"seed_played":"-6590733262191697556","killed_by":"Slavers","ascension_level":15,"potions_obtained":[{"floor":1.0,"key":"Energy Potion"},{"floor":8.0,"key":"AttackPotion"},{"floor":10.0,"key":"AttackPotion"},{"floor":14.0,"key":"Poison Potion"},{"floor":18.0,"key":"FearPotion"}],"is_trial":false}