{"gold_per_floor":[112,128,53,128,108,142,157,187,187,203,228,240,240,251,251,329,329,347,361,377,41,57,89,89,89,89,124,24,24,41,41,41,112,112,125,145,163,263,263,263,297,317,317,336,336,350,378,391,391,391,391,391,37,37],"floor_reached":54,"playtime":2420,"items_purged":["Strike_R","Shame"],"score":1401,"play_id":"0590d9c5-4d1c-40ec-b62a-e0ce54672456","local_time":"20190419151406","is_ascension_mode":true,"campfire_choices":[{"data":"Armaments","floor":13.0,"key":"SMITH"},{"data":"Immolate","floor":15.0,"key":"SMITH"},{"floor":25.0,"key":"REST"},{"data":"Offering","floor":29.0,"key":"SMITH"},{"data":"Battle Trance","floor":32.0,"key":"SMITH"},{"floor":40.0,"key":"RECALL"},{"floor":45.0,"key":"REST"},{"floor":49.0,"key":"DIG"},{"floor":52.0,"key":"DIG"}],"neow_cost":"NONE","seed_source_timestamp":993666467706235,"circlet_count":0,"master_deck":["AscendersBane","Defend_R","Defend_R","Defend_R","Defend_R","Bash","Armaments+1","Hemokinesis","Immolate+1","True Grit","Rupture","True Grit","Offering+1","Spot Weakness","Spot Weakness","Reaper","Shrug It Off","Bloodletting+1","Feel No Pain","Bite+1","Bite+1","Bite+1","Bite+1","Bite+1","Headbutt+1","Battle Trance+1","Limit Break","Hemokinesis+1","Parasite","Thunderclap+1","Evolve","Limit Break","Rage+1"],"special_seed":0,"relics":["Burning Blood","NeowsBlessing","Shuriken","Calipers","Magic Flower","Bottled Lightning","Cursed Key","Blood Vial","Molten Egg 2","Letter Opener","Fusion Hammer","Mango","Charon\u0027s Ashes","Shovel","Art of War","Mercury Hourglass","Happy Flower","Bronze Scales"],"potions_floor_usage":[],"damage_taken":[{"damage":0.0,"enemies":"Jaw Worm","floor":1.0,"turns":1.0},{"damage":0.0,"enemies":"2 Louse","floor":2.0,"turns":1.0},{"damage":0.0,"enemies":"Gremlin Nob","floor":6.0,"turns":1.0},{"damage":4.0,"enemies":"Cultist","floor":7.0,"turns":3.0},{"damage":23.0,"enemies":"3 Sentries","floor":8.0,"turns":5.0},{"damage":11.0,"enemies":"Exordium Thugs","floor":10.0,"turns":5.0},{"damage":19.0,"enemies":"Gremlin Nob","floor":11.0,"turns":3.0},{"damage":0.0,"enemies":"Exordium Wildlife","floor":12.0,"turns":2.0},{"damage":17.0,"enemies":"3 Louse","floor":14.0,"turns":3.0},{"damage":45.0,"enemies":"Slime Boss","floor":16.0,"turns":11.0},{"damage":31.0,"enemies":"Shell Parasite","floor":18.0,"turns":7.0},{"damage":23.0,"enemies":"3 Byrds","floor":19.0,"turns":4.0},{"damage":13.0,"enemies":"Snake Plant","floor":20.0,"turns":4.0},{"damage":35.0,"enemies":"Snecko","floor":22.0,"turns":6.0},{"damage":65.0,"enemies":"Slavers","floor":23.0,"turns":9.0},{"damage":9.0,"enemies":"Gremlin Leader","floor":27.0,"turns":5.0},{"damage":33.0,"enemies":"Cultist and Chosen","floor":30.0,"turns":5.0},{"damage":67.0,"enemies":"Champ","floor":33.0,"turns":10.0},{"damage":13.0,"enemies":"3 Shapes","floor":35.0,"turns":3.0},{"damage":2.0,"enemies":"Orb Walker","floor":36.0,"turns":2.0},{"damage":73.0,"enemies":"Writhing Mass","floor":37.0,"turns":6.0},{"damage":17.0,"enemies":"Mind Bloom Boss Battle","floor":38.0,"turns":6.0},{"damage":22.0,"enemies":"Reptomancer","floor":41.0,"turns":3.0},{"damage":33.0,"enemies":"Jaw Worm Horde","floor":42.0,"turns":2.0},{"damage":28.0,"enemies":"Sphere and 2 Shapes","floor":44.0,"turns":4.0},{"damage":64.0,"enemies":"Maw","floor":46.0,"turns":7.0},{"damage":70.0,"enemies":"Nemesis","floor":47.0,"turns":7.0},{"damage":18.0,"enemies":"3 Darklings","floor":48.0,"turns":5.0},{"damage":125.0,"enemies":"Donu and Deca","floor":50.0,"turns":8.0},{"damage":74,"enemies":"Shield and Spear","floor":54,"turns":3}],"seed_played":"8804354386025575527","potions_obtained":[{"floor":2.0,"key":"Fire Potion"},{"floor":5.0,"key":"Regen Potion"},{"floor":10.0,"key":"Regen Potion"},{"floor":11.0,"key":"SkillPotion"},{"floor":18.0,"key":"Strength Potion"},{"floor":23.0,"key":"Dexterity Potion"},{"floor":27.0,"key":"Explosive Potion"},{"floor":30.0,"key":"GamblersBrew"},{"floor":41.0,"key":"Dexterity Potion"}],"is_trial":false,"path_per_floor":["M","M","?","?","?","E","M","E","T","M","E","M","R","M","R","B",null,"M","M","M","$","M","E","?","R","T","E","$","R","M","T","R","B",null,"M","M","M","?","?","R","E","M","T","M","R","M","E","M","R","B",null,"R","$","E"],"character_chosen":"IRONCLAD","items_purchased":["Reaper","Blood Vial","Shrug It Off","Happy Flower","Bronze Scales","SteroidPotion"],"campfire_rested":2,"item_purchase_floors":[21,21,21,53,53,53],"current_hp_per_floor":[74,75,75,64,64,70,72,67,67,65,55,64,64,56,56,20,61,63,49,45,45,33,16,16,31,31,52,52,52,49,49,49,47,51,52,52,19,66,66,66,66,62,62,52,66,60,42,66,66,37,59,59,59,0],"gold":37,"neow_bonus":"THREE_ENEMY_KILL","is_prod":false,"is_daily":false,"chose_seed":false,"campfire_upgraded":4,"win_rate":0,"timestamp":1555701246,"path_taken":["M","M","?","?","?","E","M","E","T","M","E","?","R","M","R","BOSS","M","M","M","$","M","E","?","R","T","E","$","R","M","?","R","BOSS","M","M","M","?","?","R","E","M","T","M","R","M","E","M","R","BOSS","R","$","E"],"build_version":"2019-04-04","purchased_purges":2,"victory":false,"max_hp_per_floor":[75,75,75,75,75,75,75,75,75,75,75,75,75,75,75,75,75,75,75,75,75,75,75,52,52,52,52,52,52,52,52,52,52,52,52,52,52,66,66,66,66,66,66,66,66,66,66,66,66,66,66,66,66,66],"card_choices":[{"not_picked":["Perfected Strike","Twin Strike"],"picked":"Armaments","floor":1.0},{"not_picked":["Iron Wave","Twin Strike"],"picked":"Hemokinesis","floor":2.0},{"not_picked":["Clothesline","Body Slam"],"picked":"Immolate","floor":6.0},{"not_picked":["Heavy Blade","Clothesline","Rage"],"picked":"SKIP","floor":7.0},{"not_picked":["Second Wind","Clash"],"picked":"True Grit","floor":8.0},{"not_picked":["Corruption","Heavy Blade"],"picked":"Rupture","floor":10.0},{"not_picked":["Clash","Reckless Charge","Armaments"],"picked":"SKIP","floor":11.0},{"not_picked":["Heavy Blade","Anger","Iron Wave"],"picked":"SKIP","floor":12.0},{"not_picked":["Perfected Strike","Wild Strike"],"picked":"True Grit","floor":14.0},{"not_picked":["Dark Embrace","Feed"],"picked":"Offering","floor":16.0},{"not_picked":["Rage","Sword Boomerang"],"picked":"Spot Weakness","floor":18.0},{"not_picked":["Dual Wield","Twin Strike"],"picked":"Spot Weakness","floor":19.0},{"not_picked":["Wild Strike","Perfected Strike","Iron Wave"],"picked":"SKIP","floor":20.0},{"not_picked":["Clash+1","Armaments"],"picked":"Bloodletting+1","floor":22.0},{"not_picked":["Pummel","Warcry"],"picked":"Feel No Pain","floor":23.0},{"not_picked":["Intimidate","Rage"],"picked":"Headbutt+1","floor":27.0},{"not_picked":["Rampage+1","Sever Soul+1"],"picked":"Battle Trance","floor":30.0},{"not_picked":["Demon Form","Double Tap"],"picked":"Limit Break","floor":33.0},{"not_picked":["Flame Barrier","Anger+1"],"picked":"Hemokinesis+1","floor":35.0},{"not_picked":["True Grit","Cleave+1","Spot Weakness"],"picked":"SKIP","floor":36.0},{"not_picked":["Body Slam+1","Havoc+1","Flex"],"picked":"SKIP","floor":37.0},{"not_picked":["True Grit","Bloodletting"],"picked":"Thunderclap+1","floor":38.0},{"not_picked":["Armaments","Twin Strike+1"],"picked":"Evolve","floor":41.0},{"not_picked":["Iron Wave+1","Clothesline+1","Dark Embrace"],"picked":"SKIP","floor":42.0},{"not_picked":["Ghostly Armor+1","Body Slam+1","Clothesline+1"],"picked":"SKIP","floor":44.0},{"not_picked":["Perfected Strike+1","Havoc"],"picked":"Limit Break","floor":46.0},{"not_picked":["True Grit","Pommel Strike+1"],"picked":"Rage+1","floor":47.0},{"not_picked":["Warcry","Rupture","Iron Wave+1"],"picked":"SKIP","floor":48.0}],"player_experience":977087,"relics_obtained":[{"floor":6.0,"key":"Shuriken"},{"floor":8.0,"key":"Calipers"},{"floor":9.0,"key":"Magic Flower"},{"floor":11.0,"key":"Bottled Lightning"},{"floor":23.0,"key":"Molten Egg 2"},{"floor":27.0,"key":"Letter Opener"},{"floor":38.0,"key":"Mango"},{"floor":41.0,"key":"Charon\u0027s Ashes"},{"floor":47.0,"key":"Shovel"},{"floor":49.0,"key":"Art of War"},{"floor":52.0,"key":"Mercury Hourglass"}],"event_choices":[{"cards_removed":["Strike_R"],"damage_healed":0.0,"max_hp_gain":0.0,"max_hp_loss":0.0,"gold_gain":0.0,"event_name":"The Cleric","player_choice":"Card Removal","floor":3.0,"gold_loss":75.0,"damage_taken":0.0},{"damage_healed":0.0,"max_hp_gain":0.0,"max_hp_loss":0.0,"gold_gain":75.0,"event_name":"World of Goop","player_choice":"Gather Gold","floor":4.0,"gold_loss":0.0,"damage_taken":11.0},{"damage_healed":0.0,"max_hp_gain":0.0,"max_hp_loss":0.0,"gold_gain":0.0,"event_name":"The Woman in Blue","player_choice":"Bought 1 Potion","floor":5.0,"gold_loss":0.0,"damage_taken":0.0},{"damage_healed":0.0,"max_hp_gain":0.0,"max_hp_loss":23.0,"gold_gain":0.0,"event_name":"Vampires","player_choice":"Became a vampire","floor":24.0,"gold_loss":0.0,"damage_taken":0.0,"cards_obtained":["Bite","Bite","Bite","Bite","Bite"]},{"damage_healed":0.0,"max_hp_gain":0.0,"max_hp_loss":0.0,"gold_gain":0.0,"event_name":"MindBloom","player_choice":"Fight","floor":38.0,"gold_loss":0.0,"damage_taken":0.0},{"damage_healed":0.0,"max_hp_gain":0.0,"max_hp_loss":0.0,"gold_gain":0.0,"event_name":"Tomb of Lord Red Mask","player_choice":"Ignored","floor":39.0,"gold_loss":0.0,"damage_taken":0.0}],"is_beta":true,"boss_relics":[{"not_picked":["Orrery","Runic Dome"],"picked":"Cursed Key"},{"not_picked":["White Beast Statue","Tiny House"],"picked":"Fusion Hammer"}],"items_purged_floors":[21,28],"is_endless":false,"potions_floor_spawned":[2,10,11,14,18,23,27,30,35,37,41],"killed_by":"Shield and Spear","ascension_level":15}