{"gold_per_floor":[10,21,121,136,136,136,150,181,208,224,11,11,11,26,26,124,124,141,141,156,55,66,98,98,98],"floor_reached":25,"playtime":1002,"items_purged":["Strike_B"],"score":335,"play_id":"5213f7fc-4ec5-4dbb-8fac-5da7d29c3b87","local_time":"20181201120143","is_ascension_mode":true,"campfire_choices":[{"floor":6,"key":"DIG"},{"data":"Blizzard","floor":12,"key":"SMITH"},{"data":"Zap","floor":15,"key":"SMITH"},{"floor":24,"key":"DIG"}],"neow_cost":"NO_GOLD","seed_source_timestamp":86076300662824,"circlet_count":0,"master_deck":["AscendersBane","Strike_B","Strike_B","Strike_B","Defend_B","Defend_B","Defend_B","Defend_B","Zap+1","Dualcast","Ball Lightning","Stack","Glacier","Gash","Self Repair","Gash","Blizzard+1","Streamline","Core Surge","Leap+1","White Noise","Coolheaded","Reinforced Body+1"],"relics":["Cracked Core","Shovel","Lantern","Ancient Tea Set","Blood Vial","Vajra","Velvet Choker","Bronze Scales","Juzu Bracelet"],"potions_floor_usage":[16,18,23,23,23],"damage_taken":[{"damage":5,"enemies":"Small Slimes","floor":1,"turns":4},{"damage":1,"enemies":"Cultist","floor":2,"turns":3},{"damage":0,"enemies":"2 Louse","floor":4,"turns":2},{"damage":0,"enemies":"Large Slime","floor":7,"turns":5},{"damage":22,"enemies":"3 Sentries","floor":8,"turns":9},{"damage":0,"enemies":"Looter","floor":10,"turns":4},{"damage":5,"enemies":"2 Fungi Beasts","floor":14,"turns":4},{"damage":47,"enemies":"Slime Boss","floor":16,"turns":11},{"damage":7,"enemies":"3 Byrds","floor":18,"turns":5},{"damage":22,"enemies":"Spheric Guardian","floor":20,"turns":4},{"damage":14,"enemies":"Centurion and Healer","floor":22,"turns":8},{"damage":18,"enemies":"Slavers","floor":23,"turns":2},{"damage":19,"enemies":"Snake Plant","floor":25,"turns":1}],"seed_played":"507478120913844617","potions_obtained":[{"floor":1,"key":"GamblersBrew"},{"floor":2,"key":"Block Potion"},{"floor":7,"key":"SteroidPotion"},{"floor":16,"key":"SteroidPotion"},{"floor":20,"key":"SteroidPotion"}],"is_trial":false,"path_per_floor":["M","M","?","M","?","R","M","E","T","M","$","R","$","M","R","B",null,"M","?","M","$","M","E","R","M"],"character_chosen":"DEFECT","items_purchased":["Blizzard","Vajra","Coolheaded"],"campfire_rested":0,"item_purchase_floors":[11,11,21],"current_hp_per_floor":[63,62,62,62,62,62,62,40,40,49,49,49,49,53,53,15,60,62,48,35,35,30,14,14,0],"gold":98,"neow_bonus":"ONE_RARE_RELIC","is_prod":false,"is_daily":false,"chose_seed":false,"campfire_upgraded":2,"win_rate":0,"timestamp":1543645903,"path_taken":["M","M","?","?","?","R","M","E","T","M","$","R","$","M","R","BOSS","M","?","M","$","M","E","R","M"],"build_version":"2018-11-15","purchased_purges":1,"victory":false,"max_hp_per_floor":[75,75,75,75,75,75,75,75,75,75,75,75,75,75,75,75,75,75,80,80,80,80,80,80,80],"card_choices":[{"not_picked":["Aggregate","Rebound"],"picked":"Ball Lightning","floor":1},{"not_picked":["Reprogram","Aggregate"],"picked":"Stack","floor":2},{"not_picked":["Steam","Compile Driver"],"picked":"Glacier","floor":4},{"not_picked":["Doom and Gloom","Rebound"],"picked":"Gash","floor":7},{"not_picked":["Redo","Scrape"],"picked":"Self Repair","floor":8},{"not_picked":["Genetic Algorithm","Chill"],"picked":"Gash","floor":10},{"not_picked":["Rainbow","Genetic Algorithm"],"picked":"Streamline","floor":14},{"not_picked":["Meteor Strike","Buffer"],"picked":"Core Surge","floor":16},{"not_picked":["Barrage","Turbo"],"picked":"Leap+1","floor":18},{"not_picked":["Turbo","Stack"],"picked":"White Noise","floor":20},{"not_picked":["Sweeping Beam","Ball Lightning"],"picked":"Reinforced Body+1","floor":22},{"not_picked":["Storm","Redo","Doom and Gloom"],"picked":"SKIP","floor":23}],"player_experience":812037,"relics_obtained":[{"floor":6,"key":"Lantern"},{"floor":8,"key":"Ancient Tea Set"},{"floor":9,"key":"Blood Vial"},{"floor":23,"key":"Bronze Scales"},{"floor":24,"key":"Juzu Bracelet"}],"event_choices":[{"damage_healed":0,"gold_gain":100,"player_choice":"Gold","damage_taken":0,"max_hp_gain":0,"max_hp_loss":0,"event_name":"Wheel of Change","floor":3,"gold_loss":0},{"damage_healed":0,"gold_gain":0,"player_choice":"Fled","damage_taken":0,"max_hp_gain":0,"max_hp_loss":0,"event_name":"Scrap Ooze","floor":5,"gold_loss":0},{"damage_healed":0,"gold_gain":0,"player_choice":"Shed Blood","damage_taken":19,"max_hp_gain":5,"max_hp_loss":0,"event_name":"Forgotten Altar","floor":19,"gold_loss":0}],"is_beta":true,"boss_relics":[{"not_picked":["Inserter","Runic Pyramid"],"picked":"Velvet Choker"}],"items_purged_floors":[21],"is_endless":false,"potions_floor_spawned":[1,2,7,14,16,20],"killed_by":"Snake Plant","ascension_level":10}