{"gold_per_floor":[119,131,57,70,20,51,16,16,16,16,16,34,34,34,34,164,164,188,207,207,55],"floor_reached":21,"playtime":867,"items_purged":[],"score":230,"play_id":"52ae5a6e-85c9-446f-a24d-f0011884cf23","local_time":"20190306214547","is_ascension_mode":true,"campfire_choices":[{"data":"Go for the Eyes","floor":8,"key":"SMITH"},{"data":"Defragment","floor":10,"key":"SMITH"},{"data":"Zap","floor":13,"key":"SMITH"},{"data":"Sweeping Beam","floor":15,"key":"SMITH"}],"neow_cost":"TEN_PERCENT_HP_LOSS","seed_source_timestamp":511783013492437,"circlet_count":0,"master_deck":["Strike_B","Strike_B","Strike_B","Defend_B","Defend_B","Defend_B+1","Zap+1","Dualcast","Reboot+1","Compile Driver","Leap","Defragment+1","Go for the Eyes+1","Coolheaded","Barrage","Sweeping Beam+1","FTL","Static Discharge","Capacitor","Echo Form","Consume"],"relics":["Cracked Core","Bird Faced Urn","Shuriken","Golden Idol","Busted Crown","War Paint"],"potions_floor_usage":[19,19],"damage_taken":[{"damage":2,"enemies":"Jaw Worm","floor":1,"turns":3},{"damage":9,"enemies":"Small Slimes","floor":2,"turns":3},{"damage":1,"enemies":"Cultist","floor":4,"turns":3},{"damage":18,"enemies":"Gremlin Nob","floor":6,"turns":4},{"damage":6,"enemies":"Exordium Thugs","floor":12,"turns":4},{"damage":27,"enemies":"Hexaghost","floor":16,"turns":5},{"damage":22,"enemies":"Spheric Guardian","floor":18,"turns":4},{"damage":16,"enemies":"Chosen","floor":19,"turns":4},{"damage":20,"enemies":"Colosseum Slavers","floor":20,"turns":3}],"seed_played":"-3001819450352332140","potions_obtained":[{"floor":4,"key":"Dexterity Potion"},{"floor":6,"key":"EssenceOfSteel"},{"floor":16,"key":"SkillPotion"},{"floor":18,"key":"GamblersBrew"}],"is_trial":false,"path_per_floor":["M","M","$","M","$","E","$","R","T","R","?","M","R","?","R","B",null,"M","M","?","$"],"character_chosen":"DEFECT","items_purchased":["Go for the Eyes","Coolheaded","Sweeping Beam","Static Discharge","War Paint"],"campfire_rested":0,"item_purchase_floors":[3,3,5,7,21],"current_hp_per_floor":[66,57,57,56,56,38,38,38,38,38,38,36,36,36,36,15,51,37,33,17,17],"gold":55,"neow_bonus":"TRANSFORM_TWO_CARDS","is_prod":false,"is_daily":false,"chose_seed":false,"campfire_upgraded":4,"win_rate":0,"timestamp":1551905147,"path_taken":["M","M","$","M","$","E","$","R","T","R","?","M","R","?","R","BOSS","M","M","?","$"],"build_version":"2019-01-23","purchased_purges":0,"victory":false,"max_hp_per_floor":[68,68,68,68,68,68,68,68,68,68,63,63,63,63,63,63,63,63,63,63,63],"card_choices":[{"not_picked":["Melter","Hello World"],"picked":"Leap","floor":1},{"not_picked":["Chill","Self Repair"],"picked":"Defragment","floor":2},{"not_picked":["Conserve Battery","Capacitor"],"picked":"Barrage","floor":4},{"not_picked":["Rebound","Force Field"],"picked":"FTL","floor":6},{"not_picked":["Chaos","Steam"],"picked":"Capacitor","floor":12},{"not_picked":["All For One","Machine Learning"],"picked":"Echo Form","floor":16},{"not_picked":[],"picked":"Consume","floor":18},{"not_picked":["Doom and Gloom"],"picked":"SKIP","floor":19}],"player_experience":192858,"relics_obtained":[{"floor":6,"key":"Bird Faced Urn"},{"floor":9,"key":"Shuriken"}],"event_choices":[{"damage_healed":0,"gold_gain":0,"player_choice":"Lose Max HP","damage_taken":0,"relics_obtained":["Golden Idol"],"max_hp_gain":0,"max_hp_loss":5,"event_name":"Golden Idol","floor":11,"gold_loss":0},{"damage_healed":0,"gold_gain":0,"player_choice":"Leave","damage_taken":0,"max_hp_gain":0,"max_hp_loss":0,"event_name":"The Cleric","floor":14,"gold_loss":0},{"damage_healed":0,"gold_gain":0,"player_choice":"Fight","damage_taken":0,"max_hp_gain":0,"max_hp_loss":0,"event_name":"Colosseum","floor":20,"gold_loss":0},{"damage_healed":0,"gold_gain":0,"player_choice":"Fled From Nobs","damage_taken":0,"max_hp_gain":0,"max_hp_loss":0,"event_name":"Colosseum","floor":20,"gold_loss":0}],"is_beta":false,"boss_relics":[{"not_picked":["Fusion Hammer","Eternal Feather"],"picked":"Busted Crown"}],"items_purged_floors":[],"is_endless":false,"potions_floor_spawned":[4,6,16,18,20],"ascension_level":6}