{"gold_per_floor":[118,118,134,152,70,105,105,130,184,184,35,51,51,61,61,138,138,149,165,94,106,106,106],"floor_reached":23,"playtime":1038,"items_purged":[],"score":352,"play_id":"71869511-85b0-4ff4-8898-3f3cb5d18fe2","local_time":"20190416181504","is_ascension_mode":true,"campfire_choices":[{"floor":7.0,"key":"REST"},{"floor":10.0,"key":"REST"},{"data":"Capacitor","floor":15.0,"key":"SMITH"}],"neow_cost":"NONE","seed_source_timestamp":746630209372188,"circlet_count":0,"master_deck":["AscendersBane","Strike_B","Strike_B","Strike_B","Defend_B","Defend_B","Defend_B","Defend_B","Zap","Dualcast","Biased Cognition","Cold Snap","Self Repair","Undo","Melter","Capacitor+1","Coolheaded","Sweeping Beam","Chaos","Chill","Auto Shields","Biased Cognition","Ball Lightning","Loop","Steam+1"],"special_seed":0,"relics":["Cracked Core","Question Card","Boot","Oddly Smooth Stone","Nuclear Battery"],"potions_floor_usage":[16,23],"damage_taken":[{"damage":6.0,"enemies":"2 Louse","floor":1.0,"turns":4.0},{"damage":1.0,"enemies":"Cultist","floor":3.0,"turns":3.0},{"damage":0.0,"enemies":"Jaw Worm","floor":4.0,"turns":3.0},{"damage":49.0,"enemies":"3 Sentries","floor":6.0,"turns":15.0},{"damage":27.0,"enemies":"Gremlin Nob","floor":8.0,"turns":6.0},{"damage":0.0,"enemies":"Red Slaver","floor":12.0,"turns":4.0},{"damage":0.0,"enemies":"Exordium Wildlife","floor":14.0,"turns":5.0},{"damage":38,"enemies":"Slime Boss","floor":16,"turns":13},{"damage":0,"enemies":"Chosen","floor":18,"turns":6},{"damage":4,"enemies":"3 Byrds","floor":19,"turns":8},{"damage":16,"enemies":"3 Cultists","floor":21,"turns":6},{"damage":79,"enemies":"Gremlin Leader","floor":23,"turns":9}],"seed_played":"-6536141390998445175","potions_obtained":[{"floor":4.0,"key":"SkillPotion"},{"floor":8.0,"key":"Strength Potion"},{"floor":16,"key":"Weak Potion"},{"floor":21,"key":"Ancient Potion"}],"is_trial":false,"path_per_floor":["M","?","M","M","$","E","R","E","T","R","$","M","?","M","R","B",null,"M","M","$","M","?","E"],"character_chosen":"DEFECT","items_purchased":["Capacitor","Coolheaded","Oddly Smooth Stone","Loop"],"campfire_rested":2,"item_purchase_floors":[5,5,11,20],"current_hp_per_floor":[58,58,64,71,71,29,50,23,23,44,44,44,49,56,56,25,63,70,73,73,64,64,0],"gold":106,"neow_bonus":"ONE_RANDOM_RARE_CARD","is_prod":false,"is_daily":false,"chose_seed":false,"campfire_upgraded":1,"win_rate":0,"timestamp":1555452904,"path_taken":["M","?","M","M","$","E","R","E","T","R","?","M","?","M","R","BOSS","M","M","$","M","?","E"],"build_version":"2019-04-04","purchased_purges":0,"victory":false,"max_hp_per_floor":[71,71,71,71,71,71,71,71,71,71,71,71,76,76,76,76,76,76,76,76,76,76,76],"card_choices":[{"not_picked":["Go for the Eyes","Fusion"],"picked":"Cold Snap","floor":1.0},{"not_picked":["Auto Shields","Hologram"],"picked":"Undo","floor":3.0},{"not_picked":["Barrage","Cold Snap"],"picked":"Melter","floor":4.0},{"not_picked":["Scrape","Thunder Strike"],"picked":"Sweeping Beam","floor":6.0},{"not_picked":["Leap","Tempest","Force Field"],"picked":"Chaos","floor":8.0},{"not_picked":["Redo","Rebound","Steam"],"picked":"Chill","floor":12.0},{"not_picked":["Leap","Auto Shields","Sweeping Beam","Cold Snap"],"picked":"SKIP","floor":14.0},{"not_picked":["Leap","Sweeping Beam","Cold Snap"],"picked":"Auto Shields","floor":14.0},{"not_picked":["Seek","Buffer","Hyperbeam"],"picked":"Biased Cognition","floor":16},{"not_picked":["Sunder","Cold Snap","Scrape+1","Beam Cell"],"picked":"SKIP","floor":18},{"not_picked":["Skim","Cold Snap","Leap"],"picked":"Ball Lightning","floor":19},{"not_picked":["Sweeping Beam","Hello World","Scrape"],"picked":"Steam+1","floor":21}],"player_experience":961184,"relics_obtained":[{"floor":6.0,"key":"Question Card"},{"floor":8.0,"key":"Boot"}],"event_choices":[{"damage_healed":0.0,"max_hp_gain":0.0,"max_hp_loss":0.0,"gold_gain":0.0,"cards_transformed":["Strike_B"],"event_name":"Transmorgrifier","player_choice":"Transformed","floor":2.0,"gold_loss":0.0,"damage_taken":0.0,"cards_obtained":["Self Repair"]},{"damage_healed":0.0,"max_hp_gain":5.0,"max_hp_loss":0.0,"gold_gain":0.0,"event_name":"Big Fish","player_choice":"Donut","floor":13.0,"gold_loss":0.0,"damage_taken":0.0},{"damage_healed":0,"gold_gain":0,"player_choice":"Ignored","damage_taken":0,"max_hp_gain":0,"max_hp_loss":0,"event_name":"N\u0027loth","floor":22,"gold_loss":0}],"is_beta":true,"boss_relics":[{"not_picked":["Coffee Dripper","Tiny House"],"picked":"Nuclear Battery"}],"items_purged_floors":[],"is_endless":false,"potions_floor_spawned":[4,8,16,21],"killed_by":"Gremlin Leader","ascension_level":15}