{"gold_per_floor":[117,117,131,142,154,179,194,223,223,223,233,92,118,133,133,231,231,249,267,182,182,193,219,239,239,316,348,348,373,373,373,373,475,475,493,43,59,59,78,78,28,41,120,136,136,151,161,174,174,174],"floor_reached":51,"playtime":6880,"items_purged":["Normality","Strike_G+1"],"score":758,"play_id":"5b8d517f-a6f1-44c8-acab-6228649618ab","local_time":"20190117023300","is_ascension_mode":false,"campfire_choices":[{"data":"Neutralize","floor":10.0,"key":"SMITH"},{"data":"Dash","floor":15.0,"key":"SMITH"},{"data":"Prepared","floor":25,"key":"SMITH"},{"floor":28,"key":"REST"},{"floor":30,"key":"REST"},{"data":"Accuracy","floor":32,"key":"SMITH"},{"data":"Catalyst","floor":40,"key":"SMITH"},{"floor":49,"key":"REST"}],"neow_cost":"NONE","seed_source_timestamp":0,"circlet_count":0,"master_deck":["Defend_G+1","Defend_G+1","Defend_G+1","Defend_G+1","Strike_G+1","Strike_G+1","Strike_G+1","Strike_G+1","Survivor","Neutralize+1","Dash+1","Infinite Blades","Bouncing Flask","Crippling Poison","Adrenaline","Accuracy+1","Quick Slash","Prepared+1","Malaise","Well Laid Plans","Catalyst+1","Infinite Blades","Bullet Time","Blade Dance+1","Finisher","Deflect","Deadly Poison","Infinite Blades","Deadly Poison+1","Footwork","Burst","Adrenaline","Choke+1","Riddle With Holes+1","Slice+1","All Out Attack+1","Burst","Expertise+1"],"special_seed":0,"relics":["Ring of the Snake","Whetstone","GremlinMask","Lantern","Bottled Lightning","Matryoshka","Omamori","Calling Bell","Blood Vial","Mummified Hand","Mango","StoneCalendar","Molten Egg 2","Shuriken","Mercury Hourglass","Smiling Mask","Anchor","WristBlade","Ornamental Fan","Happy Flower","Ancient Tea Set","Bottled Flame"],"potions_floor_usage":[33,33,35,50,50,50],"damage_taken":[{"damage":0.0,"enemies":"Jaw Worm","floor":1.0,"turns":4.0},{"damage":0.0,"enemies":"Cultist","floor":3.0,"turns":4.0},{"damage":0.0,"enemies":"Small Slimes","floor":4.0,"turns":3.0},{"damage":4.0,"enemies":"Exordium Thugs","floor":5.0,"turns":5.0},{"damage":6.0,"enemies":"Gremlin Nob","floor":6.0,"turns":3.0},{"damage":5.0,"enemies":"2 Fungi Beasts","floor":7.0,"turns":3.0},{"damage":5.0,"enemies":"3 Sentries","floor":8.0,"turns":7.0},{"damage":2.0,"enemies":"Large Slime","floor":11.0,"turns":6.0},{"damage":3.0,"enemies":"Lagavulin","floor":13.0,"turns":6.0},{"damage":10.0,"enemies":"Exordium Wildlife","floor":14.0,"turns":5.0},{"damage":23,"enemies":"Slime Boss","floor":16,"turns":9},{"damage":8,"enemies":"Spheric Guardian","floor":18,"turns":4},{"damage":14,"enemies":"Chosen","floor":19,"turns":6},{"damage":18,"enemies":"Centurion and Healer","floor":22,"turns":7},{"damage":15,"enemies":"Book of Stabbing","floor":23,"turns":6},{"damage":15,"enemies":"Snake Plant","floor":24,"turns":5},{"damage":25,"enemies":"Slavers","floor":27,"turns":5},{"damage":27,"enemies":"Gremlin Leader","floor":29,"turns":6},{"damage":17,"enemies":"Collector","floor":33,"turns":7},{"damage":0,"enemies":"3 Darklings","floor":35,"turns":3},{"damage":14,"enemies":"Orb Walker","floor":37,"turns":3},{"damage":0,"enemies":"Spire Growth","floor":39,"turns":4},{"damage":10,"enemies":"Maw","floor":42,"turns":5},{"damage":10,"enemies":"Jaw Worm Horde","floor":44,"turns":4},{"damage":45,"enemies":"Transient","floor":46,"turns":5},{"damage":0,"enemies":"Maw","floor":47,"turns":5},{"damage":10,"enemies":"Writhing Mass","floor":48,"turns":5},{"damage":36,"enemies":"Awakened One","floor":50,"turns":7}],"seed_played":"-2964793727855233851","potions_obtained":[{"floor":1.0,"key":"Poison Potion"},{"floor":3.0,"key":"PowerPotion"},{"floor":4.0,"key":"Fruit Juice"},{"floor":6.0,"key":"SteroidPotion"},{"floor":11.0,"key":"PowerPotion"},{"floor":22,"key":"GhostInAJar"},{"floor":24,"key":"Ancient Potion"},{"floor":33,"key":"EssenceOfSteel"},{"floor":35,"key":"SpeedPotion"},{"floor":37,"key":"Strength Potion"},{"floor":42,"key":"Dexterity Potion"}],"is_trial":false,"path_per_floor":["M","?","M","M","M","E","M","E","T","R","M","$","E","M","R","B",null,"M","M","?","?","M","E","M","R","T","E","R","E","R","?","R","B",null,"M","$","M","?","M","R","$","M","T","M","?","M","M","M","R","B",null],"character_chosen":"THE_SILENT","items_purchased":["Malaise","Well Laid Plans","Ornamental Fan","Happy Flower"],"campfire_rested":3,"item_purchase_floors":[12,12,36,36],"current_hp_per_floor":[70,70,70,70,71,65,60,55,55,55,53,53,50,40,40,17,89,81,69,69,69,53,40,27,27,27,4,30,5,31,31,31,16,89,89,89,75,75,77,77,77,69,69,61,61,18,20,12,37,3],"gold":174,"neow_bonus":"RANDOM_COMMON_RELIC","is_prod":false,"is_daily":false,"chose_seed":false,"campfire_upgraded":5,"win_rate":0,"timestamp":1547710380,"path_taken":["M","?","M","?","M","E","M","E","T","R","M","$","E","M","R","BOSS","M","M","?","?","?","E","M","R","T","E","R","E","R","?","R","BOSS","M","$","M","?","M","R","$","M","T","M","?","M","M","M","R","BOSS"],"build_version":"2019-01-10","purchased_purges":2,"victory":true,"max_hp_per_floor":[70,70,70,70,75,75,75,75,75,75,75,75,75,75,75,75,89,89,89,89,89,89,89,89,89,89,89,89,89,89,89,89,89,89,89,89,89,85,85,85,85,85,85,85,85,85,85,85,85,85],"card_choices":[{"not_picked":["PiercingWail","Riddle With Holes"],"picked":"Dash","floor":1.0},{"not_picked":["Underhanded Strike","Escape Plan"],"picked":"Infinite Blades","floor":3.0},{"not_picked":["Flying Knee","Dagger Spray"],"picked":"Bouncing Flask","floor":4.0},{"not_picked":["Dagger Throw","Cloak And Dagger"],"picked":"Crippling Poison","floor":5.0},{"not_picked":["Flying Knee","Choke"],"picked":"Adrenaline","floor":6.0},{"not_picked":["Dagger Spray","Endless Agony"],"picked":"Accuracy","floor":7.0},{"not_picked":["Backstab","Outmaneuver"],"picked":"Quick Slash","floor":8.0},{"not_picked":["Poisoned Stab","Masterful Stab"],"picked":"Prepared","floor":11.0},{"not_picked":["Quick Slash","Prepared"],"picked":"Catalyst","floor":13.0},{"not_picked":["Terror","Doppelganger"],"picked":"Infinite Blades","floor":14.0},{"not_picked":["Doppelganger","Corpse Explosion"],"picked":"Bullet Time","floor":16},{"not_picked":["PiercingWail","Heel Hook"],"picked":"Blade Dance+1","floor":18},{"not_picked":["Dodge and Roll","Choke"],"picked":"Finisher","floor":19},{"not_picked":["Quick Slash","Skewer"],"picked":"Deadly Poison","floor":22},{"not_picked":["PiercingWail+1","Cloak And Dagger+1"],"picked":"Infinite Blades","floor":23},{"not_picked":["Poisoned Stab+1","Crippling Poison"],"picked":"Deadly Poison+1","floor":24},{"not_picked":["Backflip","Underhanded Strike+1"],"picked":"Footwork","floor":27},{"not_picked":["Bane+1","Dagger Spray+1"],"picked":"Burst","floor":29},{"not_picked":["Bullet Time","Wraith Form v2"],"picked":"Adrenaline","floor":33},{"not_picked":["Deflect+1","PiercingWail"],"picked":"Choke+1","floor":35},{"not_picked":["Dodge and Roll+1","Calculated Gamble"],"picked":"Riddle With Holes+1","floor":37},{"not_picked":["Flying Knee+1","Outmaneuver"],"picked":"Slice+1","floor":39},{"not_picked":["Wraith Form v2","Underhanded Strike+1","Deflect"],"picked":"SKIP","floor":42},{"not_picked":["Calculated Gamble+1","Dagger Throw+1"],"picked":"All Out Attack+1","floor":44},{"not_picked":["Flechettes+1","Eviscerate+1","Masterful Stab+1"],"picked":"SKIP","floor":46},{"not_picked":["Outmaneuver+1","Crippling Poison"],"picked":"Burst","floor":47},{"not_picked":["Eviscerate+1","Endless Agony+1"],"picked":"Expertise+1","floor":48}],"player_experience":37890,"relics_obtained":[{"floor":6.0,"key":"Lantern"},{"floor":8.0,"key":"Bottled Lightning"},{"floor":9.0,"key":"Matryoshka"},{"floor":13.0,"key":"Omamori"},{"floor":17,"key":"Blood Vial"},{"floor":17,"key":"Mummified Hand"},{"floor":17,"key":"Mango"},{"floor":23,"key":"Molten Egg 2"},{"floor":26,"key":"Shuriken"},{"floor":26,"key":"Mercury Hourglass"},{"floor":27,"key":"Smiling Mask"},{"floor":29,"key":"Anchor"},{"floor":43,"key":"Ancient Tea Set"},{"floor":43,"key":"Bottled Flame"}],"event_choices":[{"damage_healed":0.0,"max_hp_gain":0.0,"max_hp_loss":0.0,"gold_gain":0.0,"event_name":"FaceTrader","player_choice":"Trade","floor":2.0,"gold_loss":0.0,"damage_taken":0.0,"relics_obtained":["GremlinMask"]},{"damage_healed":0,"gold_gain":0,"player_choice":"Obtained Relic","damage_taken":0,"relics_obtained":["StoneCalendar"],"max_hp_gain":0,"max_hp_loss":0,"event_name":"Addict","floor":20,"gold_loss":85},{"damage_healed":0,"gold_gain":0,"player_choice":"1 cards matched","damage_taken":0,"max_hp_gain":0,"max_hp_loss":0,"event_name":"Match and Keep!","floor":21,"gold_loss":0,"cards_obtained":["Deflect"]},{"damage_healed":0,"gold_gain":0,"player_choice":"Simplicity","damage_taken":0,"max_hp_gain":0,"max_hp_loss":0,"event_name":"Back to Basics","floor":31,"gold_loss":0,"cards_upgraded":["Defend_G","Defend_G","Defend_G","Defend_G","Defend_G","Strike_G","Strike_G","Strike_G"]},{"damage_healed":0,"gold_gain":0,"player_choice":"Max HP","damage_taken":0,"max_hp_gain":0,"max_hp_loss":4,"event_name":"Winding Halls","floor":38,"gold_loss":0},{"cards_removed":["Defend_G"],"damage_healed":0,"gold_gain":0,"player_choice":"Removed Skill","damage_taken":0,"max_hp_gain":0,"max_hp_loss":0,"event_name":"Falling","floor":45,"gold_loss":0}],"is_beta":false,"boss_relics":[{"not_picked":["Sozu","Ectoplasm"],"picked":"Calling Bell"},{"not_picked":["Ring of the Serpent","Fusion Hammer"],"picked":"WristBlade"}],"items_purged_floors":[36,41],"is_endless":false,"potions_floor_spawned":[1,3,4,6,11,22,24,33,35,37,42,47,48],"ascension_level":0}