{"gold_per_floor":[129,158,188,211,235,247,275,314,352,364,396,408,400,430,442,558,570,570,570,403,403,403,403,403,403,403,403,403,303,303,303,303,303,303,303,303,303,303,303,303,303,303,303,0,0,0,0,0,0,0],"floor_reached":51,"playtime":9956,"items_purged":["Strike_B","Defend_B"],"score":828,"play_id":"5566c389-e8c4-4bbb-a96c-313430d2c8c7","local_time":"20190407194923","is_ascension_mode":false,"campfire_choices":[{"data":"Chill","floor":6,"key":"SMITH"},{"data":"Loop","floor":10,"key":"SMITH"},{"data":"Conserve Battery","floor":15,"key":"SMITH"},{"data":"Dualcast","floor":23,"key":"SMITH"},{"floor":25,"key":"REST"},{"floor":32,"key":"REST"},{"floor":40,"key":"REST"},{"floor":45,"key":"REST"},{"floor":49,"key":"REST"}],"neow_cost":"NONE","seed_source_timestamp":116113232534307,"circlet_count":0,"master_deck":["Zap","Dualcast+1","Genetic Algorithm","FTL","Chill+1","Ball Lightning","Compile Driver","Barrage","Loop+1","Conserve Battery+1","All For One","Gash","Glacier+1","Finesse","Sweeping Beam+1","Gash","Go for the Eyes","FTL","Ghostly","Ghostly","Ghostly","Ghostly","Hologram","Hologram","Seek","Steam","Genetic Algorithm","Go for the Eyes","Machine Learning","Gash","Beam Cell","Melter+1","Go for the Eyes","Seek","Stack+1","Stack+1","Hologram+1","White Noise+1","Conserve Battery"],"relics":["Cracked Core","MawBank","Bag of Marbles","Strawberry","Odd Mushroom","Ectoplasm","Pen Nib","Potion Belt","Tiny Chest","Pandora\u0027s Box","Ancient Tea Set","Centennial Puzzle","Red Mask","Juzu Bracelet"],"potions_floor_usage":[8,8,14,16,21,24,33,33,39,41,41,47,50,50],"damage_taken":[{"damage":1,"enemies":"Jaw Worm","floor":1,"turns":4},{"damage":0,"enemies":"Small Slimes","floor":2,"turns":3},{"damage":0,"enemies":"Cultist","floor":3,"turns":3},{"damage":3,"enemies":"Gremlin Gang","floor":4,"turns":7},{"damage":10,"enemies":"Large Slime","floor":5,"turns":6},{"damage":0,"enemies":"Lots of Slimes","floor":7,"turns":4},{"damage":5,"enemies":"Gremlin Nob","floor":8,"turns":3},{"damage":7,"enemies":"The Mushroom Lair","floor":11,"turns":5},{"damage":0,"enemies":"Blue Slaver","floor":14,"turns":4},{"damage":33,"enemies":"The Guardian","floor":16,"turns":7},{"damage":1,"enemies":"Spheric Guardian","floor":18,"turns":4},{"damage":5,"enemies":"Shell Parasite","floor":19,"turns":5},{"damage":14,"enemies":"Centurion and Healer","floor":21,"turns":5},{"damage":0,"enemies":"Snecko","floor":22,"turns":5},{"damage":13,"enemies":"Slavers","floor":24,"turns":4},{"damage":9,"enemies":"Book of Stabbing","floor":27,"turns":4},{"damage":12,"enemies":"Snake Plant","floor":31,"turns":5},{"damage":3,"enemies":"Champ","floor":33,"turns":11},{"damage":0,"enemies":"3 Darklings","floor":35,"turns":6},{"damage":11,"enemies":"3 Shapes","floor":36,"turns":5},{"damage":7,"enemies":"Maw","floor":37,"turns":6},{"damage":0,"enemies":"Writhing Mass","floor":38,"turns":6},{"damage":0,"enemies":"Jaw Worm Horde","floor":39,"turns":5},{"damage":0,"enemies":"Giant Head","floor":41,"turns":6},{"damage":4,"enemies":"Maw","floor":42,"turns":8},{"damage":0,"enemies":"Sphere and 2 Shapes","floor":46,"turns":4},{"damage":26,"enemies":"Reptomancer","floor":47,"turns":5},{"damage":0,"enemies":"Donu and Deca","floor":50,"turns":9}],"seed_played":"6632407650495190233","potions_obtained":[{"floor":3,"key":"EssenceOfSteel"},{"floor":5,"key":"Poison Potion"},{"floor":7,"key":"SteroidPotion"},{"floor":11,"key":"Regen Potion"},{"floor":13,"key":"Explosive Potion"},{"floor":16,"key":"Strength Potion"},{"floor":18,"key":"AttackPotion"},{"floor":24,"key":"Fire Potion"},{"floor":27,"key":"EssenceOfSteel"},{"floor":31,"key":"EssenceOfSteel"},{"floor":36,"key":"Poison Potion"},{"floor":38,"key":"Weak Potion"},{"floor":42,"key":"LiquidBronze"},{"floor":47,"key":"GamblersBrew"}],"is_trial":false,"path_per_floor":["M","M","M","M","M","R","M","E","T","R","?","?","?","M","R","B",null,"M","M","$","M","M","R","E","R","T","E","?","$","?","M","R","B",null,"M","M","M","M","M","R","E","M","T","?","R","M","E","?","R","B",null],"character_chosen":"DEFECT","items_purchased":["Finesse"],"campfire_rested":5,"item_purchase_floors":[20],"current_hp_per_floor":[74,74,74,71,61,61,61,56,63,63,56,49,49,61,61,28,82,81,76,76,62,62,62,49,73,73,64,41,41,41,29,41,38,41,41,30,23,23,23,35,35,31,31,31,41,41,15,15,27,27],"gold":0,"neow_bonus":"RANDOM_COMMON_RELIC","is_prod":false,"is_daily":false,"chose_seed":false,"campfire_upgraded":4,"win_rate":0.0,"timestamp":1554662963,"path_taken":["M","M","M","M","M","R","M","E","T","R","?","?","?","?","R","BOSS","M","M","$","?","M","R","E","R","T","E","?","$","?","M","R","BOSS","M","?","M","M","M","R","E","M","T","?","R","M","E","?","R","BOSS"],"build_version":"2019-01-23","purchased_purges":2,"victory":true,"max_hp_per_floor":[75,75,75,75,75,75,75,75,82,82,82,82,82,82,82,82,82,82,82,82,82,82,82,82,82,82,82,41,41,41,41,41,41,41,41,41,41,41,41,41,41,41,41,41,41,41,41,41,41,41],"card_choices":[{"not_picked":["Redo","Steam"],"picked":"Genetic Algorithm","floor":1},{"not_picked":["Beam Cell","Stack"],"picked":"FTL","floor":2},{"not_picked":["Hologram","Leap"],"picked":"Chill","floor":3},{"not_picked":["Beam Cell","Rip and Tear"],"picked":"Ball Lightning","floor":4},{"not_picked":["Streamline","Redo"],"picked":"Compile Driver","floor":5},{"not_picked":["Multi-Cast","Go for the Eyes"],"picked":"Barrage","floor":7},{"not_picked":["Barrage","Coolheaded"],"picked":"Loop","floor":8},{"not_picked":["Sweeping Beam","Stack"],"picked":"Darkness","floor":11},{"not_picked":["Cold Snap","Storm"],"picked":"Conserve Battery","floor":14},{"not_picked":["Reboot","Biased Cognition"],"picked":"All For One","floor":16},{"not_picked":["Streamline","Conserve Battery"],"picked":"Gash","floor":18},{"not_picked":["Leap","Genetic Algorithm+1"],"picked":"Glacier+1","floor":19},{"not_picked":["Consume+1","Ball Lightning"],"picked":"Sweeping Beam+1","floor":21},{"not_picked":["Reinforced Body+1","Loop"],"picked":"Gash","floor":22},{"not_picked":["Redo","Heatsinks"],"picked":"Go for the Eyes","floor":24},{"not_picked":["Coolheaded","Chill"],"picked":"FTL","floor":27},{"not_picked":["Reinforced Body+1","Defragment"],"picked":"Hologram","floor":31},{"not_picked":["Biased Cognition","Reboot"],"picked":"Seek","floor":33},{"not_picked":["Hello World","Streamline+1"],"picked":"Beam Cell","floor":35},{"not_picked":["Force Field+1","Consume"],"picked":"Melter+1","floor":36},{"not_picked":["Streamline","Loop+1"],"picked":"Go for the Eyes","floor":37},{"not_picked":["Barrage","Streamline+1"],"picked":"Seek","floor":38},{"not_picked":["Steam","Cold Snap"],"picked":"Stack+1","floor":39},{"not_picked":["Go for the Eyes+1","Chaos+1"],"picked":"Stack+1","floor":41},{"not_picked":["Heatsinks","Melter+1"],"picked":"Hologram+1","floor":42},{"not_picked":["Sweeping Beam+1","Scrape+1"],"picked":"White Noise+1","floor":46},{"not_picked":["Self Repair","Steam Power"],"picked":"Conserve Battery","floor":47}],"player_experience":60381,"relics_obtained":[{"floor":8,"key":"Bag of Marbles"},{"floor":9,"key":"Strawberry"},{"floor":11,"key":"Odd Mushroom"},{"floor":24,"key":"Pen Nib"},{"floor":26,"key":"Potion Belt"},{"floor":27,"key":"Tiny Chest"},{"floor":41,"key":"Ancient Tea Set"},{"floor":43,"key":"Centennial Puzzle"},{"floor":47,"key":"Juzu Bracelet"}],"event_choices":[{"damage_healed":0,"gold_gain":0,"player_choice":"Fought Mushrooms","damage_taken":0,"max_hp_gain":0,"max_hp_loss":0,"event_name":"Mushrooms","floor":11,"gold_loss":0},{"cards_removed":["Strike_B"],"damage_healed":0,"gold_gain":0,"player_choice":"Card Removal","damage_taken":7,"max_hp_gain":0,"max_hp_loss":0,"event_name":"Golden Wing","floor":12,"gold_loss":0},{"damage_healed":0,"gold_gain":0,"player_choice":"Bought 1 Potion","damage_taken":0,"max_hp_gain":0,"max_hp_loss":0,"event_name":"The Woman in Blue","floor":13,"gold_loss":0},{"damage_healed":0,"gold_gain":0,"player_choice":"Became a Ghost","damage_taken":0,"max_hp_gain":0,"max_hp_loss":41,"event_name":"Ghosts","floor":28,"gold_loss":0,"cards_obtained":["Ghostly","Ghostly","Ghostly","Ghostly","Ghostly"]},{"damage_healed":0,"gold_gain":0,"cards_transformed":["Darkness"],"player_choice":"Transformed","damage_taken":0,"max_hp_gain":0,"max_hp_loss":0,"event_name":"Transmorgrifier","floor":30,"gold_loss":0,"cards_obtained":["Hologram"]},{"damage_healed":0,"gold_gain":0,"player_choice":"Paid","damage_taken":0,"relics_obtained":["Red Mask"],"max_hp_gain":0,"max_hp_loss":0,"event_name":"Tomb of Lord Red Mask","floor":44,"gold_loss":303},{"cards_removed":["Ghostly"],"damage_healed":0,"gold_gain":0,"player_choice":"Removed Skill","damage_taken":0,"max_hp_gain":0,"max_hp_loss":0,"event_name":"Falling","floor":48,"gold_loss":0}],"is_beta":false,"boss_relics":[{"not_picked":["Lizard Tail","Busted Crown"],"picked":"Ectoplasm"},{"not_picked":["Inserter","Tiny House"],"picked":"Pandora\u0027s Box"}],"items_purged_floors":[20,29],"is_endless":false,"potions_floor_spawned":[3,5,7,11,16,18,24,27,31,36,38,42,47],"ascension_level":0}