{"path_per_floor":["M","M","$","M","M","R","?","E","T","?","T","R","M"],"character_chosen":"DEFECT","items_purchased":["Leap","Capacitor"],"gold_per_floor":[110,130,57,77,90,90,90,119,165,165,165,165,183,183],"floor_reached":14,"campfire_rested":1,"playtime":373,"current_hp_per_floor":[64,51,51,42,37,37,37,10,10,10,10,29,27,0],"items_purged":[],"gold":183,"score":158,"play_id":"b334be2f-db2d-4e59-84a5-aec9b7cc004c","local_time":"20180519160833","is_prod":false,"is_daily":false,"chose_seed":false,"is_ascension_mode":true,"campfire_upgraded":1,"timestamp":1526717313,"campfire_choices":[{"data":"Creative AI","floor":6,"key":"SMITH"},{"floor":12,"key":"REST"}],"path_taken":["M","M","$","M","M","R","?","E","T","?","?","R","M","E"],"build_version":"2018-05-17","seed_source_timestamp":791208927250793,"purchased_purges":0,"victory":false,"master_deck":["Strike_B","Strike_B","Strike_B","Strike_B","Defend_B","Defend_B","Defend_B","Defend_B","Zap","Dualcast","AscendersBane","Creative AI+1","Chaos","Leap","Capacitor+1","Coolheaded","Streamline","Glacier"],"max_hp_per_floor":[64,64,64,64,64,64,64,64,64,64,64,64,64,64],"relics":["Cracked Core","Blood Vial","Darkstone Periapt"],"card_choices":[{"not_picked":["Rainbow","Buffer"],"picked":"Creative AI","floor":0},{"not_picked":["Static Discharge","Axe Kick","Steam Power"],"picked":"SKIP","floor":1},{"not_picked":["Go for the Eyes","Cold Snap"],"picked":"Chaos","floor":2},{"not_picked":["Steam","Hologram"],"picked":"Coolheaded","floor":4},{"not_picked":["Tempest","Leap"],"picked":"Streamline","floor":5},{"not_picked":["Machine Learning","Consume"],"picked":"Glacier","floor":8},{"not_picked":["Cold Snap","Axe Kick","Streamline"],"picked":"SKIP","floor":13}],"player_experience":1019990,"potions_floor_usage":[],"damage_taken":[{"damage":0,"enemies":"2 Louse","floor":1,"turns":2},{"damage":13,"enemies":"Jaw Worm","floor":2,"turns":4},{"damage":9,"enemies":"Cultist","floor":4,"turns":6},{"damage":5,"enemies":"Blue Slaver","floor":5,"turns":5},{"damage":27,"enemies":"3 Sentries","floor":8,"turns":8},{"damage":4,"enemies":"Exordium Thugs","floor":13,"turns":7},{"damage":31,"enemies":"Gremlin Nob","floor":14,"turns":4}],"relics_obtained":[{"floor":9,"key":"Blood Vial"},{"floor":11,"key":"Darkstone Periapt"}],"event_choices":[{"event_name":"Shining Light","player_choice":"Ignored","floor":7,"damage_taken":0},{"event_name":"Living Wall","player_choice":"Grow","floor":10,"damage_taken":0}],"boss_relics":[],"potions_floor_spawned":[1],"seed_played":"1212611815277497364","killed_by":"Gremlin Nob","ascension_level":15,"potions_obtained":[{"floor":1,"key":"Explosive Potion"}],"is_trial":false}