{"gold_per_floor":[111,111,111,130,140,140,167,187,187,187,187,221,221,127,127,205,205,223,223,223,144,159,184,184,210,240,187,207,207,226,244,244,320,320,336,336,348,106,117,117,36,36,36,55,55],"floor_reached":45,"playtime":2554,"items_purged":[],"score":1072,"play_id":"07b8d7b5-0915-4135-965a-fe64c27165ba","local_time":"20190205165145","is_ascension_mode":true,"campfire_choices":[{"data":"Streamline","floor":6.0,"key":"SMITH"},{"data":"Zap","floor":11.0,"key":"SMITH"},{"floor":13.0,"key":"REST"},{"data":"Consume","floor":15.0,"key":"SMITH"},{"floor":24.0,"key":"REST"},{"floor":29.0,"key":"REST"},{"floor":32,"key":"REST"},{"data":"Apotheosis","floor":40,"key":"SMITH"},{"floor":42,"key":"RECALL"}],"neow_cost":"NONE","seed_source_timestamp":5837584669387265,"circlet_count":0,"master_deck":["AscendersBane","Defend_B","Defend_B","Defend_B","Defend_B","Zap+1","Dualcast","Loop","Streamline+1","FTL","Glacier","Ball Lightning","Consume+1","FTL","Leap","Electrodynamics","Defragment","Bite","Bite","Bite","Bite","Defragment","Ball Lightning","Amplify","Undo","Capacitor+1","Auto Shields","Conserve Battery+1","Rainbow","White Noise+1","Defragment+1","Buffer+1","Reprogram","BootSequence","Apotheosis+1","Barrage","Undo","Pain"],"special_seed":0,"relics":["Cracked Core","NeowsBlessing","FaceOfCleric","Matryoshka","Dream Catcher","WingedGreaves","Lantern","Runic Pyramid","Orichalcum","Frozen Egg 2","Tiny Chest","Anchor","Cursed Key"],"potions_floor_usage":[],"damage_taken":[{"damage":0.0,"enemies":"Cultist","floor":1.0,"turns":1.0},{"damage":0.0,"enemies":"Jaw Worm","floor":4.0,"turns":1.0},{"damage":0.0,"enemies":"Small Slimes","floor":5.0,"turns":1.0},{"damage":0.0,"enemies":"Gremlin Nob","floor":7.0,"turns":2.0},{"damage":12.0,"enemies":"2 Fungi Beasts","floor":8.0,"turns":4.0},{"damage":41.0,"enemies":"3 Sentries","floor":12.0,"turns":10.0},{"damage":21.0,"enemies":"Hexaghost","floor":16.0,"turns":9.0},{"damage":7.0,"enemies":"Spheric Guardian","floor":18.0,"turns":4.0},{"damage":13.0,"enemies":"2 Thieves","floor":22.0,"turns":3.0},{"damage":34.0,"enemies":"Gremlin Leader","floor":23.0,"turns":7.0},{"damage":51.0,"enemies":"Slavers","floor":25.0,"turns":4.0},{"damage":10.0,"enemies":"Snecko","floor":28.0,"turns":5.0},{"damage":12.0,"enemies":"3 Cultists","floor":30.0,"turns":3.0},{"damage":18,"enemies":"Snake Plant","floor":31,"turns":3},{"damage":9,"enemies":"Champ","floor":33,"turns":22},{"damage":0,"enemies":"Orb Walker","floor":35,"turns":4},{"damage":0,"enemies":"3 Shapes","floor":37,"turns":4},{"damage":0,"enemies":"Writhing Mass","floor":39,"turns":9},{"damage":34,"enemies":"3 Darklings","floor":44,"turns":4},{"damage":29,"enemies":"Maw","floor":45,"turns":5}],"seed_played":"5221174638561755848","potions_obtained":[{"floor":4.0,"key":"Weak Potion"},{"floor":5.0,"key":"AttackPotion"},{"floor":7.0,"key":"PowerPotion"},{"floor":23.0,"key":"Regen Potion"},{"floor":25.0,"key":"Swift Potion"},{"floor":31,"key":"Swift Potion"},{"floor":39,"key":"SteroidPotion"}],"is_trial":false,"path_per_floor":["M","$","?","M","M","R","E","M","T","?","R","E","R","$","R","B",null,"M","?","?","$","M","E","R","E","T","$","M","R","M","M","R","B",null,"M","$","M","$","M","R","$","R","T","M","M"],"character_chosen":"DEFECT","items_purchased":["FTL","Leap","Defragment","Energy Potion","Apotheosis","Barrage","Undo"],"campfire_rested":4,"item_purchase_floors":[14,14,21,27,38,38,41],"current_hp_per_floor":[64,64,64,65,66,66,67,56,56,56,56,16,38,38,38,18,62,56,54,54,54,44,23,39,9,9,9,8,25,16,3,21,41,56,61,61,63,63,64,64,64,64,64,37,14],"gold":55,"neow_bonus":"THREE_ENEMY_KILL","is_prod":false,"is_daily":false,"chose_seed":false,"campfire_upgraded":4,"win_rate":0,"timestamp":1549403505,"path_taken":["M","$","?","M","?","R","E","M","T","?","R","E","R","$","R","BOSS","M","?","?","$","?","E","R","E","T","?","M","R","M","M","R","BOSS","M","?","M","$","M","R","$","R","T","M","M"],"build_version":"2019-01-23","purchased_purges":0,"victory":false,"max_hp_per_floor":[71,71,71,72,73,73,74,75,75,75,75,76,76,76,76,77,77,78,54,54,54,55,56,56,57,57,57,58,58,59,60,60,61,61,62,62,63,63,64,64,64,64,64,65,65],"card_choices":[{"not_picked":["Stack","Sunder"],"picked":"Loop","floor":1.0},{"not_picked":["Steam","Cold Snap"],"picked":"Streamline","floor":4.0},{"not_picked":["Gash","Leap"],"picked":"FTL","floor":5.0},{"not_picked":["Beam Cell","Hologram"],"picked":"Glacier","floor":7.0},{"not_picked":["Turbo","Loop"],"picked":"Ball Lightning","floor":8.0},{"not_picked":["Double Energy","Static Discharge"],"picked":"Consume","floor":12.0},{"not_picked":["Seek","Fission"],"picked":"Electrodynamics","floor":16.0},{"not_picked":["Barrage","Compile Driver"],"picked":"Defragment","floor":18.0},{"not_picked":["Force Field","White Noise"],"picked":"Ball Lightning","floor":22.0},{"not_picked":["Conserve Battery","Static Discharge"],"picked":"Amplify","floor":23.0},{"not_picked":["Cold Snap","Leap"],"picked":"Undo","floor":24.0},{"not_picked":["Ball Lightning","Melter"],"picked":"Capacitor","floor":25.0},{"not_picked":["Reprogram","Loop+1"],"picked":"Auto Shields","floor":28.0},{"not_picked":["Lockon","Steam"],"picked":"Conserve Battery+1","floor":29.0},{"not_picked":["Go for the Eyes+1","FTL+1"],"picked":"Rainbow","floor":30.0},{"not_picked":["Leap","Sweeping Beam"],"picked":"White Noise+1","floor":31},{"not_picked":["Go for the Eyes","Hello World+1"],"picked":"Defragment+1","floor":32},{"not_picked":["Thunder Strike","Amplify"],"picked":"Buffer+1","floor":33},{"not_picked":["Hologram","Sweeping Beam"],"picked":"Reprogram","floor":35},{"not_picked":["Sunder","Conserve Battery+1"],"picked":"BootSequence","floor":37},{"not_picked":["Rebound","Ball Lightning","Leap"],"picked":"SKIP","floor":39},{"not_picked":["Cold Snap","Turbo","Redo"],"picked":"SKIP","floor":44}],"player_experience":715214,"relics_obtained":[{"floor":7.0,"key":"Matryoshka"},{"floor":9.0,"key":"Dream Catcher"},{"floor":9.0,"key":"WingedGreaves"},{"floor":12.0,"key":"Lantern"},{"floor":23.0,"key":"Orichalcum"},{"floor":25.0,"key":"Frozen Egg 2"},{"floor":26.0,"key":"Tiny Chest"},{"floor":26.0,"key":"Anchor"}],"event_choices":[{"damage_healed":0.0,"max_hp_gain":0.0,"max_hp_loss":0.0,"gold_gain":0.0,"event_name":"FaceTrader","player_choice":"Trade","floor":3.0,"gold_loss":0.0,"damage_taken":0.0,"relics_obtained":["FaceOfCleric"]},{"damage_healed":0.0,"max_hp_gain":0.0,"max_hp_loss":0.0,"gold_gain":0.0,"event_name":"Shining Light","player_choice":"Ignored","floor":10.0,"gold_loss":0.0,"damage_taken":0.0},{"damage_healed":0.0,"max_hp_gain":0.0,"max_hp_loss":24.0,"gold_gain":0.0,"event_name":"Vampires","player_choice":"Became a vampire","floor":19.0,"gold_loss":0.0,"damage_taken":0.0,"cards_obtained":["Bite","Bite","Bite","Bite","Bite"]},{"cards_removed":["Bite"],"damage_healed":5.0,"max_hp_gain":0.0,"max_hp_loss":0.0,"gold_gain":0.0,"event_name":"Bonfire Elementals","player_choice":"Offered Special","floor":20.0,"gold_loss":0.0,"damage_taken":0.0}],"is_beta":true,"boss_relics":[{"not_picked":["Coffee Dripper","FrozenCore"],"picked":"Runic Pyramid"},{"not_picked":["Astrolabe","Philosopher\u0027s Stone"],"picked":"Cursed Key"}],"items_purged_floors":[],"is_endless":false,"potions_floor_spawned":[4,5,7,23,25,31,39],"killed_by":"Maw","ascension_level":20}