{"path_per_floor":["M","?","M","?","$","E","M","T","T","M","$","M","M","M","R","B",null,"M","M","M","$","M","R","E","R","T","M","?","?","M","?","R"],"character_chosen":"DEFECT","items_purchased":["Cables","Apotheosis","Capacitor","Sweeping Beam","Capacitor"],"gold_per_floor":[114,214,232,482,407,441,453,453,500,518,3,22,32,45,45,141,141,151,169,184,39,51,51,79,79,79,93,93,93,103,103,103,103],"floor_reached":33,"campfire_rested":3,"playtime":849,"current_hp_per_floor":[75,75,75,75,75,75,75,75,75,71,71,56,56,51,51,50,69,48,38,24,24,16,38,6,28,28,11,11,11,1,1,23,0],"items_purged":["Regret","Strike_B"],"gold":103,"score":370,"play_id":"6d3d9e01-0d7c-4527-855f-2a8f2a3b403a","local_time":"20180503212003","is_prod":false,"is_daily":false,"chose_seed":false,"is_ascension_mode":true,"campfire_upgraded":1,"timestamp":1525353603,"path_taken":["M","?","M","?","$","E","M","?","T","M","$","M","?","M","R","BOSS","M","M","M","$","M","R","E","R","T","M","?","?","M","?","R","BOSS"],"build_version":"2018-05-02","seed_source_timestamp":722289672311552,"purchased_purges":2,"victory":false,"master_deck":["Strike_B","Strike_B","Strike_B","Defend_B","Defend_B","Defend_B","Defend_B","Zap","Dualcast","Turbo","Chill","Beam Cell","Ball Lightning","Echo Form","Apotheosis+1","Capacitor","Sweeping Beam","Coolheaded","Leap","Reboot","Capacitor","Streamline+1","Chaos","Capacitor","Loop","Force Field","Clumsy","Double Energy+1","Echo Form","Steam Power"],"max_hp_per_floor":[75,75,75,75,75,75,75,75,75,75,75,75,75,75,75,75,75,75,75,75,75,75,75,75,75,75,75,75,75,75,75,75,75],"relics":["Cracked Core","NeowsBlessing","DataDisk","Dodecahedron","Ancient Tea Set","Cables","Cursed Key","Question Card","Matryoshka"],"card_choices":[{"not_picked":["Impulse","Go for the Eyes"],"picked":"Turbo","floor":1},{"not_picked":["BootSequence","Hologram"],"picked":"Chill","floor":3},{"not_picked":["Rebound","Reinforced Body"],"picked":"Beam Cell","floor":6},{"not_picked":["Genetic Algorithm","Force Field"],"picked":"Ball Lightning","floor":7},{"not_picked":["Stack","Hologram"],"picked":"Echo Form","floor":10},{"not_picked":["Axe Kick","Stack"],"picked":"Coolheaded","floor":12},{"not_picked":["FTL","Impulse"],"picked":"Leap","floor":14},{"not_picked":["Hyperbeam","Echo Form"],"picked":"Reboot","floor":16},{"not_picked":["Sweeping Beam","Turbo"],"picked":"Capacitor","floor":18},{"not_picked":["Cold Snap","Reprogram"],"picked":"Streamline","floor":19},{"not_picked":["Go for the Eyes","Impulse"],"picked":"Chaos","floor":20},{"not_picked":["Streamline","Impulse"],"picked":"Loop","floor":22},{"not_picked":["Capacitor","Scrape"],"picked":"Force Field","floor":24},{"not_picked":["Rebound","Cold Snap","Hologram"],"picked":"Double Energy","floor":27},{"not_picked":["Recycle","Heatsinks","Ball Lightning"],"picked":"Steam Power","floor":30}],"player_experience":934669,"potions_floor_usage":[12,20,24,33],"damage_taken":[{"damage":0,"enemies":"Small Slimes","floor":1,"turns":1},{"damage":0,"enemies":"Cultist","floor":3,"turns":1},{"damage":0,"enemies":"3 Sentries","floor":6,"turns":1},{"damage":0,"enemies":"2 Louse","floor":7,"turns":3},{"damage":4,"enemies":"Looter","floor":10,"turns":3},{"damage":15,"enemies":"Gremlin Gang","floor":12,"turns":4},{"damage":0,"enemies":"3 Louse","floor":13,"turns":4},{"damage":5,"enemies":"Blue Slaver","floor":14,"turns":2},{"damage":1,"enemies":"Slime Boss","floor":16,"turns":5},{"damage":21,"enemies":"Chosen","floor":18,"turns":4},{"damage":10,"enemies":"Spheric Guardian","floor":19,"turns":4},{"damage":14,"enemies":"Centurion and Healer","floor":20,"turns":7},{"damage":8,"enemies":"Snake Plant","floor":22,"turns":3},{"damage":32,"enemies":"Gremlin Leader","floor":24,"turns":8},{"damage":17,"enemies":"Chosen and Byrds","floor":27,"turns":5},{"damage":10,"enemies":"3 Cultists","floor":30,"turns":5},{"damage":23,"enemies":"Automaton","floor":33,"turns":4}],"event_choices":[{"event_name":"Wheel of Change","player_choice":"Gold","floor":2,"damage_taken":0},{"event_name":"Golden Shrine","player_choice":"Desecrate","floor":4,"damage_taken":0},{"event_name":"Duplicator","player_choice":"One dupe","floor":28,"damage_taken":0},{"event_name":"Cursed Tome","player_choice":"Ignored","floor":29,"damage_taken":0},{"event_name":"Ghosts","player_choice":"Ignored","floor":31,"damage_taken":0}],"boss_relics":[{"not_picked":["Astrolabe","Velvet Choker"],"picked":"Cursed Key"}],"potions_floor_spawned":[6,7,10,13,14,20,22,30],"seed_played":"5949142067912465133","killed_by":"Automaton","ascension_level":5,"is_trial":false}