{"path_per_floor":["M","M","?","M","?","E","$","R","T","E","M","R","M","E","R","B",null,"M","?","M","?","M","R","?","$","T","M","R","?","R","M","R","B",null,"M","M","?","$","?","M","M","?","T","$","R","M","E","M","R"],"character_chosen":"DEFECT","items_purchased":["Double Energy","Capacitor","Juzu Bracelet","Frozen Egg 2","Capacitor","Buffer","Streamline","Impulse"],"gold_per_floor":[215,228,228,240,240,274,22,22,22,56,73,73,86,111,111,206,206,216,216,229,329,343,343,343,3,74,85,85,10,10,30,30,132,132,152,168,168,39,39,51,70,70,70,20,20,35,368,379,379,379],"floor_reached":50,"campfire_rested":2,"playtime":2208,"current_hp_per_floor":[73,74,67,73,73,52,52,52,52,33,33,55,57,53,53,24,75,60,60,65,65,49,49,49,49,49,40,62,62,62,75,75,59,75,75,42,42,42,42,44,54,54,54,54,54,75,55,65,65,0],"items_purged":["Strike_B"],"gold":379,"score":616,"play_id":"417365e3-7dfc-4a6f-933d-e1f3058062bc","local_time":"20180429001024","is_prod":false,"is_daily":false,"chose_seed":false,"is_ascension_mode":true,"campfire_upgraded":7,"timestamp":1524931824,"path_taken":["M","M","?","M","?","E","$","R","T","E","M","R","M","E","R","BOSS","M","?","M","?","M","R","?","$","T","M","R","?","R","M","R","BOSS","M","M","?","$","?","M","M","?","T","?","R","M","E","M","R","BOSS"],"build_version":"2018-04-27v3","seed_source_timestamp":299142746856432,"purchased_purges":1,"victory":false,"master_deck":["Strike_B","Defend_B","Defend_B","Defend_B","Defend_B","Zap+1","Dualcast","Self Repair","Defragment+1","Chill","Capacitor","Fusion+1","Double Energy","Capacitor","Barrage","Go for the Eyes","Doom and Gloom","Skim","Redo+1","Self Repair+1","Capacitor+1","Cold Snap+1","Defragment+1","Seek+1","Sweeping Beam+1","Blizzard+1","Buffer+1","Streamline","Jack Of All Trades","Blaster","Undo+1","Self Repair+1","Turbo","Impulse+1","Loop+1","Stack","Doom and Gloom"],"max_hp_per_floor":[75,75,75,75,75,75,75,75,75,75,75,75,75,75,75,75,75,75,75,75,75,75,75,75,75,75,75,75,75,75,75,75,75,75,75,75,75,75,75,75,75,75,75,75,75,75,75,75,75,75],"relics":["Cracked Core","Darkstone Periapt","Orichalcum","Juzu Bracelet","Art of War","Vajra","Bag of Preparation","Sozu","Frozen Egg 2","Question Card","Lizard Tail","Mercury Hourglass","Old Coin"],"card_choices":[{"not_picked":["Streamline","Tempest"],"picked":"Self Repair","floor":1},{"not_picked":["Sweeping Beam","Impulse"],"picked":"Defragment","floor":2},{"not_picked":["Coolheaded","Impulse"],"picked":"Chill","floor":4},{"not_picked":["Biased Cognition","Ball Lightning"],"picked":"Fusion","floor":6},{"not_picked":["Double Energy","Force Field"],"picked":"Barrage","floor":10},{"not_picked":["Tempest","Cold Snap"],"picked":"Go for the Eyes","floor":11},{"not_picked":["Melter","Flux Capacitor"],"picked":"Doom and Gloom","floor":13},{"not_picked":["Double Energy","Heatsinks"],"picked":"Skim","floor":14},{"not_picked":["Multi-Cast","Fusion"],"picked":"Redo","floor":16},{"not_picked":["Blizzard","Hologram"],"picked":"Self Repair","floor":18},{"not_picked":["Self Repair","Auto Shields"],"picked":"Sunder","floor":20},{"not_picked":["Beam Cell","Ball Lightning","Sweeping Beam"],"picked":"Cold Snap","floor":27},{"not_picked":["Coolheaded","Axe Kick","Stack"],"picked":"Defragment","floor":31},{"not_picked":["Hyperbeam","All For One","Fission"],"picked":"Seek","floor":33},{"not_picked":["Go for the Eyes","Force Field","Skim"],"picked":"Sweeping Beam","floor":35},{"not_picked":["Storm","White Noise","Rip and Tear"],"picked":"Blizzard","floor":36},{"not_picked":["Thinking Ahead","Good Instincts","Swift Strike"],"picked":"Jack Of All Trades","floor":39},{"not_picked":["Sweeping Beam","Go for the Eyes","Axe Kick"],"picked":"Blaster","floor":40},{"not_picked":["Scrape","Flux Capacitor","Tempest"],"picked":"Undo","floor":41},{"not_picked":["Storm","Coolheaded","Flux Capacitor"],"picked":"Loop","floor":46},{"not_picked":["Biased Cognition","Rebound","Force Field"],"picked":"Stack","floor":47},{"not_picked":["Heatsinks","Turbo","Axe Kick"],"picked":"Doom and Gloom","floor":48}],"player_experience":919817,"potions_floor_usage":[16,33,50,50],"damage_taken":[{"damage":2,"enemies":"Jaw Worm","floor":1,"turns":3},{"damage":6,"enemies":"2 Louse","floor":2,"turns":3},{"damage":1,"enemies":"Cultist","floor":4,"turns":4},{"damage":28,"enemies":"Lagavulin","floor":6,"turns":9},{"damage":26,"enemies":"Gremlin Nob","floor":10,"turns":5},{"damage":7,"enemies":"2 Fungi Beasts","floor":11,"turns":3},{"damage":5,"enemies":"Looter","floor":13,"turns":4},{"damage":11,"enemies":"Lagavulin","floor":14,"turns":4},{"damage":36,"enemies":"Slime Boss","floor":16,"turns":7},{"damage":22,"enemies":"Shell Parasite","floor":18,"turns":5},{"damage":12,"enemies":"Chosen","floor":20,"turns":7},{"damage":33,"enemies":"Snecko","floor":22,"turns":6},{"damage":26,"enemies":"Snake Plant","floor":27,"turns":5},{"damage":4,"enemies":"Centurion and Healer","floor":31,"turns":5},{"damage":33,"enemies":"Automaton","floor":33,"turns":9},{"damage":4,"enemies":"Orb Walker","floor":35,"turns":3},{"damage":50,"enemies":"3 Darklings","floor":36,"turns":4},{"damage":15,"enemies":"Spire Growth","floor":40,"turns":6},{"damage":7,"enemies":"4 Shapes","floor":41,"turns":5},{"damage":0,"enemies":"Flame Bruiser 2 Orb","floor":46,"turns":7},{"damage":47,"enemies":"Giant Head","floor":47,"turns":9},{"damage":0,"enemies":"Spire Growth","floor":48,"turns":5},{"damage":128,"enemies":"Awakened One","floor":50,"turns":14}],"event_choices":[{"event_name":"Scrap Ooze","player_choice":"success","floor":3,"damage_taken":7},{"event_name":"Transmorgrifier","player_choice":"Transform","floor":5,"damage_taken":0},{"event_name":"Drug Dealer","player_choice":"Ignored","floor":19,"damage_taken":0},{"event_name":"Golden Shrine","player_choice":"Pray","floor":21,"damage_taken":0},{"event_name":"Vampires","player_choice":"Ignored","floor":24,"damage_taken":0},{"event_name":"Beggar","player_choice":"Gave Gold","floor":29,"damage_taken":0},{"event_name":"SensoryStone","player_choice":"Memory 1","floor":39,"damage_taken":0},{"event_name":"Match and Keep!","player_choice":"2 cards matched","floor":42,"damage_taken":0}],"boss_relics":[{"not_picked":["White Beast Statue","Black Star"],"picked":"Sozu"},{"not_picked":["Nuclear Battery","Velvet Choker"],"picked":"Lizard Tail"}],"potions_floor_spawned":[2,6,11,16,22,33,35,36,40,48],"seed_played":"8823034434531440476","killed_by":"Awakened One","ascension_level":3,"is_trial":false}