{"gold_per_floor":[109,109,109,120,120,154,154,168,194,194,225,265,265,285,285,406,406,389,1,1,15,33,72,86,86,159,159,172,172],"floor_reached":29,"playtime":1744,"items_purged":["Strike_R"],"score":445,"play_id":"61618627-84e5-45de-bfa8-c46fa2c37312","local_time":"20190420235259","is_ascension_mode":true,"campfire_choices":[{"data":"Armaments","floor":10,"key":"SMITH"},{"data":"True Grit","floor":13,"key":"SMITH"},{"floor":15,"key":"REST"},{"floor":25,"key":"REST"}],"neow_cost":"NONE","seed_source_timestamp":701016892525800,"circlet_count":0,"master_deck":["AscendersBane","Strike_R","Strike_R","Strike_R","Defend_R","Defend_R","Defend_R","Defend_R","Bash","True Grit+1","Twin Strike","Armaments+1","Shockwave","Pommel Strike","Barricade","Shrug It Off","Shame","Whirlwind","Metallicize","Impervious","Battle Trance","Entrench"],"relics":["Burning Blood","NeowsBlessing","PreservedInsect","Pen Nib","Golden Idol","Juzu Bracelet","Odd Mushroom","Vajra","Sozu","Thread and Needle","Shuriken","Bottled Tornado","The Courier"],"potions_floor_usage":[11,11,16],"damage_taken":[{"damage":0,"enemies":"Cultist","floor":1,"turns":1},{"damage":0,"enemies":"Jaw Worm","floor":4,"turns":1},{"damage":0,"enemies":"Gremlin Nob","floor":6,"turns":1},{"damage":0,"enemies":"2 Louse","floor":8,"turns":2},{"damage":7,"enemies":"The Mushroom Lair","floor":11,"turns":4},{"damage":20,"enemies":"3 Sentries","floor":12,"turns":8},{"damage":21,"enemies":"Large Slime","floor":14,"turns":8},{"damage":43,"enemies":"The Guardian","floor":16,"turns":11},{"damage":25,"enemies":"2 Thieves","floor":18,"turns":4},{"damage":0,"enemies":"Shell Parasite","floor":21,"turns":8},{"damage":0,"enemies":"Snecko","floor":22,"turns":8},{"damage":39,"enemies":"Gremlin Leader","floor":23,"turns":9},{"damage":8,"enemies":"Centurion and Healer","floor":24,"turns":7},{"damage":0,"enemies":"Cultist and Chosen","floor":28,"turns":10},{"damage":52,"enemies":"Book of Stabbing","floor":29,"turns":8}],"seed_played":"5319122200129954600","potions_obtained":[{"floor":1,"key":"Block Potion"},{"floor":6,"key":"Fire Potion"},{"floor":11,"key":"Ancient Potion"},{"floor":14,"key":"AttackPotion"}],"is_trial":false,"path_per_floor":["M","?","?","M","?","E","?","M","T","R","?","E","R","M","R","B",null,"M","$","?","M","M","E","M","R","T","?","M","E"],"character_chosen":"IRONCLAD","items_purchased":["Thread and Needle"],"campfire_rested":2,"item_purchase_floors":[19],"current_hp_per_floor":[78,78,71,77,59,65,45,51,51,51,50,36,36,21,45,8,62,43,43,43,49,55,22,20,44,44,44,50,0],"gold":172,"neow_bonus":"THREE_ENEMY_KILL","is_prod":false,"is_daily":false,"chose_seed":false,"campfire_upgraded":2,"win_rate":0,"timestamp":1555797179,"path_taken":["M","?","?","M","?","E","?","M","T","R","?","E","R","M","R","BOSS","M","$","?","M","M","E","M","R","T","?","M","E"],"build_version":"2019-01-23","purchased_purges":1,"victory":false,"max_hp_per_floor":[80,80,80,80,80,80,80,80,80,80,80,80,80,80,80,80,80,80,80,80,80,80,80,80,80,80,80,80,80],"card_choices":[{"not_picked":["Burning Pact","Sword Boomerang","Second Wind"],"picked":"SKIP","floor":1},{"not_picked":["Pommel Strike","Heavy Blade"],"picked":"True Grit","floor":4},{"not_picked":["Anger","Clash"],"picked":"Twin Strike","floor":6},{"not_picked":["Sever Soul","Blood for Blood"],"picked":"Armaments","floor":8},{"not_picked":["True Grit","Twin Strike"],"picked":"Shockwave","floor":12},{"not_picked":["Clash","Cleave"],"picked":"Pommel Strike","floor":14},{"not_picked":["Brutality","Immolate"],"picked":"Barricade","floor":16},{"not_picked":["Cleave","Warcry"],"picked":"Shrug It Off","floor":18},{"not_picked":["Sever Soul","Armaments","Pummel"],"picked":"SKIP","floor":21},{"not_picked":["Twin Strike","Rampage"],"picked":"Whirlwind","floor":22},{"not_picked":["Second Wind","True Grit"],"picked":"Metallicize","floor":23},{"not_picked":["Armaments","Havoc"],"picked":"Impervious","floor":24},{"not_picked":["Perfected Strike+1","Body Slam"],"picked":"Entrench","floor":28}],"player_experience":239372,"relics_obtained":[{"floor":6,"key":"Pen Nib"},{"floor":9,"key":"Juzu Bracelet"},{"floor":11,"key":"Odd Mushroom"},{"floor":12,"key":"Vajra"},{"floor":23,"key":"Bottled Tornado"},{"floor":26,"key":"The Courier"}],"event_choices":[{"damage_healed":0,"gold_gain":0,"player_choice":"Ignored","damage_taken":0,"max_hp_gain":0,"max_hp_loss":0,"event_name":"Liars Game","floor":2,"gold_loss":0},{"cards_removed":["Strike_R"],"damage_healed":0,"gold_gain":0,"player_choice":"Card Removal","damage_taken":7,"max_hp_gain":0,"max_hp_loss":0,"event_name":"Golden Wing","floor":3,"gold_loss":0},{"damage_healed":0,"gold_gain":0,"player_choice":"Success","damage_taken":18,"relics_obtained":["PreservedInsect"],"max_hp_gain":0,"max_hp_loss":0,"event_name":"Scrap Ooze","floor":5,"gold_loss":0},{"damage_healed":0,"gold_gain":0,"player_choice":"Take Damage","damage_taken":20,"relics_obtained":["Golden Idol"],"max_hp_gain":0,"max_hp_loss":0,"event_name":"Golden Idol","floor":7,"gold_loss":0},{"damage_healed":0,"gold_gain":0,"player_choice":"Fought Mushrooms","damage_taken":0,"max_hp_gain":0,"max_hp_loss":0,"event_name":"Mushrooms","floor":11,"gold_loss":0},{"damage_healed":0,"gold_gain":0,"player_choice":"Stole Relic","damage_taken":0,"relics_obtained":["Shuriken"],"max_hp_gain":0,"max_hp_loss":0,"event_name":"Addict","floor":20,"gold_loss":0,"cards_obtained":["Shame"]},{"damage_healed":0,"gold_gain":0,"player_choice":"Read","damage_taken":0,"max_hp_gain":0,"max_hp_loss":0,"event_name":"The Library","floor":27,"gold_loss":0,"cards_obtained":["Battle Trance"]}],"is_beta":false,"boss_relics":[{"not_picked":["Orrery","Tiny House"],"picked":"Sozu"}],"items_purged_floors":[19],"is_endless":false,"potions_floor_spawned":[1,6,11,14,21,23,24],"killed_by":"Book of Stabbing","ascension_level":12}