{"gold_per_floor":[116,3,3,21,78,103,114,146,146,158,178,178,207,207,207,309,309,320,1,18,34,53,53,66,66,66,95,106,106,132,47,47,152,152,168,168,168,181,8,34,34,66,113,146,159,169,169,182,182,182],"floor_reached":51,"playtime":2107,"items_purged":["Shame","Strike_R"],"score":862,"play_id":"f3384f4f-efd2-43a5-9869-f9f5b1023595","local_time":"20190421181107","is_ascension_mode":false,"campfire_choices":[{"data":"Fiend Fire","floor":12,"key":"SMITH"},{"data":"Immolate","floor":15,"key":"SMITH"},{"data":"Disarm","floor":23,"key":"SMITH"},{"data":"Armaments","floor":25,"key":"SMITH"},{"data":"Juggernaut","floor":29,"key":"SMITH"},{"data":"Immolate","floor":32,"key":"SMITH"},{"data":"Panacea","floor":41,"key":"SMITH"},{"data":"Secret Technique","floor":47,"key":"SMITH"},{"data":"Battle Trance","floor":49,"key":"SMITH"}],"neow_cost":"CURSE","seed_source_timestamp":802912124624400,"circlet_count":0,"master_deck":["Strike_R","Strike_R","Strike_R","Strike_R","Defend_R","Defend_R","Defend_R","Defend_R","Bash","Immolate+1","Disarm+1","Metallicize","Iron Wave","Fiend Fire+1","Armaments+1","Flame Barrier","True Grit","Pommel Strike","Shockwave+1","Immolate+1","Shrug It Off+1","Cleave+1","Juggernaut+1","Armaments+1","Battle Trance+1","Headbutt","Exhume","Panacea+1","Secret Technique+1","Master of Strategy","True Grit+1","Intimidate+1","Offering+1","Headbutt+1"],"relics":["Burning Blood","Boot","Kunai","PreservedInsect","Odd Mushroom","Velvet Choker","Membership Card","Oddly Smooth Stone","Champion Belt","Question Card","Vajra","Strawberry","Busted Crown","Anchor","Pear","Toxic Egg 2","Smiling Mask","Potion Belt"],"potions_floor_usage":[21,50,50],"damage_taken":[{"damage":1,"enemies":"Jaw Worm","floor":1,"turns":4},{"damage":0,"enemies":"2 Louse","floor":4,"turns":1},{"damage":24,"enemies":"Gremlin Nob","floor":6,"turns":5},{"damage":0,"enemies":"Cultist","floor":7,"turns":2},{"damage":16,"enemies":"Lagavulin","floor":8,"turns":7},{"damage":0,"enemies":"Blue Slaver","floor":10,"turns":4},{"damage":0,"enemies":"Looter","floor":11,"turns":3},{"damage":5,"enemies":"The Mushroom Lair","floor":13,"turns":3},{"damage":15,"enemies":"Slime Boss","floor":16,"turns":8},{"damage":7,"enemies":"Spheric Guardian","floor":18,"turns":3},{"damage":3,"enemies":"Shell Parasite","floor":20,"turns":5},{"damage":1,"enemies":"Snake Plant","floor":21,"turns":4},{"damage":1,"enemies":"Snecko","floor":22,"turns":4},{"damage":2,"enemies":"Centurion and Healer","floor":24,"turns":6},{"damage":1,"enemies":"Book of Stabbing","floor":27,"turns":5},{"damage":3,"enemies":"Snake Plant","floor":28,"turns":4},{"damage":13,"enemies":"Slavers","floor":30,"turns":3},{"damage":19,"enemies":"Champ","floor":33,"turns":11},{"damage":0,"enemies":"3 Shapes","floor":35,"turns":3},{"damage":0,"enemies":"Orb Walker","floor":38,"turns":4},{"damage":0,"enemies":"Reptomancer","floor":40,"turns":4},{"damage":20,"enemies":"Giant Head","floor":42,"turns":7},{"damage":0,"enemies":"Nemesis","floor":44,"turns":5},{"damage":3,"enemies":"Sphere and 2 Shapes","floor":45,"turns":6},{"damage":0,"enemies":"4 Shapes","floor":46,"turns":2},{"damage":4,"enemies":"Writhing Mass","floor":48,"turns":6},{"damage":23,"enemies":"Time Eater","floor":50,"turns":14}],"seed_played":"2149479254776745067","potions_obtained":[{"floor":8,"key":"SmokeBomb"},{"floor":11,"key":"Block Potion"},{"floor":13,"key":"Strength Potion"},{"floor":18,"key":"SpeedPotion"},{"floor":21,"key":"Weak Potion"},{"floor":33,"key":"Fire Potion"},{"floor":44,"key":"Regen Potion"}],"is_trial":false,"path_per_floor":["M","$","?","M","?","E","M","E","T","M","M","R","?","?","R","B",null,"M","$","M","M","M","R","M","R","T","E","M","R","E","?","R","B",null,"M","?","?","M","$","E","R","E","T","E","M","M","R","M","R","B",null],"character_chosen":"IRONCLAD","items_purchased":["Metallicize","Membership Card","Oddly Smooth Stone","Master of Strategy","Anchor"],"campfire_rested":0,"item_purchase_floors":[2,19,19,39,39],"current_hp_per_floor":[80,80,80,80,80,62,68,58,58,64,70,70,71,71,71,62,80,79,79,80,80,80,80,80,80,80,80,80,80,73,80,80,67,87,87,87,77,83,83,97,97,83,83,89,92,97,97,97,97,85],"gold":182,"neow_bonus":"THREE_RARE_CARDS","is_prod":false,"is_daily":false,"chose_seed":false,"campfire_upgraded":9,"win_rate":1,"timestamp":1555895467,"path_taken":["M","$","?","M","?","E","M","E","T","M","?","R","?","?","R","BOSS","M","$","M","M","M","R","M","R","T","E","M","R","E","?","R","BOSS","M","?","?","M","$","E","R","E","T","E","M","M","R","M","R","BOSS"],"build_version":"2019-01-23","purchased_purges":2,"victory":true,"max_hp_per_floor":[80,80,80,80,80,80,80,80,80,80,80,80,80,80,80,80,80,80,80,80,80,80,80,80,80,80,80,80,80,80,87,87,87,87,87,87,87,87,87,97,97,97,97,97,97,97,97,97,97,97],"card_choices":[{"not_picked":["Double Tap","Demon Form"],"picked":"Immolate","floor":0},{"not_picked":["Rampage","Twin Strike"],"picked":"Disarm","floor":1},{"not_picked":["Ghostly Armor","Anger"],"picked":"Iron Wave","floor":4},{"not_picked":["Bloodletting","Body Slam"],"picked":"Fiend Fire","floor":6},{"not_picked":["Second Wind","Iron Wave"],"picked":"Armaments","floor":7},{"not_picked":["Whirlwind","Fire Breathing"],"picked":"Flame Barrier","floor":8},{"not_picked":["Cleave","Sword Boomerang"],"picked":"True Grit","floor":10},{"not_picked":["Thunderclap","Wild Strike"],"picked":"Pommel Strike","floor":11},{"not_picked":["Whirlwind","Wild Strike"],"picked":"Shockwave","floor":13},{"not_picked":["Bludgeon","Limit Break"],"picked":"Immolate","floor":16},{"not_picked":["Perfected Strike","Clothesline+1"],"picked":"Shrug It Off+1","floor":18},{"not_picked":["Bloodletting","Pommel Strike"],"picked":"Cleave+1","floor":20},{"not_picked":["Perfected Strike","Carnage"],"picked":"Juggernaut","floor":21},{"not_picked":["Body Slam","Blood for Blood+1"],"picked":"Armaments+1","floor":22},{"not_picked":["Sentinel","Twin Strike"],"picked":"Metallicize+1","floor":24},{"not_picked":["Burning Pact","Blood for Blood","Body Slam"],"picked":"SKIP","floor":27},{"not_picked":["Sword Boomerang","Metallicize","Pommel Strike"],"picked":"Battle Trance","floor":28},{"not_picked":["Heavy Blade","Flex","Fire Breathing"],"picked":"Headbutt","floor":30},{"not_picked":["Impervious","Juggernaut","Immolate"],"picked":"Exhume","floor":33},{"not_picked":["Sword Boomerang+1","Warcry"],"picked":"SKIP","floor":35},{"not_picked":["Flash of Steel"],"picked":"Panacea","floor":37},{"not_picked":["Transmutation"],"picked":"Secret Technique","floor":37},{"not_picked":["Sever Soul+1","Armaments"],"picked":"SKIP","floor":38},{"not_picked":["Sever Soul+1","Armaments"],"picked":"SKIP","floor":38},{"not_picked":["Pommel Strike","Cleave"],"picked":"SKIP","floor":40},{"not_picked":["Thunderclap"],"picked":"True Grit+1","floor":42},{"not_picked":["Cleave+1","Combust+1"],"picked":"SKIP","floor":44},{"not_picked":["Inflame"],"picked":"Intimidate+1","floor":45},{"not_picked":["Anger+1"],"picked":"Offering+1","floor":46},{"not_picked":["Rampage+1"],"picked":"Headbutt+1","floor":48}],"player_experience":486659,"relics_obtained":[{"floor":6,"key":"Boot"},{"floor":8,"key":"Kunai"},{"floor":9,"key":"PreservedInsect"},{"floor":13,"key":"Odd Mushroom"},{"floor":26,"key":"Champion Belt"},{"floor":27,"key":"Question Card"},{"floor":30,"key":"Vajra"},{"floor":40,"key":"Pear"},{"floor":42,"key":"Toxic Egg 2"},{"floor":43,"key":"Smiling Mask"},{"floor":44,"key":"Potion Belt"}],"event_choices":[{"damage_healed":0,"gold_gain":0,"player_choice":"Ignored","damage_taken":0,"max_hp_gain":0,"max_hp_loss":0,"event_name":"Liars Game","floor":3,"gold_loss":0},{"damage_healed":0,"gold_gain":57,"player_choice":"Gained Gold","damage_taken":0,"max_hp_gain":0,"max_hp_loss":0,"event_name":"Golden Wing","floor":5,"gold_loss":0},{"damage_healed":0,"gold_gain":0,"player_choice":"Fought Mushrooms","damage_taken":0,"max_hp_gain":0,"max_hp_loss":0,"event_name":"Mushrooms","floor":13,"gold_loss":0},{"damage_healed":0,"gold_gain":0,"player_choice":"Upgraded","damage_taken":0,"max_hp_gain":0,"max_hp_loss":0,"event_name":"Upgrade Shrine","floor":14,"gold_loss":0,"cards_upgraded":["Shockwave"]},{"damage_healed":0,"gold_gain":0,"player_choice":"Obtained Relic","damage_taken":0,"relics_obtained":["Strawberry"],"max_hp_gain":0,"max_hp_loss":0,"event_name":"Addict","floor":31,"gold_loss":85},{"cards_removed":["Metallicize"],"damage_healed":0,"gold_gain":0,"player_choice":"Removed Power","damage_taken":0,"max_hp_gain":0,"max_hp_loss":0,"event_name":"Falling","floor":36,"gold_loss":0},{"damage_healed":0,"gold_gain":0,"player_choice":"Memory 3","damage_taken":10,"max_hp_gain":0,"max_hp_loss":0,"event_name":"SensoryStone","floor":37,"gold_loss":0}],"is_beta":false,"boss_relics":[{"not_picked":["Lizard Tail","Runic Dome"],"picked":"Velvet Choker"},{"not_picked":["Coffee Dripper","Calling Bell"],"picked":"Busted Crown"}],"items_purged_floors":[2,19],"is_endless":false,"potions_floor_spawned":[8,11,13,18,20,21,33,38,40,44],"ascension_level":0}