{"gold_per_floor":[113,36,49,61,61,61,89,89,112,112,35,55,55,75,75,149,149,159,179,23,23,43,43,43,43,67,86,86,121,121,133,133,212,212,228,328,328,22,34,34,50,50,50,50,80,80,97,107,107,107,107,107,40,70,70],"floor_reached":55,"playtime":3721,"items_purged":[],"score":1233,"play_id":"2868eca0-1bce-47ed-873e-cf5c2ce5c668","local_time":"20190314162650","is_ascension_mode":true,"campfire_choices":[{"data":"Rainbow","floor":6.0,"key":"SMITH"},{"data":"Loop","floor":10.0,"key":"SMITH"},{"floor":13.0,"key":"REST"},{"data":"Defragment","floor":15.0,"key":"SMITH"},{"data":"Consume","floor":23.0,"key":"SMITH"},{"floor":28.0,"key":"REST"},{"floor":30.0,"key":"REST"},{"floor":32.0,"key":"REST"},{"data":"Fission","floor":40.0,"key":"SMITH"},{"floor":42.0,"key":"REST"},{"data":"Capacitor","floor":44.0,"key":"SMITH"},{"floor":49.0,"key":"RECALL"},{"data":"Seek","floor":52.0,"key":"SMITH"}],"neow_cost":"NONE","seed_source_timestamp":0,"circlet_count":0,"master_deck":["AscendersBane","Zap","Dualcast","Rainbow+1","Capacitor+1","Capacitor","Loop+1","Redo","Ball Lightning","Defragment+1","Coolheaded+1","Leap","Core Surge","Consume+1","Reprogram","Darkness+1","Seek+1","Force Field","Fission+1","Meteor Strike","Echo Form","Steam Power","Self Repair","Sunder","Conserve Battery","Conserve Battery","Compile Driver","Conserve Battery","Stack","PanicButton","Conserve Battery+1","Coolheaded","Defragment","Barrage"],"special_seed":0,"relics":["Cracked Core","Whetstone","Art of War","Nuclear Battery","DataDisk","Boot","Pandora\u0027s Box","Ginger","Torii","Lantern","Pear","Orichalcum"],"potions_floor_usage":[],"damage_taken":[{"damage":3.0,"enemies":"Small Slimes","floor":1.0,"turns":3.0},{"damage":7.0,"enemies":"Jaw Worm","floor":3.0,"turns":3.0},{"damage":0.0,"enemies":"2 Louse","floor":4.0,"turns":3.0},{"damage":29.0,"enemies":"Lagavulin","floor":7.0,"turns":7.0},{"damage":10.0,"enemies":"2 Fungi Beasts","floor":12.0,"turns":4.0},{"damage":7.0,"enemies":"Red Slaver","floor":14.0,"turns":3.0},{"damage":24.0,"enemies":"Slime Boss","floor":16.0,"turns":9.0},{"damage":15.0,"enemies":"Shell Parasite","floor":18.0,"turns":7.0},{"damage":3.0,"enemies":"Spheric Guardian","floor":19.0,"turns":5.0},{"damage":11.0,"enemies":"Shelled Parasite and Fungi","floor":22.0,"turns":7.0},{"damage":0.0,"enemies":"Snecko","floor":27.0,"turns":5.0},{"damage":29.0,"enemies":"Slavers","floor":29.0,"turns":5.0},{"damage":12.0,"enemies":"Centurion and Healer","floor":31.0,"turns":7.0},{"damage":38.0,"enemies":"Collector","floor":33.0,"turns":9.0},{"damage":23.0,"enemies":"Orb Walker","floor":35.0,"turns":4.0},{"damage":0.0,"enemies":"Mind Bloom Boss Battle","floor":36.0,"turns":7.0},{"damage":6.0,"enemies":"3 Shapes","floor":39.0,"turns":9.0},{"damage":19.0,"enemies":"Sphere and 2 Shapes","floor":41.0,"turns":4.0},{"damage":14.0,"enemies":"Reptomancer","floor":45.0,"turns":8.0},{"damage":1.0,"enemies":"Spire Growth","floor":47.0,"turns":4.0},{"damage":11.0,"enemies":"Writhing Mass","floor":48.0,"turns":5.0},{"damage":41.0,"enemies":"Awakened One","floor":50.0,"turns":22.0},{"damage":35.0,"enemies":"Shield and Spear","floor":54.0,"turns":12.0},{"damage":47,"enemies":"The Heart","floor":55,"turns":9}],"seed_played":"-6046639773190890495","potions_obtained":[{"floor":1.0,"key":"Strength Potion"},{"floor":4.0,"key":"Dexterity Potion"},{"floor":12.0,"key":"PowerPotion"},{"floor":16.0,"key":"Explosive Potion"},{"floor":39.0,"key":"EssenceOfSteel"},{"floor":41.0,"key":"LiquidBronze"},{"floor":47.0,"key":"SteroidPotion"},{"floor":54.0,"key":"SteroidPotion"}],"is_trial":false,"path_per_floor":["M","$","M","M","?","R","E","?","T","R","$","M","R","M","R","B",null,"M","M","$","?","M","R","?","?","T","M","R","E","R","M","R","B",null,"M","?","?","$","M","R","M","R","T","R","E","?","M","M","R","B",null,"R","$","E","B"],"character_chosen":"DEFECT","items_purchased":["Capacitor","Defragment","DataDisk","Torii","Defragment"],"campfire_rested":5,"item_purchase_floors":[2,11,20,38,53],"current_hp_per_floor":[61,61,54,54,54,54,25,25,25,25,25,15,36,29,29,5,55,40,37,37,51,40,40,20,20,20,20,42,13,35,23,45,7,59,43,43,43,43,44,44,32,53,53,53,56,56,62,51,51,24,68,68,68,47,0],"gold":70,"neow_bonus":"ONE_RANDOM_RARE_CARD","is_prod":false,"is_daily":false,"chose_seed":false,"campfire_upgraded":7,"win_rate":0,"timestamp":1552595210,"path_taken":["M","$","M","M","?","R","E","?","T","R","?","M","R","M","R","BOSS","M","M","$","?","M","R","?","?","T","M","R","E","R","?","R","BOSS","M","?","?","?","M","R","?","R","T","R","E","?","M","M","R","BOSS","R","$","E","BOSS"],"build_version":"2019-02-06","purchased_purges":0,"victory":false,"max_hp_per_floor":[71,71,71,71,71,71,71,71,71,71,71,71,71,71,71,71,71,71,71,71,71,71,71,76,76,76,76,76,76,76,76,76,76,76,76,76,72,72,72,72,72,72,72,72,82,82,82,82,82,82,82,82,82,82,82],"card_choices":[{"not_picked":["Go for the Eyes","Fusion"],"picked":"Capacitor","floor":1.0},{"not_picked":["Undo","Heatsinks"],"picked":"Loop","floor":3.0},{"not_picked":["Storm","Hologram"],"picked":"Redo","floor":4.0},{"not_picked":["Gash","Compile Driver"],"picked":"Ball Lightning","floor":7.0},{"not_picked":["Double Energy","Conserve Battery"],"picked":"Coolheaded","floor":12.0},{"not_picked":["Turbo","Darkness"],"picked":"Leap","floor":14.0},{"not_picked":["Meteor Strike","Fission"],"picked":"Core Surge","floor":16.0},{"not_picked":["Rebound+1","Aggregate","Streamline+1"],"picked":"SKIP","floor":18.0},{"not_picked":["Scrape","Defragment"],"picked":"Consume","floor":19.0},{"not_picked":["Cold Snap","Leap"],"picked":"Reprogram","floor":22.0},{"not_picked":["Consume","Ball Lightning","Sweeping Beam"],"picked":"SKIP","floor":27.0},{"not_picked":["Go for the Eyes","Stack"],"picked":"Darkness+1","floor":29.0},{"not_picked":["Amplify","Reprogram","Chaos"],"picked":"SKIP","floor":31.0},{"not_picked":["Thunder Strike","Fission"],"picked":"Seek","floor":33.0},{"not_picked":["Ball Lightning","Steam"],"picked":"Conserve Battery","floor":35.0},{"not_picked":["Cold Snap","Ball Lightning"],"picked":"Compile Driver","floor":36.0},{"not_picked":["Streamline","Aggregate"],"picked":"Conserve Battery","floor":39.0},{"not_picked":["Rebound","Leap"],"picked":"Stack","floor":41.0},{"not_picked":["Capacitor","Darkness","Beam Cell"],"picked":"SKIP","floor":45.0},{"not_picked":["Flash of Steel","Dramatic Entrance"],"picked":"PanicButton","floor":46.0},{"not_picked":["Reinforced Body","Leap+1"],"picked":"Conserve Battery+1","floor":47.0},{"not_picked":["Hyperbeam","Aggregate"],"picked":"Coolheaded","floor":48.0},{"not_picked":["Melter","Rebound"],"picked":"Barrage","floor":54.0}],"player_experience":812190,"relics_obtained":[{"floor":7.0,"key":"Whetstone"},{"floor":9.0,"key":"Art of War"},{"floor":29.0,"key":"Boot"},{"floor":36.0,"key":"Ginger"},{"floor":43.0,"key":"Lantern"},{"floor":45.0,"key":"Pear"},{"floor":54.0,"key":"Orichalcum"}],"event_choices":[{"damage_healed":0.0,"max_hp_gain":0.0,"max_hp_loss":0.0,"gold_gain":0.0,"event_name":"Liars Game","player_choice":"Ignored","floor":5.0,"gold_loss":0.0,"damage_taken":0.0},{"damage_healed":0.0,"max_hp_gain":0.0,"max_hp_loss":0.0,"gold_gain":0.0,"event_name":"Scrap Ooze","player_choice":"Fled","floor":8.0,"gold_loss":0.0,"damage_taken":0.0},{"damage_healed":14.0,"max_hp_gain":0.0,"max_hp_loss":0.0,"gold_gain":0.0,"event_name":"The Library","player_choice":"Heal","floor":21.0,"gold_loss":0.0,"damage_taken":0.0},{"damage_healed":0.0,"max_hp_gain":5.0,"max_hp_loss":0.0,"gold_gain":0.0,"event_name":"Forgotten Altar","player_choice":"Shed Blood","floor":24.0,"gold_loss":0.0,"damage_taken":25.0},{"damage_healed":0.0,"max_hp_gain":0.0,"max_hp_loss":0.0,"gold_gain":0.0,"event_name":"Upgrade Shrine","player_choice":"Upgraded","floor":25.0,"gold_loss":0.0,"damage_taken":0.0,"cards_upgraded":["Coolheaded"]},{"damage_healed":0.0,"max_hp_gain":0.0,"max_hp_loss":0.0,"gold_gain":0.0,"event_name":"MindBloom","player_choice":"Fight","floor":36.0,"gold_loss":0.0,"damage_taken":0.0},{"damage_healed":0.0,"max_hp_gain":0.0,"max_hp_loss":4.0,"gold_gain":0.0,"event_name":"Winding Halls","player_choice":"Max HP","floor":37.0,"gold_loss":0.0,"damage_taken":0.0},{"damage_healed":0.0,"max_hp_gain":0.0,"max_hp_loss":0.0,"gold_gain":0.0,"event_name":"SensoryStone","player_choice":"Memory 1","floor":46.0,"gold_loss":0.0,"damage_taken":0.0}],"is_beta":true,"boss_relics":[{"not_picked":["Sozu","Runic Pyramid"],"picked":"Nuclear Battery"},{"not_picked":["Empty Cage","Astrolabe"],"picked":"Pandora\u0027s Box"}],"items_purged_floors":[],"is_endless":false,"potions_floor_spawned":[1,4,12,14,16,18,19,39,41,47,54],"killed_by":"The Heart","ascension_level":15}