{"gold_per_floor":[11,25,25,25,38,71,86,86,110,134,157,157,181,205,205,299,299,254,254,141,141,141,141,141,141,141,141,141,141,141,141,141,141,141,141,141,41,41,41,41,41,41,41,41,41,41,41,41,41,41],"floor_reached":50,"playtime":4163,"items_purged":["Strike_B","Strike_B"],"score":961,"play_id":"218def59-92aa-4f95-8279-e6001b0b219f","local_time":"20190413084932","is_ascension_mode":true,"campfire_choices":[{"data":"Self Repair","floor":8.0,"key":"SMITH"},{"data":"Zap","floor":12.0,"key":"SMITH"},{"data":"Defragment","floor":15.0,"key":"SMITH"},{"data":"Dualcast","floor":23.0,"key":"SMITH"},{"data":"Reinforced Body","floor":30.0,"key":"SMITH"},{"data":"White Noise","floor":32.0,"key":"SMITH"},{"data":"Seek","floor":40.0,"key":"SMITH"},{"data":"Reinforced Body","floor":45.0,"key":"SMITH"},{"data":"Skim","floor":49,"key":"SMITH"}],"neow_cost":"NO_GOLD","seed_source_timestamp":0,"circlet_count":0,"master_deck":["AscendersBane","Strike_B","Strike_B","Defend_B","Defend_B","Defend_B","Defend_B","Zap+1","Dualcast+1","Reinforced Body+1","Genetic Algorithm","Self Repair+1","White Noise+1","Defragment+1","Conserve Battery","Chill","FTL","Electrodynamics","Auto Shields","Skim+1","Reinforced Body+1","Seek+1"],"special_seed":0,"relics":["FrozenCore","Thread and Needle","Golden Idol","Bronze Scales","Anchor","Ectoplasm","Nilry\u0027s Codex","Singing Bowl","Bag of Marbles","Incense Burner","Pantograph","Orichalcum","Strawberry"],"potions_floor_usage":[50],"damage_taken":[{"damage":0.0,"enemies":"Small Slimes","floor":1.0,"turns":3.0},{"damage":3.0,"enemies":"Jaw Worm","floor":2.0,"turns":3.0},{"damage":0.0,"enemies":"2 Louse","floor":5.0,"turns":3.0},{"damage":54.0,"enemies":"3 Sentries","floor":6.0,"turns":10.0},{"damage":0.0,"enemies":"Large Slime","floor":7.0,"turns":8.0},{"damage":4.0,"enemies":"2 Fungi Beasts","floor":10.0,"turns":4.0},{"damage":3.0,"enemies":"Gremlin Gang","floor":11.0,"turns":5.0},{"damage":0.0,"enemies":"Large Slime","floor":13.0,"turns":4.0},{"damage":2.0,"enemies":"Exordium Wildlife","floor":14.0,"turns":4.0},{"damage":26.0,"enemies":"Slime Boss","floor":16.0,"turns":11.0},{"damage":1.0,"enemies":"2 Thieves","floor":18.0,"turns":3.0},{"damage":0.0,"enemies":"Shell Parasite","floor":24.0,"turns":4.0},{"damage":0.0,"enemies":"Shelled Parasite and Fungi","floor":25.0,"turns":6.0},{"damage":0.0,"enemies":"Centurion and Healer","floor":27.0,"turns":7.0},{"damage":4.0,"enemies":"3 Cultists","floor":29.0,"turns":5.0},{"damage":7.0,"enemies":"Book of Stabbing","floor":31.0,"turns":6.0},{"damage":51.0,"enemies":"Collector","floor":33.0,"turns":12.0},{"damage":0.0,"enemies":"3 Darklings","floor":35.0,"turns":6.0},{"damage":0.0,"enemies":"Mind Bloom Boss Battle","floor":38.0,"turns":10.0},{"damage":0.0,"enemies":"3 Shapes","floor":39.0,"turns":6.0},{"damage":0.0,"enemies":"Reptomancer","floor":41.0,"turns":7.0},{"damage":25.0,"enemies":"Nemesis","floor":44.0,"turns":10.0},{"damage":0,"enemies":"3 Darklings","floor":47,"turns":3},{"damage":23,"enemies":"Transient","floor":48,"turns":5},{"damage":63,"enemies":"Time Eater","floor":50,"turns":28}],"seed_played":"7519795578609338321","potions_obtained":[{"floor":2.0,"key":"Poison Potion"},{"floor":6.0,"key":"Energy Potion"},{"floor":7.0,"key":"Block Potion"},{"floor":13.0,"key":"FearPotion"},{"floor":18.0,"key":"Strength Potion"},{"floor":22.0,"key":"Block Potion"},{"floor":25.0,"key":"FearPotion"},{"floor":35.0,"key":"SneckoOil"},{"floor":39.0,"key":"PowerPotion"},{"floor":41.0,"key":"Block Potion"},{"floor":48,"key":"Strength Potion"}],"is_trial":false,"path_per_floor":["?","?","?","?","?","M","?","?","?","M","?","?"],"character_chosen":"DEFECT","items_purchased":["Skim"],"campfire_rested":0,"item_purchase_floors":[20],"current_hp_per_floor":[64,61,61,61,61,7,14,14,14,20,27,27,37,45,45,29,55,64,64,64,43,43,43,53,63,63,66,66,68,68,70,70,29,60,72,68,68,70,72,72,74,74,74,68,68,68,80,69,69,24],"gold":41,"neow_bonus":"ONE_RARE_RELIC","is_prod":false,"is_daily":false,"chose_seed":false,"campfire_upgraded":9,"win_rate":0,"timestamp":1555163372,"path_taken":["M","M","?","?","M","E","M","R","T","M","M","R","M","M","R","BOSS","M","?","$","?","?","R","M","?","T","M","?","M","R","E","R","BOSS","M","?","$","?","?","R","E","?","T","E","R","?","M","M","R","BOSS"],"build_version":"2019-01-23","purchased_purges":2,"victory":false,"max_hp_per_floor":[71,71,64,64,64,64,64,64,64,64,64,64,64,64,64,64,64,64,64,64,64,64,64,64,64,64,66,66,68,68,70,70,70,70,72,68,68,70,72,72,74,74,74,83,83,83,85,87,87,87],"card_choices":[{"not_picked":["Sweeping Beam","Cold Snap"],"picked":"Reinforced Body","floor":1.0},{"not_picked":["Steam Power","Double Energy"],"picked":"Genetic Algorithm","floor":2.0},{"not_picked":["Storm","Rebound","Tempest"],"picked":"SKIP","floor":5.0},{"not_picked":["Redo","Gash"],"picked":"Self Repair","floor":6.0},{"not_picked":["Melter","Turbo"],"picked":"White Noise","floor":7.0},{"not_picked":["Steam Power","Barrage"],"picked":"Defragment","floor":10.0},{"not_picked":["Stack","Capacitor"],"picked":"Conserve Battery","floor":11.0},{"not_picked":["Compile Driver","Meteor Strike"],"picked":"Chill","floor":13.0},{"not_picked":["Heatsinks","Beam Cell"],"picked":"FTL","floor":14.0},{"not_picked":["Buffer","Fission"],"picked":"Electrodynamics","floor":16.0},{"not_picked":["Sweeping Beam","Beam Cell"],"picked":"Auto Shields","floor":18.0},{"not_picked":["Self Repair","Compile Driver","Beam Cell+1"],"picked":"SKIP","floor":24.0},{"not_picked":["Chill","Coolheaded"],"picked":"Reinforced Body","floor":25.0},{"not_picked":["Aggregate","All For One","Chaos"],"picked":"Singing Bowl","floor":27.0},{"not_picked":["Streamline+1","Barrage","BootSequence"],"picked":"Singing Bowl","floor":29.0},{"not_picked":["Cold Snap","Hologram","Reinforced Body"],"picked":"Singing Bowl","floor":31.0},{"not_picked":["Fission","Meteor Strike"],"picked":"Seek","floor":33.0},{"not_picked":["Streamline","Stack+1","Gash"],"picked":"Singing Bowl","floor":35.0},{"not_picked":["Stack","Skim","Doom and Gloom"],"picked":"Singing Bowl","floor":38.0},{"not_picked":["Beam Cell","Double Energy+1","Leap"],"picked":"Singing Bowl","floor":39.0},{"not_picked":["Storm","Sweeping Beam","Turbo+1"],"picked":"Singing Bowl","floor":41.0},{"not_picked":["Heatsinks","Redo","Cold Snap"],"picked":"Singing Bowl","floor":44.0},{"not_picked":["Hello World","Compile Driver","Stack"],"picked":"Singing Bowl","floor":47},{"not_picked":["Steam Power","Barrage+1","Rebound+1"],"picked":"Singing Bowl","floor":48}],"player_experience":398284,"relics_obtained":[{"floor":6.0,"key":"Bronze Scales"},{"floor":9.0,"key":"Anchor"},{"floor":21.0,"key":"Nilry\u0027s Codex"},{"floor":26.0,"key":"Singing Bowl"},{"floor":31.0,"key":"Bag of Marbles"},{"floor":38.0,"key":"Incense Burner"},{"floor":41.0,"key":"Pantograph"},{"floor":43.0,"key":"Orichalcum"},{"floor":44.0,"key":"Strawberry"}],"event_choices":[{"damage_healed":0.0,"max_hp_gain":0.0,"max_hp_loss":7.0,"gold_gain":0.0,"event_name":"Golden Idol","player_choice":"Lose Max HP","floor":3.0,"gold_loss":0.0,"damage_taken":0.0,"relics_obtained":["Golden Idol"]},{"damage_healed":0.0,"max_hp_gain":0.0,"max_hp_loss":0.0,"gold_gain":0.0,"event_name":"The Cleric","player_choice":"Leave","floor":4.0,"gold_loss":0.0,"damage_taken":0.0},{"damage_healed":0.0,"max_hp_gain":0.0,"max_hp_loss":0.0,"gold_gain":0.0,"event_name":"Ghosts","player_choice":"Ignored","floor":19.0,"gold_loss":0.0,"damage_taken":0.0},{"damage_healed":0.0,"max_hp_gain":0.0,"max_hp_loss":0.0,"gold_gain":0.0,"event_name":"Cursed Tome","player_choice":"Obtained Book","floor":21.0,"gold_loss":0.0,"damage_taken":21.0},{"damage_healed":0.0,"max_hp_gain":0.0,"max_hp_loss":0.0,"gold_gain":0.0,"event_name":"Lab","player_choice":"Got Potions","floor":22.0,"gold_loss":0.0,"damage_taken":0.0},{"damage_healed":0.0,"max_hp_gain":0.0,"max_hp_loss":0.0,"gold_gain":0.0,"event_name":"The Mausoleum","player_choice":"Ignored","floor":28.0,"gold_loss":0.0,"damage_taken":0.0},{"damage_healed":0.0,"max_hp_gain":0.0,"max_hp_loss":4.0,"gold_gain":0.0,"event_name":"Winding Halls","player_choice":"Max HP","floor":36.0,"gold_loss":0.0,"damage_taken":0.0},{"damage_healed":0.0,"max_hp_gain":0.0,"max_hp_loss":0.0,"gold_gain":0.0,"event_name":"MindBloom","player_choice":"Fight","floor":38.0,"gold_loss":0.0,"damage_taken":0.0},{"damage_healed":0.0,"max_hp_gain":0.0,"max_hp_loss":0.0,"gold_gain":0.0,"event_name":"The Moai Head","player_choice":"Ignored","floor":42.0,"gold_loss":0.0,"damage_taken":0.0},{"damage_healed":0,"gold_gain":0,"player_choice":"Ignored","damage_taken":0,"max_hp_gain":0,"max_hp_loss":0,"event_name":"Mysterious Sphere","floor":46,"gold_loss":0}],"is_beta":false,"boss_relics":[{"not_picked":["Runic Pyramid","Tiny House"],"picked":"Ectoplasm"},{"not_picked":["Nuclear Battery","Fusion Hammer"],"picked":"FrozenCore"}],"items_purged_floors":[20,37],"is_endless":false,"potions_floor_spawned":[2,6,7,13,18,25,35,39,41,48],"killed_by":"Time Eater","ascension_level":15}