{"path_per_floor":["M","M","$","M","?","R","E","R","T","R","M","E","M","E","R"],"character_chosen":"DEFECT","items_purchased":["Chaos"],"gold_per_floor":[109,127,47,65,35,35,70,70,70,70,88,115,127,159,159,159],"floor_reached":16,"campfire_rested":2,"playtime":570,"current_hp_per_floor":[63,63,63,56,56,56,39,39,39,60,60,40,33,1,22,0],"items_purged":[],"gold":159,"score":210,"play_id":"dce24411-4fcb-45fb-a725-ead9ebb03732","local_time":"20180518125202","is_prod":false,"is_daily":false,"chose_seed":false,"is_ascension_mode":true,"campfire_upgraded":2,"timestamp":1526619122,"campfire_choices":[{"data":"Chaos","floor":6,"key":"SMITH"},{"data":"Zap","floor":8,"key":"SMITH"},{"floor":10,"key":"REST"},{"floor":15,"key":"REST"}],"path_taken":["M","?","$","M","?","R","E","R","T","R","M","E","M","E","R","BOSS"],"build_version":"2018-05-17","seed_source_timestamp":692816307050428,"purchased_purges":0,"victory":false,"master_deck":["Strike_B","Strike_B","Strike_B","Strike_B","Defend_B","Defend_B","Defend_B","Defend_B","Zap+1","Dualcast","AscendersBane","Sweeping Beam","White Noise","Chaos+1","Steam","Leap","Gash","Coolheaded","Auto Shields","Capacitor+1"],"max_hp_per_floor":[71,71,71,71,71,71,71,71,71,71,71,71,71,71,71,71],"relics":["Cracked Core","Frozen Egg 2","Anchor","Ginger","Dream Catcher"],"card_choices":[{"not_picked":["Recycle","Cold Snap"],"picked":"Sweeping Beam","floor":1},{"not_picked":["Axe Kick","Go for the Eyes"],"picked":"White Noise","floor":2},{"not_picked":["Axe Kick","Barrage"],"picked":"Steam","floor":4},{"not_picked":["BootSequence","Amplify"],"picked":"Leap","floor":7},{"not_picked":["Go for the Eyes","Heatsinks+1"],"picked":"Gash","floor":11},{"not_picked":["Streamline","Auto Shields"],"picked":"Coolheaded","floor":12},{"not_picked":["Ball Lightning","Axe Kick"],"picked":"Auto Shields","floor":13},{"not_picked":["Go for the Eyes","Redo"],"picked":"Capacitor+1","floor":14}],"player_experience":998219,"potions_floor_usage":[7,14,16],"damage_taken":[{"damage":1,"enemies":"Cultist","floor":1,"turns":3},{"damage":0,"enemies":"Small Slimes","floor":2,"turns":2},{"damage":7,"enemies":"2 Louse","floor":4,"turns":2},{"damage":21,"enemies":"3 Sentries","floor":7,"turns":8},{"damage":0,"enemies":"Red Slaver","floor":11,"turns":3},{"damage":20,"enemies":"Lagavulin","floor":12,"turns":6},{"damage":7,"enemies":"Looter","floor":13,"turns":4},{"damage":32,"enemies":"Gremlin Nob","floor":14,"turns":5},{"damage":24,"enemies":"Hexaghost","floor":16,"turns":10}],"relics_obtained":[{"floor":7,"key":"Frozen Egg 2"},{"floor":9,"key":"Anchor"},{"floor":12,"key":"Ginger"},{"floor":14,"key":"Dream Catcher"}],"event_choices":[{"event_name":"The Woman in Blue","player_choice":"Bought 2 Potions","floor":5,"damage_taken":0}],"boss_relics":[],"potions_floor_spawned":[1,7,11],"seed_played":"891676259288544692","killed_by":"Hexaghost","ascension_level":15,"potions_obtained":[{"floor":1,"key":"Block Potion"},{"floor":5,"key":"Regen Potion"},{"floor":5,"key":"SpeedPotion"},{"floor":7,"key":"EssenceOfSteel"},{"floor":11,"key":"Dexterity Potion"}],"is_trial":false}