{"gold_per_floor":[99,99,49,94,24,114,159,9,9,99,25,50,95,140,140,440,440,485,530,575,103,148,238,238,238,238,283,283,328,328,418,418,718,718,763,763,763,763,808,808,898,22,22,112,3,48,48,93,93,93],"floor_reached":51,"playtime":6988,"items_purged":["Doppelganger"],"score":880,"play_id":"20da45bb-2010-48d8-aed9-d25210ba166b","local_time":"20190112033048","daily_mods":["Shiny","Time Dilation","Midas"],"is_ascension_mode":false,"campfire_choices":[{"floor":15,"key":"REST"},{"floor":24,"key":"REST"},{"floor":28,"key":"REST"},{"floor":32,"key":"REST"},{"floor":40,"key":"REST"},{"floor":49,"key":"REST"}],"neow_cost":"","seed_source_timestamp":0,"circlet_count":0,"master_deck":["Venomology","Corpse Explosion","Malaise","Phantasmal Killer","Die Die Die+1","Adrenaline","Envenom","Burst","Wraith Form v2","Tools of the Trade","Night Terror","Unload","After Image","Bullet Time","Storm of Steel","A Thousand Cuts","Caltrops","PiercingWail","Cloak And Dagger","Sucker Punch+1","Backflip","Underhanded Strike","Distraction","Noxious Fumes","Footwork","Dagger Throw","Corpse Explosion","Footwork","Accuracy+1","Catalyst","Well Laid Plans","Escape Plan","Prepared+1","Blur+1","Well Laid Plans+1","Backflip+1","Burst","Cloak And Dagger+1","Bullet Time","Infinite Blades+1","Burst","Bandage Up","Backstab","Footwork","Footwork","Escape Plan","Corpse Explosion","Panache","Dash+1","Madness","Madness"],"special_seed":17908,"relics":["Ring of the Snake","Bottled Flame","Oddly Smooth Stone","Ice Cream","Ornamental Fan","Snake Skull","Black Star","Membership Card","Bottled Lightning","Strawberry","Ancient Tea Set","Torii","Centennial Puzzle","The Courier","Sundial","Mercury Hourglass","Runic Pyramid","Tough Bandages","Kunai","Singing Bowl","Medical Kit","Ninja Scroll","Happy Flower","Lantern","Dodecahedron","PreservedInsect","Whetstone","Anchor","Blue Candle","Paper Crane","Mummified Hand"],"potions_floor_usage":[13,14,16,16,18,18,19,20,22,22,23,27,29,33,39,44,44,44,50,50,50],"damage_taken":[{"damage":11,"enemies":"Jaw Worm","floor":1,"turns":2},{"damage":0,"enemies":"Small Slimes","floor":4,"turns":1},{"damage":23,"enemies":"Gremlin Nob","floor":6,"turns":8},{"damage":0,"enemies":"Cultist","floor":7,"turns":2},{"damage":2,"enemies":"3 Sentries","floor":10,"turns":3},{"damage":1,"enemies":"Exordium Thugs","floor":13,"turns":2},{"damage":3,"enemies":"Blue Slaver","floor":14,"turns":4},{"damage":24,"enemies":"Hexaghost","floor":16,"turns":5},{"damage":8,"enemies":"3 Byrds","floor":18,"turns":5},{"damage":7,"enemies":"2 Thieves","floor":19,"turns":3},{"damage":0,"enemies":"Snecko","floor":20,"turns":6},{"damage":21,"enemies":"Snake Plant","floor":22,"turns":2},{"damage":25,"enemies":"Gremlin Leader","floor":23,"turns":5},{"damage":0,"enemies":"Chosen and Byrds","floor":27,"turns":4},{"damage":0,"enemies":"Snecko","floor":29,"turns":3},{"damage":3,"enemies":"Slavers","floor":31,"turns":2},{"damage":43,"enemies":"Collector","floor":33,"turns":6},{"damage":10,"enemies":"3 Darklings","floor":35,"turns":2},{"damage":12,"enemies":"3 Shapes","floor":39,"turns":3},{"damage":2,"enemies":"Reptomancer","floor":41,"turns":4},{"damage":0,"enemies":"Nemesis","floor":44,"turns":6},{"damage":0,"enemies":"3 Darklings","floor":46,"turns":1},{"damage":0,"enemies":"Transient","floor":48,"turns":5},{"damage":26,"enemies":"Time Eater","floor":50,"turns":9}],"seed_played":"-6985528776825621970","potions_obtained":[{"floor":10,"key":"Poison Potion"},{"floor":13,"key":"Fire Potion"},{"floor":16,"key":"Block Potion"},{"floor":20,"key":"Energy Potion"},{"floor":23,"key":"AttackPotion"},{"floor":46,"key":"SpeedPotion"}],"is_trial":false,"path_per_floor":["M","?","?","M","$","E","M","$","T","E","$","T","M","M","R","B",null,"M","M","M","$","M","E","R","?","T","M","R","M","T","E","R","B",null,"M","?","?","?","M","R","E","$","T","E","$","M","?","M","R","B",null],"character_chosen":"THE_SILENT","items_purchased":["Cloak And Dagger","Sucker Punch","Oddly Smooth Stone","Noxious Fumes","Membership Card","Catalyst","Well Laid Plans","Escape Plan","Bottled Lightning","Singing Bowl","Medical Kit","Ninja Scroll","Happy Flower","Lantern","Dodecahedron","PreservedInsect","Whetstone","Anchor","Burst","Bandage Up","Backstab","Footwork","Footwork","Escape Plan","Panache","GhostInAJar"],"campfire_rested":6,"item_purchase_floors":[5,5,8,11,21,21,21,21,21,42,42,42,42,42,42,42,42,42,42,42,42,42,42,42,45,45],"current_hp_per_floor":[59,52,52,52,52,29,29,29,29,27,27,27,26,23,44,20,70,62,55,55,55,34,16,39,39,39,39,62,62,62,59,77,34,77,67,67,67,67,55,77,75,75,75,77,77,77,67,73,79,57],"gold":93,"neow_bonus":"","is_prod":false,"is_daily":true,"chose_seed":false,"campfire_upgraded":0,"win_rate":0.0,"timestamp":1547281848,"path_taken":["M","?","?","M","$","E","?","?","T","E","?","?","M","M","R","BOSS","M","?","M","$","M","E","R","?","T","M","R","M","?","E","R","BOSS","M","?","?","?","?","R","E","$","T","E","$","M","?","M","R","BOSS"],"build_version":"2019-01-10","purchased_purges":1,"victory":true,"max_hp_per_floor":[70,70,70,70,70,70,70,70,70,70,70,70,70,70,70,70,70,70,70,70,70,70,77,77,77,77,77,77,77,77,77,77,77,77,77,77,77,77,77,77,77,77,77,77,77,77,77,79,79,79],"card_choices":[{"not_picked":["Prepared","Skewer"],"picked":"Caltrops","floor":1},{"not_picked":["Poisoned Stab","Blade Dance"],"picked":"PiercingWail","floor":4},{"not_picked":["Bane","Bouncing Flask"],"picked":"Backflip","floor":6},{"not_picked":["Phantasmal Killer","Quick Slash"],"picked":"Underhanded Strike","floor":7},{"not_picked":["Bane","Calculated Gamble"],"picked":"Distraction","floor":10},{"not_picked":["Slice","Unload"],"picked":"Footwork","floor":13},{"not_picked":["Heel Hook","Dagger Spray"],"picked":"Dagger Throw","floor":14},{"not_picked":["Glass Knife","Storm of Steel"],"picked":"Corpse Explosion","floor":16},{"not_picked":["Crippling Poison","Deadly Poison+1"],"picked":"Blade Dance","floor":18},{"not_picked":["Bouncing Flask","Skewer"],"picked":"Footwork","floor":19},{"not_picked":["Poisoned Stab+1","All Out Attack"],"picked":"Accuracy+1","floor":20},{"not_picked":["Predator","Bouncing Flask"],"picked":"Prepared+1","floor":22},{"not_picked":["Backflip","Dash"],"picked":"Blur+1","floor":23},{"not_picked":["Reflex","Poisoned Stab","Flying Knee"],"picked":"SKIP","floor":27},{"not_picked":["Sucker Punch","Deadly Poison"],"picked":"Well Laid Plans+1","floor":29},{"not_picked":["Blade Dance+1","Deflect+1"],"picked":"Backflip+1","floor":31},{"not_picked":["Unload","Storm of Steel"],"picked":"Burst","floor":33},{"not_picked":["Blade Dance","Flying Knee+1"],"picked":"Cloak And Dagger+1","floor":35},{"not_picked":["Dagger Spray+1","Deflect","Backflip"],"picked":"SKIP","floor":39},{"not_picked":["Dagger Throw+1","Poisoned Stab"],"picked":"Infinite Blades+1","floor":41},{"not_picked":["Catalyst+1","Heel Hook+1"],"picked":"Corpse Explosion","floor":44},{"not_picked":["Masterful Stab+1","Cloak And Dagger+1"],"picked":"Dash+1","floor":46},{"not_picked":["Sucker Punch+1","Caltrops+1","Deflect+1"],"picked":"Singing Bowl","floor":48}],"player_experience":23109,"relics_obtained":[{"floor":6,"key":"Bottled Flame"},{"floor":9,"key":"Ice Cream"},{"floor":10,"key":"Ornamental Fan"},{"floor":12,"key":"Snake Skull"},{"floor":23,"key":"Strawberry"},{"floor":23,"key":"Ancient Tea Set"},{"floor":26,"key":"Centennial Puzzle"},{"floor":30,"key":"The Courier"},{"floor":31,"key":"Sundial"},{"floor":31,"key":"Mercury Hourglass"},{"floor":41,"key":"Tough Bandages"},{"floor":41,"key":"Kunai"},{"floor":43,"key":"Blue Candle"},{"floor":44,"key":"Paper Crane"},{"floor":44,"key":"Mummified Hand"}],"event_choices":[{"cards_removed":["Glass Knife"],"damage_healed":0,"gold_gain":0,"player_choice":"Card Removal","damage_taken":7,"max_hp_gain":0,"max_hp_loss":0,"event_name":"Golden Wing","floor":2,"gold_loss":0},{"cards_removed":["Grand Finale"],"damage_healed":0,"gold_gain":0,"player_choice":"Card Removal","damage_taken":0,"max_hp_gain":0,"max_hp_loss":0,"event_name":"The Cleric","floor":3,"gold_loss":50},{"damage_healed":0,"gold_gain":0,"player_choice":"Opened","damage_taken":0,"relics_obtained":["Torii"],"max_hp_gain":0,"max_hp_loss":0,"event_name":"The Mausoleum","floor":25,"gold_loss":0},{"cards_removed":["Blade Dance"],"damage_healed":0,"gold_gain":0,"player_choice":"Removed Skill","damage_taken":0,"max_hp_gain":0,"max_hp_loss":0,"event_name":"Falling","floor":36,"gold_loss":0},{"damage_healed":0,"gold_gain":0,"player_choice":"Ignored","damage_taken":0,"max_hp_gain":0,"max_hp_loss":0,"event_name":"Tomb of Lord Red Mask","floor":37,"gold_loss":0},{"damage_healed":0,"gold_gain":0,"player_choice":"Copied","damage_taken":0,"max_hp_gain":0,"max_hp_loss":0,"event_name":"Duplicator","floor":38,"gold_loss":0,"cards_obtained":["Bullet Time"]},{"damage_healed":0,"gold_gain":0,"player_choice":"Embrace Madness","damage_taken":10,"max_hp_gain":0,"max_hp_loss":0,"event_name":"Winding Halls","floor":47,"gold_loss":0,"cards_obtained":["Madness","Madness"]}],"is_beta":false,"boss_relics":[{"not_picked":["Eternal Feather","Ectoplasm"],"picked":"Black Star"},{"not_picked":["Ring of the Serpent","HoveringKite"],"picked":"Runic Pyramid"}],"items_purged_floors":[21],"is_endless":false,"potions_floor_spawned":[10,13,16,19,20,23,31,41,46,48],"ascension_level":0}