{"gold_per_floor":[363,363,363,375,43,43,55,69,69,2,2,15,42,62,62,137,137,154,167,186,69,69,69,142,142,165,177,177,209,224,139,139,216,216,233,455,475,475,489,489,501,501,549,574,584,597,597,597,597,597,597,597,32,66,66],"floor_reached":55,"playtime":3650,"items_purged":["Writhe"],"score":1273,"play_id":"30010f7f-acfe-4531-9f59-c232c42149df","local_time":"20190319194013","is_ascension_mode":true,"campfire_choices":[{"data":"Footwork","floor":6.0,"key":"SMITH"},{"floor":11.0,"key":"REST"},{"floor":15.0,"key":"REST"},{"floor":23.0,"key":"REST"},{"data":"Footwork","floor":28.0,"key":"SMITH"},{"floor":32.0,"key":"REST"},{"data":"After Image","floor":40.0,"key":"SMITH"},{"floor":49.0,"key":"RECALL"},{"data":"Footwork","floor":52.0,"key":"SMITH"}],"neow_cost":"TEN_PERCENT_HP_LOSS","seed_source_timestamp":2157444502168656,"circlet_count":0,"master_deck":["AscendersBane","Defend_G","Defend_G","Defend_G","Defend_G","Defend_G","Strike_G","Strike_G","Strike_G","Strike_G","Strike_G","Survivor","Neutralize+1","Quick Slash","Predator","Footwork+1","Blade Dance+1","Tools of the Trade","Dodge and Roll+1","Night Terror+1","Terror+1","Acrobatics+1","Cloak And Dagger+1","Footwork+1","Blur+1","RitualDagger","Blur+1","Acrobatics+1","After Image+1","Acrobatics+1","Footwork+1","Parasite","Crippling Poison+1","Dash","Violence+1","Poisoned Stab","Parasite","Backflip+1","Flechettes","Eviscerate","Well Laid Plans","Catalyst+1"],"special_seed":0,"relics":["Ring of the Snake","Pear","Toxic Egg 2","Vajra","Smiling Mask","Snecko Eye","Ornamental Fan","Centennial Puzzle","Red Mask","Darkstone Periapt","Runic Dome","PreservedInsect","Mercury Hourglass","Bronze Scales","Strawberry","Kunai"],"potions_floor_usage":[55,55],"damage_taken":[{"damage":5.0,"enemies":"Cultist","floor":1.0,"turns":6.0},{"damage":1.0,"enemies":"Small Slimes","floor":4.0,"turns":5.0},{"damage":0.0,"enemies":"Jaw Worm","floor":7.0,"turns":4.0},{"damage":15.0,"enemies":"Exordium Thugs","floor":8.0,"turns":6.0},{"damage":5.0,"enemies":"3 Louse","floor":12.0,"turns":3.0},{"damage":25.0,"enemies":"Gremlin Nob","floor":13.0,"turns":4.0},{"damage":0.0,"enemies":"2 Fungi Beasts","floor":14.0,"turns":3.0},{"damage":11.0,"enemies":"Slime Boss","floor":16.0,"turns":10.0},{"damage":1.0,"enemies":"Chosen","floor":18.0,"turns":6.0},{"damage":3.0,"enemies":"Spheric Guardian","floor":19.0,"turns":5.0},{"damage":15.0,"enemies":"Shelled Parasite and Fungi","floor":20.0,"turns":8.0},{"damage":0.0,"enemies":"Snecko","floor":27.0,"turns":7.0},{"damage":27.0,"enemies":"Masked Bandits","floor":29.0,"turns":7.0},{"damage":0.0,"enemies":"Snake Plant","floor":30.0,"turns":11.0},{"damage":0.0,"enemies":"Automaton","floor":33.0,"turns":21.0},{"damage":0.0,"enemies":"3 Shapes","floor":35.0,"turns":8.0},{"damage":0.0,"enemies":"Orb Walker","floor":37.0,"turns":6.0},{"damage":6.0,"enemies":"Writhing Mass","floor":39.0,"turns":16.0},{"damage":21.0,"enemies":"Spire Growth","floor":41.0,"turns":6.0},{"damage":24.0,"enemies":"Giant Head","floor":44.0,"turns":14.0},{"damage":0.0,"enemies":"Jaw Worm Horde","floor":45.0,"turns":5.0},{"damage":6.0,"enemies":"Writhing Mass","floor":46.0,"turns":10.0},{"damage":38.0,"enemies":"Awakened One","floor":50.0,"turns":39.0},{"damage":26.0,"enemies":"Shield and Spear","floor":54.0,"turns":7.0},{"damage":48,"enemies":"The Heart","floor":55,"turns":5}],"seed_played":"27546464629217458","potions_obtained":[{"floor":7.0,"key":"Explosive Potion"},{"floor":12.0,"key":"Dexterity Potion"},{"floor":13.0,"key":"AttackPotion"},{"floor":16.0,"key":"Block Potion"},{"floor":19.0,"key":"Swift Potion"},{"floor":29.0,"key":"GamblersBrew"},{"floor":35.0,"key":"Block Potion"},{"floor":37.0,"key":"Dexterity Potion"},{"floor":46.0,"key":"GamblersBrew"}],"is_trial":false,"path_per_floor":["M","?","?","M","$","R","M","M","T","?","R","M","E","M","R","B",null,"M","M","M","$","?","R","T","?","T","M","R","?","M","?","R","B",null,"M","?","M","?","M","R","M","?","T","E","M","M","?","?","R","B",null,"R","$","E","B"],"character_chosen":"THE_SILENT","items_purchased":["Toxic Egg 2","Footwork","Footwork","Blur+1","Flechettes","Bronze Scales","Strawberry","Eviscerate","Well Laid Plans"],"campfire_rested":4,"item_purchase_floors":[5,5,21,21,53,53,53,53,53],"current_hp_per_floor":[54,38,38,37,37,37,37,22,22,22,43,38,13,13,34,23,58,57,54,39,39,19,41,41,35,35,35,35,8,8,8,30,30,64,64,64,64,64,64,64,43,43,43,19,19,19,42,76,76,38,67,67,74,48,0],"gold":66,"neow_bonus":"TWO_FIFTY_GOLD","is_prod":false,"is_daily":false,"chose_seed":false,"campfire_upgraded":4,"win_rate":0,"timestamp":1553038813,"path_taken":["M","?","?","M","$","R","M","M","T","?","R","M","E","?","R","BOSS","M","M","M","$","?","R","?","?","T","M","R","?","M","?","R","BOSS","M","?","M","?","M","R","M","?","T","E","M","M","?","?","R","BOSS","R","$","E","BOSS"],"build_version":"2019-03-15","purchased_purges":1,"victory":false,"max_hp_per_floor":[60,70,70,70,70,70,70,70,70,70,70,70,70,70,70,70,70,70,70,70,70,75,75,75,75,75,75,75,75,75,75,75,75,75,75,75,75,75,81,81,81,81,81,81,81,87,93,76,76,76,76,76,83,83,83],"card_choices":[{"not_picked":["Underhanded Strike","Prepared"],"picked":"Quick Slash","floor":1.0},{"not_picked":["Deflect","Reflex"],"picked":"Predator","floor":4.0},{"not_picked":["Finisher","Masterful Stab","Bane"],"picked":"SKIP","floor":7.0},{"not_picked":["Expertise+1","Finisher"],"picked":"Blade Dance+1","floor":8.0},{"not_picked":["Skewer","Accuracy"],"picked":"Tools of the Trade","floor":12.0},{"not_picked":["Bane","Dash"],"picked":"Dodge and Roll+1","floor":13.0},{"not_picked":["Sucker Punch","Dagger Throw","Riddle With Holes"],"picked":"SKIP","floor":14.0},{"not_picked":["Burst+1","A Thousand Cuts"],"picked":"Night Terror+1","floor":16.0},{"not_picked":["Bane","Footwork+1"],"picked":"Terror+1","floor":18.0},{"not_picked":["Infinite Blades","Finisher"],"picked":"Acrobatics+1","floor":19.0},{"not_picked":["Dagger Throw+1","Distraction+1"],"picked":"Cloak And Dagger+1","floor":20.0},{"not_picked":["Backstab","Underhanded Strike"],"picked":"Blur+1","floor":27.0},{"not_picked":["Dagger Throw","Infinite Blades"],"picked":"Acrobatics+1","floor":30.0},{"not_picked":["Night Terror+1","Unload"],"picked":"After Image","floor":33.0},{"not_picked":["Slice","Endless Agony"],"picked":"Acrobatics+1","floor":35.0},{"not_picked":["Cloak And Dagger+1","PiercingWail+1"],"picked":"Footwork","floor":37.0},{"not_picked":["Venomology+1","Dagger Spray+1"],"picked":"Crippling Poison+1","floor":39.0},{"not_picked":["Heel Hook+1","Backstab"],"picked":"Dash","floor":41.0},{"not_picked":["Sadistic Nature","Magnetism"],"picked":"Violence+1","floor":42.0},{"not_picked":["Heel Hook","Tactician+1","Concentrate+1"],"picked":"SKIP","floor":44.0},{"not_picked":["Endless Agony+1","Expertise+1"],"picked":"Poisoned Stab","floor":45.0},{"not_picked":["Deflect+1","Outmaneuver+1"],"picked":"Backflip+1","floor":46.0},{"not_picked":["Venomology+1","Infinite Blades"],"picked":"Catalyst+1","floor":54.0}],"player_experience":836673,"relics_obtained":[{"floor":13.0,"key":"Smiling Mask"},{"floor":24.0,"key":"Ornamental Fan"},{"floor":26.0,"key":"Centennial Puzzle"},{"floor":29.0,"key":"Red Mask"},{"floor":43.0,"key":"PreservedInsect"},{"floor":44.0,"key":"Mercury Hourglass"},{"floor":54.0,"key":"Kunai"}],"event_choices":[{"damage_healed":0.0,"max_hp_gain":0.0,"max_hp_loss":0.0,"gold_gain":0.0,"event_name":"Scrap Ooze","player_choice":"Success","floor":2.0,"gold_loss":0.0,"damage_taken":26.0,"relics_obtained":["Pear"]},{"damage_healed":0.0,"max_hp_gain":0.0,"max_hp_loss":0.0,"gold_gain":0.0,"event_name":"Living Wall","player_choice":"Grow","floor":3.0,"gold_loss":0.0,"damage_taken":0.0,"cards_upgraded":["Neutralize"]},{"damage_healed":0.0,"max_hp_gain":0.0,"max_hp_loss":0.0,"gold_gain":0.0,"event_name":"WeMeetAgain","player_choice":"Paid Gold","floor":10.0,"gold_loss":67.0,"damage_taken":0.0,"relics_obtained":["Vajra"]},{"damage_healed":0.0,"max_hp_gain":5.0,"max_hp_loss":0.0,"gold_gain":0.0,"event_name":"Forgotten Altar","player_choice":"Shed Blood","floor":22.0,"gold_loss":0.0,"damage_taken":25.0},{"damage_healed":0.0,"max_hp_gain":0.0,"max_hp_loss":0.0,"gold_gain":0.0,"event_name":"Nest","player_choice":"Joined the Cult","floor":25.0,"gold_loss":0.0,"damage_taken":6.0,"cards_obtained":["RitualDagger"]},{"damage_healed":0.0,"max_hp_gain":0.0,"max_hp_loss":0.0,"gold_gain":0.0,"event_name":"Masked Bandits","player_choice":"Fought Bandits","floor":29.0,"gold_loss":0.0,"damage_taken":0.0},{"damage_healed":0.0,"max_hp_gain":0.0,"max_hp_loss":0.0,"gold_gain":0.0,"event_name":"Addict","player_choice":"Obtained Relic","floor":31.0,"gold_loss":85.0,"damage_taken":0.0,"relics_obtained":["Darkstone Periapt"]},{"damage_healed":0.0,"max_hp_gain":0.0,"max_hp_loss":0.0,"gold_gain":222.0,"event_name":"Tomb of Lord Red Mask","player_choice":"Wore Mask","floor":36.0,"gold_loss":0.0,"damage_taken":0.0},{"damage_healed":0.0,"max_hp_gain":0.0,"max_hp_loss":0.0,"gold_gain":0.0,"event_name":"Mysterious Sphere","player_choice":"Ignored","floor":38.0,"gold_loss":0.0,"damage_taken":0.0},{"damage_healed":0.0,"max_hp_gain":0.0,"max_hp_loss":0.0,"gold_gain":0.0,"event_name":"SensoryStone","player_choice":"Memory 1","floor":42.0,"gold_loss":0.0,"damage_taken":0.0},{"damage_healed":17.0,"max_hp_gain":0.0,"max_hp_loss":0.0,"gold_gain":0.0,"event_name":"Winding Halls","player_choice":"Writhe","floor":47.0,"gold_loss":0.0,"damage_taken":0.0,"cards_obtained":["Writhe"]},{"damage_healed":76.0,"max_hp_gain":0.0,"max_hp_loss":17.0,"gold_gain":0.0,"event_name":"The Moai Head","player_choice":"Heal","floor":48.0,"gold_loss":0.0,"damage_taken":0.0}],"is_beta":true,"boss_relics":[{"not_picked":["Empty Cage","Coffee Dripper"],"picked":"Snecko Eye"},{"not_picked":["Eternal Feather","Tiny House"],"picked":"Runic Dome"}],"items_purged_floors":[53],"is_endless":false,"potions_floor_spawned":[7,12,13,16,19,20,27,29,35,37,46],"killed_by":"The Heart","ascension_level":15}