{"gold_per_floor":[116,133,149,161,161,172,182,182,207,482,516,516,8,27,27,104,104,117,132,132,2,19,19,19,34,34,34,49,49,69,69],"floor_reached":31,"playtime":1315,"items_purged":["Regret"],"score":422,"play_id":"c6b07904-460c-4a41-af0e-bd09fe2b33cd","local_time":"20190311184021","is_ascension_mode":true,"campfire_choices":[{"data":"Loop","floor":8.0,"key":"SMITH"},{"data":"Glacier","floor":12.0,"key":"SMITH"},{"floor":15.0,"key":"REST"},{"floor":23.0,"key":"REST"},{"floor":27.0,"key":"REST"}],"neow_cost":"NONE","seed_source_timestamp":1465145258473969,"circlet_count":0,"master_deck":["AscendersBane","Strike_B","Strike_B","Strike_B","Defend_B","Defend_B","Defend_B","Defend_B","Zap","Dualcast","Sweeping Beam","Coolheaded","Skim","Glacier+1","Loop+1","Darkness","Chill","Ball Lightning","Streamline","Core Surge","Capacitor","Defragment","Skim","Capacitor","RitualDagger","Cold Snap","Glacier","Ghostly","Ghostly","Ghostly","Rainbow"],"special_seed":0,"relics":["Cracked Core","CultistMask","Art of War","The Courier","ClockworkSouvenir","Happy Flower","Strawberry","Philosopher\u0027s Stone","MutagenicStrength","Letter Opener"],"potions_floor_usage":[],"damage_taken":[{"damage":0.0,"enemies":"Small Slimes","floor":1.0,"turns":2.0},{"damage":1.0,"enemies":"Cultist","floor":2.0,"turns":4.0},{"damage":1.0,"enemies":"2 Louse","floor":3.0,"turns":4.0},{"damage":8.0,"enemies":"Exordium Thugs","floor":4.0,"turns":7.0},{"damage":0.0,"enemies":"2 Fungi Beasts","floor":6.0,"turns":5.0},{"damage":14.0,"enemies":"3 Louse","floor":7.0,"turns":5.0},{"damage":16.0,"enemies":"3 Sentries","floor":11.0,"turns":5.0},{"damage":6.0,"enemies":"Looter","floor":14.0,"turns":3.0},{"damage":34.0,"enemies":"The Guardian","floor":16.0,"turns":11.0},{"damage":3.0,"enemies":"Chosen","floor":18.0,"turns":4.0},{"damage":33.0,"enemies":"3 Byrds","floor":19.0,"turns":6.0},{"damage":3.0,"enemies":"Sentry and Sphere","floor":22.0,"turns":6.0},{"damage":48.0,"enemies":"Shelled Parasite and Fungi","floor":25.0,"turns":6.0},{"damage":15.0,"enemies":"Snecko","floor":28.0,"turns":6.0},{"damage":1.0,"enemies":"Snake Plant","floor":30.0,"turns":6.0},{"damage":22,"enemies":"Centurion and Healer","floor":31,"turns":1}],"seed_played":"3711821844299915876","potions_obtained":[{"floor":2.0,"key":"LiquidBronze"},{"floor":3.0,"key":"Strength Potion"},{"floor":4.0,"key":"SteroidPotion"},{"floor":22.0,"key":"Regen Potion"}],"is_trial":false,"path_per_floor":["M","M","M","M","?","M","M","R","T","?","E","R","$","M","R","B",null,"M","M","?","$","M","R","?","M","T","R","M","?","M","M"],"character_chosen":"DEFECT","items_purchased":["Ball Lightning","ClockworkSouvenir","Happy Flower","Strawberry","Defragment","Skim","Block Potion"],"campfire_rested":3,"item_purchase_floors":[13,13,13,13,21,21,21],"current_hp_per_floor":[64,63,62,54,54,54,40,40,40,40,24,24,31,25,48,14,62,59,26,26,26,23,46,40,7,7,30,15,15,14,0],"gold":69,"neow_bonus":"TRANSFORM_CARD","is_prod":false,"is_daily":false,"chose_seed":false,"campfire_upgraded":2,"win_rate":0,"timestamp":1552344021,"path_taken":["M","M","M","M","?","M","?","R","T","?","E","R","$","M","R","BOSS","M","M","?","$","M","R","?","M","T","R","M","?","M","M"],"build_version":"2019-02-06","purchased_purges":1,"victory":false,"max_hp_per_floor":[71,71,71,71,71,71,71,71,71,71,71,71,78,78,78,78,78,78,78,78,78,78,78,78,78,78,78,78,39,39,39],"card_choices":[{"not_picked":["Go for the Eyes","Steam Power"],"picked":"Coolheaded","floor":1.0},{"not_picked":["Cold Snap","Gash"],"picked":"Skim","floor":2.0},{"not_picked":["Ball Lightning","Reinforced Body"],"picked":"Glacier","floor":3.0},{"not_picked":["Sweeping Beam","Hyperbeam"],"picked":"Loop","floor":4.0},{"not_picked":["Lockon","Fusion"],"picked":"Darkness","floor":6.0},{"not_picked":["Gash","Conserve Battery"],"picked":"Chill","floor":7.0},{"not_picked":["Steam","Leap","Steam Power"],"picked":"SKIP","floor":11.0},{"not_picked":["Blizzard","Force Field"],"picked":"Streamline","floor":14.0},{"not_picked":["Reboot","Hyperbeam"],"picked":"Core Surge","floor":16.0},{"not_picked":["Barrage","Skim","Sweeping Beam"],"picked":"SKIP","floor":18.0},{"not_picked":["Beam Cell","Leap"],"picked":"Capacitor","floor":19.0},{"not_picked":["Gash","Force Field"],"picked":"Capacitor","floor":22.0},{"not_picked":["Steam","Gash"],"picked":"Cold Snap","floor":25.0},{"not_picked":["BootSequence","Barrage"],"picked":"Glacier","floor":28.0},{"not_picked":["Aggregate","Beam Cell"],"picked":"Rainbow","floor":30.0}],"player_experience":804731,"relics_obtained":[{"floor":9.0,"key":"Art of War"},{"floor":11.0,"key":"The Courier"},{"floor":26.0,"key":"Letter Opener"}],"event_choices":[{"damage_healed":0.0,"max_hp_gain":0.0,"max_hp_loss":0.0,"gold_gain":0.0,"event_name":"FaceTrader","player_choice":"Trade","floor":5.0,"gold_loss":0.0,"damage_taken":0.0,"relics_obtained":["CultistMask"]},{"damage_healed":0.0,"max_hp_gain":0.0,"max_hp_loss":0.0,"gold_gain":275.0,"event_name":"Golden Shrine","player_choice":"Desecrate","floor":10.0,"gold_loss":0.0,"damage_taken":0.0,"cards_obtained":["Regret"]},{"damage_healed":0.0,"max_hp_gain":0.0,"max_hp_loss":0.0,"gold_gain":0.0,"event_name":"Drug Dealer","player_choice":"Inject Mutagens","floor":20.0,"gold_loss":0.0,"damage_taken":0.0,"relics_obtained":["MutagenicStrength"]},{"damage_healed":0.0,"max_hp_gain":0.0,"max_hp_loss":0.0,"gold_gain":0.0,"event_name":"Nest","player_choice":"Joined the Cult","floor":24.0,"gold_loss":0.0,"damage_taken":6.0,"cards_obtained":["RitualDagger"]},{"damage_healed":0.0,"max_hp_gain":0.0,"max_hp_loss":39.0,"gold_gain":0.0,"event_name":"Ghosts","player_choice":"Became a Ghost","floor":29.0,"gold_loss":0.0,"damage_taken":0.0,"cards_obtained":["Ghostly","Ghostly","Ghostly"]}],"is_beta":true,"boss_relics":[{"not_picked":["Nuclear Battery","Velvet Choker"],"picked":"Philosopher\u0027s Stone"}],"items_purged_floors":[13],"is_endless":false,"potions_floor_spawned":[2,3,4,22],"killed_by":"Centurion and Healer","ascension_level":15}