{"gold_per_floor":[117,117,130,141,66,66,77,2,70,102,102,2,19,36,36,114,114,124,135,145,145,158,158,158],"floor_reached":24,"playtime":1368,"items_purged":["Strike_R","Strike_R"],"score":400,"play_id":"7806fc0c-21fd-486a-9640-1f22fd080fac","local_time":"20190411175859","is_ascension_mode":true,"campfire_choices":[{"data":"Metallicize","floor":6.0,"key":"SMITH"},{"data":"Searing Blow","floor":11.0,"key":"SMITH"},{"data":"Searing Blow+1","floor":15.0,"key":"SMITH"},{"data":"Searing Blow+2","floor":23,"key":"SMITH"}],"neow_cost":"NONE","seed_source_timestamp":31722276449844,"circlet_count":0,"master_deck":["AscendersBane","Strike_R","Defend_R","Defend_R","Defend_R","Defend_R","Bash","Armaments+1","Ghostly Armor","Metallicize+1","Searing Blow+3","Flame Barrier","Thunderclap","Juggernaut","Shockwave"],"special_seed":0,"relics":["Burning Blood","Blue Candle","Vajra","Eternal Feather"],"potions_floor_usage":[22,22],"damage_taken":[{"damage":4.0,"enemies":"Jaw Worm","floor":1.0,"turns":5.0},{"damage":4.0,"enemies":"Small Slimes","floor":3.0,"turns":4.0},{"damage":3.0,"enemies":"Cultist","floor":4.0,"turns":4.0},{"damage":4.0,"enemies":"2 Fungi Beasts","floor":7.0,"turns":5.0},{"damage":34.0,"enemies":"Lagavulin","floor":10.0,"turns":12.0},{"damage":7.0,"enemies":"Gremlin Gang","floor":13.0,"turns":6.0},{"damage":5.0,"enemies":"Red Slaver","floor":14.0,"turns":5.0},{"damage":20.0,"enemies":"The Guardian","floor":16.0,"turns":13.0},{"damage":24.0,"enemies":"3 Byrds","floor":18.0,"turns":6.0},{"damage":8.0,"enemies":"Spheric Guardian","floor":19.0,"turns":6.0},{"damage":25.0,"enemies":"Snake Plant","floor":20.0,"turns":4.0},{"damage":2,"enemies":"Centurion and Healer","floor":22,"turns":11},{"damage":16,"enemies":"Shelled Parasite and Fungi","floor":24,"turns":3}],"seed_played":"2446690225476000516","potions_obtained":[{"floor":1.0,"key":"Dexterity Potion"},{"floor":7.0,"key":"Dexterity Potion"},{"floor":13.0,"key":"Regen Potion"},{"floor":16.0,"key":"Block Potion"},{"floor":18.0,"key":"SpeedPotion"},{"floor":20.0,"key":"Ancient Potion"}],"is_trial":false,"path_per_floor":["?","?","$","M","?","M","M"],"character_chosen":"IRONCLAD","items_purchased":[],"campfire_rested":0,"item_purchase_floors":[],"current_hp_per_floor":[70,70,72,75,75,75,75,75,75,47,47,47,46,47,47,48,68,50,48,29,29,33,42,26],"gold":158,"neow_bonus":"THREE_CARDS","is_prod":false,"is_daily":false,"chose_seed":false,"campfire_upgraded":4,"win_rate":0,"timestamp":1555023539,"path_taken":["M","?","M","M","$","R","M","?","T","E","R","?","M","?","R","BOSS","M","M","M","?","?","R","?"],"build_version":"2019-01-23","purchased_purges":2,"victory":false,"max_hp_per_floor":[75,75,75,75,75,75,75,75,75,75,75,75,75,75,75,75,75,75,75,75,75,75,75,75],"card_choices":[{"not_picked":["Fire Breathing","Sentinel"],"picked":"Armaments","floor":0.0},{"not_picked":["Cleave","Clash"],"picked":"Ghostly Armor","floor":1.0},{"not_picked":["Corruption","Clothesline"],"picked":"Metallicize","floor":3.0},{"not_picked":["Warcry","Perfected Strike","Burning Pact"],"picked":"SKIP","floor":4.0},{"not_picked":["Iron Wave","Anger"],"picked":"Searing Blow","floor":7.0},{"not_picked":["Clash","True Grit","Havoc"],"picked":"SKIP","floor":10.0},{"not_picked":["Thunderclap","Fiend Fire"],"picked":"Flame Barrier","floor":13.0},{"not_picked":["Sword Boomerang","Havoc"],"picked":"Thunderclap","floor":14.0},{"not_picked":["Limit Break","Barricade"],"picked":"Juggernaut","floor":16.0},{"not_picked":["Flex","Clash","True Grit"],"picked":"SKIP","floor":18.0},{"not_picked":["Headbutt+1","Rupture","Armaments"],"picked":"SKIP","floor":19.0},{"not_picked":["Shockwave","Pommel Strike","Twin Strike"],"picked":"SKIP","floor":20.0},{"not_picked":["Pommel Strike","Twin Strike"],"picked":"Shockwave","floor":20.0},{"not_picked":["Perfected Strike","Havoc","Combust"],"picked":"SKIP","floor":22}],"player_experience":383410,"relics_obtained":[{"floor":9.0,"key":"Blue Candle"},{"floor":10.0,"key":"Vajra"}],"event_choices":[{"damage_healed":0.0,"max_hp_gain":0.0,"max_hp_loss":0.0,"gold_gain":0.0,"event_name":"Living Wall","player_choice":"Grow","floor":2.0,"gold_loss":0.0,"damage_taken":0.0,"cards_upgraded":["Armaments"]},{"cards_removed":["Strike_R"],"damage_healed":0.0,"max_hp_gain":0.0,"max_hp_loss":0.0,"gold_gain":0.0,"event_name":"The Cleric","player_choice":"Card Removal","floor":8.0,"gold_loss":75.0,"damage_taken":0.0},{"cards_removed":["Strike_R"],"damage_healed":0.0,"max_hp_gain":0.0,"max_hp_loss":0.0,"gold_gain":0.0,"event_name":"Purifier","player_choice":"Purged","floor":21.0,"gold_loss":0.0,"damage_taken":0.0}],"is_beta":false,"boss_relics":[{"not_picked":["Pandora\u0027s Box","White Beast Statue"],"picked":"Eternal Feather"}],"items_purged_floors":[5,12],"is_endless":false,"potions_floor_spawned":[1,7,13,16,18,20],"killed_by":"Shelled Parasite and Fungi","ascension_level":20}