{"gold_per_floor":[20,20,39,39,39,39,72,96,142,180,201,217,252,271,271,367,367,383,383,403,423,62,62,97,109,121,146,201,213,225,280,292,304],"floor_reached":33,"playtime":1052,"items_purged":["Strike_R"],"score":537,"play_id":"da7eb13e-dfa7-4d67-bb0e-0068027aa104","local_time":"20190420161405","is_ascension_mode":true,"campfire_choices":[{"data":"Bludgeon","floor":6.0,"key":"SMITH"},{"data":"Armaments","floor":15.0,"key":"SMITH"},{"floor":23.0,"key":"DIG"},{"floor":25.0,"key":"DIG"},{"floor":32,"key":"REST"}],"neow_cost":"NO_GOLD","seed_source_timestamp":1085124065319510,"circlet_count":0,"master_deck":["AscendersBane","Strike_R+1","Strike_R+1","Strike_R+1","Strike_R+1","Defend_R+1","Defend_R+1","Defend_R+1","Defend_R+1","Bash","Bludgeon+1","Flex","Heavy Blade","Shrug It Off","Headbutt","Armaments+1","Inflame","Pummel","Berserk","Sword Boomerang","Enlightenment","Whirlwind","Limit Break"],"special_seed":0,"relics":["Burning Blood","Golden Idol","Strawberry","Lantern","Mummified Hand","The Courier","Fusion Hammer","Shovel","MawBank","Gremlin Horn","Omamori","Kunai","Ancient Tea Set"],"potions_floor_usage":[31],"damage_taken":[{"damage":0.0,"enemies":"2 Louse","floor":1.0,"turns":3.0},{"damage":9.0,"enemies":"Jaw Worm","floor":3.0,"turns":4.0},{"damage":20.0,"enemies":"Gremlin Nob","floor":7.0,"turns":4.0},{"damage":0.0,"enemies":"Cultist","floor":8.0,"turns":3.0},{"damage":10.0,"enemies":"3 Sentries","floor":10.0,"turns":8.0},{"damage":0.0,"enemies":"Blue Slaver","floor":11.0,"turns":2.0},{"damage":20.0,"enemies":"Lots of Slimes","floor":12.0,"turns":5.0},{"damage":17.0,"enemies":"Lagavulin","floor":13.0,"turns":4.0},{"damage":9.0,"enemies":"3 Louse","floor":14.0,"turns":2.0},{"damage":18.0,"enemies":"Slime Boss","floor":16.0,"turns":9.0},{"damage":0.0,"enemies":"Spheric Guardian","floor":18.0,"turns":2.0},{"damage":23.0,"enemies":"2 Thieves","floor":20.0,"turns":3.0},{"damage":0.0,"enemies":"Snecko","floor":21.0,"turns":3.0},{"damage":20.0,"enemies":"Snake Plant","floor":24.0,"turns":4.0},{"damage":22.0,"enemies":"Shelled Parasite and Fungi","floor":27.0,"turns":4.0},{"damage":2.0,"enemies":"Gremlin Leader","floor":28.0,"turns":3.0},{"damage":4,"enemies":"Slavers","floor":31,"turns":2},{"damage":65,"enemies":"Automaton","floor":33,"turns":6}],"seed_played":"3221919451347151268","potions_obtained":[{"floor":1.0,"key":"FearPotion"},{"floor":5.0,"key":"EssenceOfSteel"},{"floor":5.0,"key":"Block Potion"},{"floor":8.0,"key":"GamblersBrew"},{"floor":13.0,"key":"GamblersBrew"},{"floor":18.0,"key":"PowerPotion"},{"floor":20.0,"key":"PowerPotion"}],"is_trial":false,"path_per_floor":["M","?","M","?","?","R","E","M","T","E","M","M","E","M","R","B",null,"M","$","M","M","$","R","M","R","T","M","E","?","?","E","R","B"],"character_chosen":"IRONCLAD","items_purchased":["Shovel","Enlightenment"],"campfire_rested":1,"item_purchase_floors":[22,22],"current_hp_per_floor":[74,68,65,65,65,65,58,64,64,60,66,52,41,38,38,26,63,69,69,52,58,58,58,44,44,44,28,32,32,32,34,56,0],"gold":304,"neow_bonus":"THREE_RARE_CARDS","is_prod":false,"is_daily":false,"chose_seed":false,"campfire_upgraded":2,"win_rate":0,"timestamp":1555791245,"path_taken":["M","?","M","?","?","R","E","M","T","E","?","M","E","M","R","BOSS","M","$","M","M","$","R","M","R","T","M","E","?","?","E","R","BOSS"],"build_version":"2019-04-20","purchased_purges":1,"victory":false,"max_hp_per_floor":[75,68,68,68,68,68,75,75,75,75,75,75,75,75,75,75,75,75,75,75,75,75,75,75,75,75,75,75,75,75,75,75,75],"card_choices":[{"not_picked":["Berserk","Offering"],"picked":"Bludgeon","floor":0.0},{"not_picked":["Dropkick","Iron Wave"],"picked":"Flex","floor":1.0},{"not_picked":["Intimidate","Ghostly Armor"],"picked":"Heavy Blade","floor":3.0},{"not_picked":["Blood for Blood","Thunderclap"],"picked":"Shrug It Off","floor":7.0},{"not_picked":["True Grit","Clash"],"picked":"Headbutt","floor":8.0},{"not_picked":["Headbutt","Clash"],"picked":"Armaments","floor":10.0},{"not_picked":["Armaments","Searing Blow","Flex"],"picked":"SKIP","floor":11.0},{"not_picked":["Double Tap","Anger"],"picked":"Inflame","floor":12.0},{"not_picked":["Clash","Warcry"],"picked":"Pummel","floor":13.0},{"not_picked":["Perfected Strike","Twin Strike","Warcry"],"picked":"SKIP","floor":14.0},{"not_picked":["Exhume","Double Tap"],"picked":"Berserk","floor":16.0},{"not_picked":["Fire Breathing","Thunderclap","Anger"],"picked":"SKIP","floor":18.0},{"not_picked":["Thunderclap","Headbutt"],"picked":"Sword Boomerang","floor":20.0},{"not_picked":["Reckless Charge","Thunderclap+1","Perfected Strike"],"picked":"SKIP","floor":21.0},{"not_picked":["Perfected Strike+1","Heavy Blade","Iron Wave"],"picked":"SKIP","floor":24.0},{"not_picked":["Feel No Pain","Clash"],"picked":"Whirlwind","floor":27.0},{"not_picked":["Searing Blow","Thunderclap","Rampage"],"picked":"SKIP","floor":28.0},{"not_picked":["Clash","Bludgeon"],"picked":"Limit Break","floor":31}],"player_experience":982506,"relics_obtained":[{"floor":7.0,"key":"Strawberry"},{"floor":9.0,"key":"Lantern"},{"floor":10.0,"key":"Mummified Hand"},{"floor":13.0,"key":"The Courier"},{"floor":23.0,"key":"MawBank"},{"floor":25.0,"key":"Gremlin Horn"},{"floor":26.0,"key":"Omamori"},{"floor":28.0,"key":"Kunai"},{"floor":31,"key":"Ancient Tea Set"}],"event_choices":[{"damage_healed":0.0,"max_hp_gain":0.0,"max_hp_loss":7.0,"gold_gain":0.0,"event_name":"Golden Idol","player_choice":"Lose Max HP","floor":2.0,"gold_loss":0.0,"damage_taken":0.0,"relics_obtained":["Golden Idol"]},{"damage_healed":0.0,"max_hp_gain":0.0,"max_hp_loss":0.0,"gold_gain":0.0,"event_name":"Liars Game","player_choice":"Ignored","floor":4.0,"gold_loss":0.0,"damage_taken":0.0},{"damage_healed":0.0,"max_hp_gain":0.0,"max_hp_loss":0.0,"gold_gain":0.0,"event_name":"Lab","player_choice":"Got Potions","floor":5.0,"gold_loss":0.0,"damage_taken":0.0},{"damage_healed":0.0,"max_hp_gain":0.0,"max_hp_loss":0.0,"gold_gain":0.0,"event_name":"Back to Basics","player_choice":"Simplicity","floor":29.0,"gold_loss":0.0,"damage_taken":0.0,"cards_upgraded":["Strike_R","Strike_R","Strike_R","Strike_R","Defend_R","Defend_R","Defend_R","Defend_R"]},{"damage_healed":0,"gold_gain":0,"player_choice":"Leave","damage_taken":0,"max_hp_gain":0,"max_hp_loss":0,"event_name":"FaceTrader","floor":30,"gold_loss":0}],"is_beta":true,"boss_relics":[{"not_picked":["Black Star","Eternal Feather"],"picked":"Fusion Hammer"}],"items_purged_floors":[22],"is_endless":false,"potions_floor_spawned":[1,8,10,13,18,20,24],"killed_by":"Automaton","ascension_level":15}