{"gold_per_floor":[117,117,135,146,157,192,207,240,286,305,316,332,332,352,352,447,447,461,12,12,12,12,12,40,56,56,56,85,85,97,108,108,108],"floor_reached":33,"playtime":6976,"items_purged":["Decay"],"score":366,"play_id":"39f6dc29-36f3-4648-9e73-64e838f0b6be","local_time":"20190222031610","is_ascension_mode":true,"campfire_choices":[{"floor":15,"key":"REST"},{"data":"Bullet Time","floor":23,"key":"SMITH"},{"floor":27,"key":"REST"},{"floor":29,"key":"REST"},{"data":"Bullet Time","floor":32,"key":"SMITH"}],"neow_cost":"NONE","seed_source_timestamp":99935783970700,"circlet_count":0,"master_deck":["Survivor","Neutralize+1","Backstab","Acrobatics","Outmaneuver+1","Heel Hook","Bullet Time+1","Footwork","Underhanded Strike","Caltrops","Escape Plan+1","Riddle With Holes","Choke","Backstab","Bullet Time+1","Bouncing Flask","Skewer","Outmaneuver","Bane","Blur","Masterful Stab","Grand Finale","Skewer","Skewer","Well Laid Plans","Underhanded Strike+1","Choke","Finisher","Leg Sweep","Backflip","Ghostly","Ghostly","Ghostly","Ghostly","Ghostly","Terror","Bouncing Flask+1","Backflip","Riddle With Holes+1","Footwork","Sucker Punch+1","Dash","Leg Sweep","Eviscerate"],"relics":["Runic Pyramid","Bottled Flame","Prayer Wheel","Bag of Preparation","Pandora\u0027s Box","Medical Kit","Question Card","Letter Opener","War Paint"],"potions_floor_usage":[5,11,14,16,18,25,30,33],"damage_taken":[{"damage":1,"enemies":"Cultist","floor":1,"turns":4},{"damage":0,"enemies":"2 Louse","floor":3,"turns":3},{"damage":2,"enemies":"Jaw Worm","floor":4,"turns":4},{"damage":0,"enemies":"Exordium Wildlife","floor":5,"turns":9},{"damage":26,"enemies":"3 Sentries","floor":6,"turns":13},{"damage":5,"enemies":"3 Louse","floor":7,"turns":3},{"damage":13,"enemies":"Lagavulin","floor":8,"turns":9},{"damage":4,"enemies":"Blue Slaver","floor":10,"turns":4},{"damage":2,"enemies":"Lots of Slimes","floor":11,"turns":4},{"damage":0,"enemies":"3 Louse","floor":12,"turns":4},{"damage":0,"enemies":"Exordium Wildlife","floor":14,"turns":2},{"damage":22,"enemies":"Slime Boss","floor":16,"turns":12},{"damage":5,"enemies":"3 Byrds","floor":18,"turns":3},{"damage":8,"enemies":"Colosseum Slavers","floor":21,"turns":3},{"damage":1,"enemies":"Gremlin Leader","floor":24,"turns":5},{"damage":17,"enemies":"2 Thieves","floor":25,"turns":3},{"damage":10,"enemies":"Book of Stabbing","floor":28,"turns":4},{"damage":3,"enemies":"Chosen and Byrds","floor":30,"turns":4},{"damage":4,"enemies":"Snake Plant","floor":31,"turns":3},{"damage":25,"enemies":"Collector","floor":33,"turns":6}],"seed_played":"-2086134570765001187","potions_obtained":[{"floor":1,"key":"EssenceOfSteel"},{"floor":7,"key":"SpeedPotion"},{"floor":10,"key":"LiquidBronze"},{"floor":12,"key":"LiquidBronze"},{"floor":16,"key":"AttackPotion"},{"floor":24,"key":"GamblersBrew"},{"floor":28,"key":"Poison Potion"},{"floor":31,"key":"Dexterity Potion"}],"is_trial":false,"path_per_floor":["M","?","M","M","M","E","M","E","T","M","M","M","?","M","R","B",null,"M","$","?","?","?","R","E","M","T","R","E","R","M","M","R","B"],"character_chosen":"THE_SILENT","items_purchased":["Medical Kit","Finisher","Leg Sweep","Backflip"],"campfire_rested":3,"item_purchase_floors":[19,19,19,19],"current_hp_per_floor":[69,69,69,67,67,41,36,23,23,19,17,17,3,3,24,2,70,65,65,35,27,27,27,26,9,9,19,9,19,16,12,12,0],"gold":108,"neow_bonus":"BOSS_RELIC","is_prod":false,"is_daily":false,"chose_seed":false,"campfire_upgraded":2,"win_rate":0,"timestamp":1550823370,"path_taken":["M","?","M","?","M","E","M","E","T","M","M","M","?","M","R","BOSS","M","$","?","?","?","R","E","M","T","R","E","R","?","M","R","BOSS"],"build_version":"2019-01-23","purchased_purges":1,"victory":false,"max_hp_per_floor":[70,70,70,70,70,70,70,70,70,70,70,70,70,70,70,70,70,70,70,35,35,35,35,35,35,35,35,35,35,35,35,35,35],"card_choices":[{"not_picked":["Poisoned Stab","Backflip"],"picked":"Backstab","floor":1},{"not_picked":["Bane","Dodge and Roll"],"picked":"Acrobatics","floor":3},{"not_picked":["PiercingWail","Dagger Throw"],"picked":"Outmaneuver","floor":4},{"not_picked":["Acrobatics","Deflect"],"picked":"Heel Hook","floor":5},{"not_picked":["Bane","Deflect","Dodge and Roll"],"picked":"SKIP","floor":6},{"not_picked":["Blade Dance","All Out Attack"],"picked":"Bullet Time","floor":7},{"not_picked":["Skewer","Slice"],"picked":"Footwork","floor":8},{"not_picked":["Deadly Poison","Outmaneuver"],"picked":"Underhanded Strike","floor":10},{"not_picked":["Quick Slash","Masterful Stab"],"picked":"Caltrops","floor":10},{"not_picked":["Reflex","Prepared"],"picked":"Escape Plan","floor":11},{"not_picked":["Deadly Poison","Blade Dance","Slice"],"picked":"SKIP","floor":11},{"not_picked":["Cloak And Dagger","Skewer"],"picked":"Riddle With Holes","floor":12},{"not_picked":["Sucker Punch","Masterful Stab"],"picked":"Choke","floor":12},{"not_picked":["Slice","Acrobatics"],"picked":"Backstab","floor":14},{"not_picked":["Accuracy","Reflex","Catalyst"],"picked":"SKIP","floor":14},{"not_picked":["A Thousand Cuts","Adrenaline"],"picked":"Bullet Time","floor":16},{"not_picked":["Bane","Poisoned Stab"],"picked":"Underhanded Strike+1","floor":18},{"not_picked":["Cloak And Dagger+1","Dagger Throw"],"picked":"Choke","floor":18},{"not_picked":["Eviscerate","Dagger Throw"],"picked":"Bouncing Flask+1","floor":24},{"not_picked":["Flechettes","Acrobatics+1","Expertise"],"picked":"Backflip","floor":25},{"not_picked":["Acrobatics+1","Bane","Quick Slash+1"],"picked":"Riddle With Holes+1","floor":25},{"not_picked":["Accuracy","Deadly Poison","Bane"],"picked":"Footwork","floor":28},{"not_picked":["Acrobatics+1","Deflect","Slice"],"picked":"Sucker Punch+1","floor":30},{"not_picked":["Endless Agony","Sucker Punch+1","Doppelganger"],"picked":"Dash","floor":30},{"not_picked":["Dagger Spray","Underhanded Strike","All Out Attack+1"],"picked":"Leg Sweep","floor":31},{"not_picked":["Poisoned Stab","Crippling Poison","Endless Agony"],"picked":"Eviscerate","floor":31}],"player_experience":100468,"relics_obtained":[{"floor":6,"key":"Bottled Flame"},{"floor":8,"key":"Prayer Wheel"},{"floor":9,"key":"Bag of Preparation"},{"floor":24,"key":"Question Card"},{"floor":26,"key":"Letter Opener"},{"floor":28,"key":"War Paint"}],"event_choices":[{"damage_healed":0,"gold_gain":0,"player_choice":"Cursed","damage_taken":0,"max_hp_gain":0,"max_hp_loss":0,"event_name":"Wheel of Change","floor":2,"gold_loss":0,"cards_obtained":["Decay"]},{"damage_healed":0,"gold_gain":0,"player_choice":"Entered Light","damage_taken":14,"max_hp_gain":0,"max_hp_loss":0,"event_name":"Shining Light","floor":13,"gold_loss":0,"cards_upgraded":["Strike_G","Neutralize"]},{"damage_healed":0,"gold_gain":0,"player_choice":"Became a Ghost","damage_taken":0,"max_hp_gain":0,"max_hp_loss":35,"event_name":"Ghosts","floor":20,"gold_loss":0,"cards_obtained":["Ghostly","Ghostly","Ghostly","Ghostly","Ghostly"]},{"damage_healed":0,"gold_gain":0,"player_choice":"Fight","damage_taken":0,"max_hp_gain":0,"max_hp_loss":0,"event_name":"Colosseum","floor":21,"gold_loss":0},{"damage_healed":0,"gold_gain":0,"player_choice":"Fled From Nobs","damage_taken":0,"max_hp_gain":0,"max_hp_loss":0,"event_name":"Colosseum","floor":21,"gold_loss":0},{"damage_healed":0,"gold_gain":0,"player_choice":"Read","damage_taken":0,"max_hp_gain":0,"max_hp_loss":0,"event_name":"The Library","floor":22,"gold_loss":0,"cards_obtained":["Terror"]}],"is_beta":false,"boss_relics":[{"not_picked":["Lizard Tail","Eternal Feather"],"picked":"Pandora\u0027s Box"}],"items_purged_floors":[19],"is_endless":false,"potions_floor_spawned":[1,7,10,12,16,21,24,28,31],"killed_by":"Collector","ascension_level":1}