{"gold_per_floor":[119,137,150,161,161,161,192,211,211,56,84,45,60,79,79,183,183,202,220,145,164,181,181,181],"floor_reached":24,"playtime":2219,"items_purged":["Normality"],"score":212,"play_id":"bad6bc0a-8d0c-4850-9cbc-66e791c1a06c","local_time":"20190128002308","is_ascension_mode":false,"campfire_choices":[{"data":"Zap","floor":6,"key":"SMITH"},{"floor":15,"key":"REST"},{"floor":23,"key":"REST"}],"neow_cost":"CURSE","seed_source_timestamp":298625029247131,"circlet_count":0,"master_deck":["Strike_B","Strike_B","Strike_B","Defend_B","Defend_B","Defend_B","Defend_B","Zap+1","Dualcast","Seek","Conserve Battery","Conserve Battery","Conserve Battery","Ball Lightning","White Noise","Ball Lightning","Storm","Reboot+1","Force Field+1","Hologram+1","Hologram+1","Multi-Cast+1","Auto Shields+1","Redo+1","Redo+1","Heatsinks","Streamline","Coolheaded+1","Genetic Algorithm+1","Defragment","Stack+1"],"relics":["Cracked Core","Orichalcum","Bottled Lightning","Kunai","Toxic Egg 2","Orrery"],"potions_floor_usage":[8,14,22,22],"damage_taken":[{"damage":5,"enemies":"Small Slimes","floor":1,"turns":4},{"damage":1,"enemies":"Cultist","floor":2,"turns":4},{"damage":6,"enemies":"Jaw Worm","floor":3,"turns":4},{"damage":0,"enemies":"2 Fungi Beasts","floor":4,"turns":3},{"damage":22,"enemies":"3 Sentries","floor":7,"turns":8},{"damage":0,"enemies":"Lots of Slimes","floor":8,"turns":1},{"damage":6,"enemies":"Gremlin Nob","floor":11,"turns":4},{"damage":3,"enemies":"Looter","floor":13,"turns":2},{"damage":0,"enemies":"Gremlin Gang","floor":14,"turns":3},{"damage":17,"enemies":"The Guardian","floor":16,"turns":11},{"damage":21,"enemies":"2 Thieves","floor":18,"turns":3},{"damage":26,"enemies":"Shell Parasite","floor":19,"turns":7},{"damage":0,"enemies":"Snecko","floor":21,"turns":4},{"damage":24,"enemies":"3 Cultists","floor":22,"turns":6},{"damage":39,"enemies":"Cultist and Chosen","floor":24,"turns":8}],"seed_played":"6426989031660034311","potions_obtained":[{"floor":1,"key":"LiquidBronze"},{"floor":3,"key":"Poison Potion"},{"floor":7,"key":"Explosive Potion"},{"floor":11,"key":"SmokeBomb"},{"floor":13,"key":"AttackPotion"},{"floor":21,"key":"Ancient Potion"},{"floor":22,"key":"Fruit Juice"}],"is_trial":false,"path_per_floor":["M","M","M","M","?","R","E","M","T","$","E","$","M","M","R","B",null,"M","M","?","M","M","R","M"],"character_chosen":"DEFECT","items_purchased":["Storm","Force Field+1"],"campfire_rested":2,"item_purchase_floors":[10,12],"current_hp_per_floor":[70,69,63,63,63,63,41,41,41,41,35,35,32,32,54,37,75,54,28,28,28,9,33,0],"gold":181,"neow_bonus":"THREE_RARE_CARDS","is_prod":false,"is_daily":false,"chose_seed":false,"campfire_upgraded":1,"win_rate":0.0,"timestamp":1548631388,"path_taken":["M","M","M","M","?","R","E","M","T","$","E","$","?","M","R","BOSS","M","M","?","M","M","R","M"],"build_version":"2019-01-23","purchased_purges":1,"victory":false,"max_hp_per_floor":[75,75,75,75,75,75,75,75,75,75,75,75,75,75,75,75,75,75,75,75,75,80,80,80],"card_choices":[{"not_picked":["Meteor Strike","Hyperbeam"],"picked":"Seek","floor":0},{"not_picked":["Steam","Force Field"],"picked":"Conserve Battery","floor":1},{"not_picked":["Beam Cell","Rebound"],"picked":"Conserve Battery","floor":2},{"not_picked":["Streamline","Barrage"],"picked":"Conserve Battery","floor":3},{"not_picked":["Turbo","Heatsinks"],"picked":"Ball Lightning","floor":4},{"not_picked":["Self Repair","Rip and Tear"],"picked":"White Noise","floor":7},{"not_picked":["Genetic Algorithm","Compile Driver"],"picked":"Ball Lightning","floor":8},{"not_picked":["Streamline","Beam Cell"],"picked":"Reboot","floor":11},{"not_picked":["Coolheaded+1","Self Repair"],"picked":"Hologram+1","floor":13},{"not_picked":["Rebound","Ball Lightning"],"picked":"Hologram+1","floor":14},{"not_picked":["Machine Learning","Biased Cognition"],"picked":"Multi-Cast+1","floor":16},{"not_picked":["Rebound","Cold Snap"],"picked":"Auto Shields+1","floor":17},{"not_picked":["Darkness+1","Ball Lightning"],"picked":"Redo+1","floor":17},{"not_picked":["Compile Driver","Streamline"],"picked":"Redo+1","floor":17},{"not_picked":["Barrage","Rebound"],"picked":"Heatsinks","floor":17},{"not_picked":["Hello World","Conserve Battery+1"],"picked":"Streamline","floor":17},{"not_picked":["Hologram+1","Redo+1"],"picked":"Coolheaded+1","floor":18},{"not_picked":["Coolheaded+1","Biased Cognition"],"picked":"Genetic Algorithm+1","floor":19},{"not_picked":["Undo+1","Gash"],"picked":"Defragment","floor":21},{"not_picked":["Glacier+1","Ball Lightning"],"picked":"Stack+1","floor":22}],"player_experience":58890,"relics_obtained":[{"floor":7,"key":"Bottled Lightning"},{"floor":9,"key":"Kunai"},{"floor":11,"key":"Toxic Egg 2"}],"event_choices":[{"damage_healed":0,"gold_gain":0,"player_choice":"Gave Potion","damage_taken":0,"relics_obtained":["Orichalcum"],"max_hp_gain":0,"max_hp_loss":0,"event_name":"WeMeetAgain","floor":5,"gold_loss":0},{"cards_removed":["Strike_B"],"damage_healed":0,"gold_gain":0,"player_choice":"Gave Gold","damage_taken":0,"max_hp_gain":0,"max_hp_loss":0,"event_name":"Beggar","floor":20,"gold_loss":75}],"is_beta":false,"boss_relics":[{"not_picked":["Busted Crown","Ectoplasm"],"picked":"Orrery"}],"items_purged_floors":[10],"is_endless":false,"potions_floor_spawned":[1,3,7,11,13,21,22],"killed_by":"Cultist and Chosen","ascension_level":0}