{"gold_per_floor":[113,130,148,98,98,123,123,138,138,164,174,193,193,178,178,281,281,295,210,228,6,21,21,21],"floor_reached":24,"playtime":1246,"items_purged":["Strike_B"],"score":326,"play_id":"07cf6602-0a98-40d6-bd0d-275dab65dea8","local_time":"20181208190910","is_ascension_mode":true,"campfire_choices":[{"data":"Go for the Eyes","floor":7,"key":"SMITH"},{"data":"Streamline","floor":13,"key":"SMITH"},{"data":"Hologram","floor":15,"key":"SMITH"},{"data":"Blizzard","floor":23,"key":"SMITH"}],"neow_cost":"NONE","seed_source_timestamp":200714074391665,"circlet_count":0,"master_deck":["AscendersBane","Strike_B","Strike_B","Defend_B","Defend_B+1","Defend_B","Defend_B","Zap+1","Dualcast+1","Streamline+1","Glacier","Go for the Eyes+1","Stack","Hello World","Stack","Hologram+1","Coolheaded","Conserve Battery","Electrodynamics","BootSequence+1","FTL","Blizzard+1"],"relics":["FrozenCore","War Paint","Torii","Gambling Chip","Lantern","Anchor"],"potions_floor_usage":[20],"damage_taken":[{"damage":4,"enemies":"Small Slimes","floor":1,"turns":3},{"damage":7,"enemies":"Jaw Worm","floor":2,"turns":3},{"damage":0,"enemies":"Cultist","floor":3,"turns":2},{"damage":7,"enemies":"3 Sentries","floor":6,"turns":8},{"damage":1,"enemies":"Red Slaver","floor":8,"turns":3},{"damage":24,"enemies":"Gremlin Nob","floor":10,"turns":4},{"damage":1,"enemies":"Exordium Wildlife","floor":11,"turns":6},{"damage":18,"enemies":"Large Slime","floor":12,"turns":6},{"damage":2,"enemies":"Exordium Thugs","floor":14,"turns":4},{"damage":1,"enemies":"The Guardian","floor":16,"turns":16},{"damage":10,"enemies":"2 Thieves","floor":18,"turns":5},{"damage":7,"enemies":"3 Byrds","floor":20,"turns":4},{"damage":3,"enemies":"3 Cultists","floor":22,"turns":6},{"damage":40,"enemies":"Book of Stabbing","floor":24,"turns":9}],"seed_played":"5033721726411288313","potions_obtained":[{"floor":3,"key":"Poison Potion"},{"floor":6,"key":"GamblersBrew"},{"floor":10,"key":"Block Potion"},{"floor":16,"key":"Dexterity Potion"}],"is_trial":false,"path_per_floor":["M","M","M","?","?","E","R","M","T","E","M","M","R","M","R","B",null,"M","?","M","$","M","R","E"],"character_chosen":"DEFECT","items_purchased":["Anchor"],"campfire_rested":0,"item_purchase_floors":[21],"current_hp_per_floor":[64,57,57,57,57,50,50,49,49,25,24,6,6,4,4,3,57,47,47,40,40,37,37,0],"gold":21,"neow_bonus":"UPGRADE_CARD","is_prod":false,"is_daily":false,"chose_seed":false,"campfire_upgraded":4,"win_rate":0,"timestamp":1544276350,"path_taken":["M","M","M","?","?","E","R","M","T","E","?","M","R","M","R","BOSS","M","?","M","$","M","R","E"],"build_version":"2018-12-06","purchased_purges":1,"victory":false,"max_hp_per_floor":[75,75,75,75,75,75,75,75,75,75,75,75,75,75,75,75,75,75,75,75,75,75,75,75],"card_choices":[{"not_picked":["Turbo","Rip and Tear"],"picked":"Streamline","floor":1},{"not_picked":["Sweeping Beam","Rebound"],"picked":"Glacier","floor":2},{"not_picked":["FTL","Consume"],"picked":"Go for the Eyes","floor":3},{"not_picked":["Beam Cell","Aggregate"],"picked":"Stack","floor":6},{"not_picked":["Beam Cell","Tempest"],"picked":"Hello World","floor":8},{"not_picked":["Beam Cell","Skim"],"picked":"Stack","floor":10},{"not_picked":["Barrage","Turbo"],"picked":"Hologram","floor":11},{"not_picked":["Tempest","Go for the Eyes"],"picked":"Coolheaded","floor":12},{"not_picked":["Turbo","Hologram"],"picked":"Conserve Battery","floor":14},{"not_picked":["Amplify","Multi-Cast"],"picked":"Electrodynamics","floor":16},{"not_picked":["White Noise","Ball Lightning"],"picked":"BootSequence+1","floor":18},{"not_picked":["Gash","Stack+1"],"picked":"FTL","floor":20},{"not_picked":["Static Discharge+1","Streamline"],"picked":"Blizzard","floor":22}],"player_experience":864338,"relics_obtained":[{"floor":6,"key":"Torii"},{"floor":10,"key":"Gambling Chip"}],"event_choices":[{"cards_removed":["Strike_B"],"damage_healed":0,"gold_gain":0,"player_choice":"Card Removal","damage_taken":0,"max_hp_gain":0,"max_hp_loss":0,"event_name":"The Cleric","floor":4,"gold_loss":50},{"damage_healed":0,"gold_gain":0,"player_choice":"Gave Potion","damage_taken":0,"relics_obtained":["War Paint"],"max_hp_gain":0,"max_hp_loss":0,"event_name":"WeMeetAgain","floor":5,"gold_loss":0},{"damage_healed":0,"gold_gain":0,"player_choice":"Obtained Relic","damage_taken":0,"relics_obtained":["Lantern"],"max_hp_gain":0,"max_hp_loss":0,"event_name":"Addict","floor":19,"gold_loss":85}],"is_beta":true,"boss_relics":[{"not_picked":["Inserter","Fusion Hammer"],"picked":"FrozenCore"}],"items_purged_floors":[21],"is_endless":false,"potions_floor_spawned":[3,6,10,16],"killed_by":"Book of Stabbing","ascension_level":11}