{"gold_per_floor":[117,117,117,140,89,89,128,152,177,210,210,231,231,254,254,352,352,375,395,420,451,464,464,464],"floor_reached":24,"playtime":1247,"items_purged":[],"score":364,"play_id":"1492c07a-35f3-4f33-9f9b-d90c5d37bbd7","local_time":"20190303170736","is_ascension_mode":true,"campfire_choices":[{"data":"Zap","floor":6.0,"key":"SMITH"},{"data":"Streamline","floor":13.0,"key":"SMITH"},{"data":"Loop","floor":15.0,"key":"SMITH"},{"floor":23.0,"key":"REST"}],"neow_cost":"NONE","seed_source_timestamp":772200072378141,"circlet_count":0,"master_deck":["AscendersBane","Strike_B","Strike_B","Strike_B","Strike_B","Defend_B","Defend_B","Defend_B","Defend_B","Zap+1","Dualcast","Hologram","Coolheaded","Coolheaded","FTL","Stack","Loop+1","Streamline+1","Skim","Fission","Chaos+1","Steam","Coolheaded","Gash"],"special_seed":0,"relics":["Cracked Core","Golden Idol","Dream Catcher","Pantograph","Centennial Puzzle","Symbiotic Virus","Busted Crown","Red Mask"],"potions_floor_usage":[24],"damage_taken":[{"damage":1.0,"enemies":"2 Louse","floor":1.0,"turns":3.0},{"damage":7.0,"enemies":"Small Slimes","floor":4.0,"turns":3.0},{"damage":32.0,"enemies":"Lagavulin","floor":7.0,"turns":9.0},{"damage":0.0,"enemies":"Jaw Worm","floor":8.0,"turns":3.0},{"damage":1.0,"enemies":"3 Sentries","floor":10.0,"turns":7.0},{"damage":3.0,"enemies":"3 Louse","floor":12.0,"turns":3.0},{"damage":1.0,"enemies":"Blue Slaver","floor":14.0,"turns":2.0},{"damage":9.0,"enemies":"The Guardian","floor":16.0,"turns":8.0},{"damage":5.0,"enemies":"Chosen","floor":18.0,"turns":3.0},{"damage":1.0,"enemies":"Shell Parasite","floor":19.0,"turns":7.0},{"damage":28.0,"enemies":"Chosen and Byrds","floor":20.0,"turns":7.0},{"damage":22.0,"enemies":"Masked Bandits","floor":21.0,"turns":4.0},{"damage":0.0,"enemies":"Centurion and Healer","floor":22.0,"turns":6.0},{"damage":34,"enemies":"Slavers","floor":24,"turns":3}],"seed_played":"1915375654218577064","potions_obtained":[{"floor":7.0,"key":"GamblersBrew"},{"floor":8.0,"key":"Explosive Potion"},{"floor":12.0,"key":"Weak Potion"},{"floor":22.0,"key":"Explosive Potion"}],"is_trial":false,"path_per_floor":["M","?","?","M","$","R","E","M","T","E","?","M","R","M","R","B",null,"M","M","M","?","M","R","E"],"character_chosen":"DEFECT","items_purchased":["Coolheaded"],"campfire_rested":1,"item_purchase_floors":[5],"current_hp_per_floor":[70,70,52,45,45,45,13,13,13,12,35,32,32,31,31,47,65,60,59,31,9,9,30,0],"gold":464,"neow_bonus":"TEN_PERCENT_HP_BONUS","is_prod":false,"is_daily":false,"chose_seed":false,"campfire_upgraded":3,"win_rate":0,"timestamp":1551650856,"path_taken":["M","?","?","M","$","R","E","M","T","E","?","M","R","M","R","BOSS","M","M","M","?","M","R","E"],"build_version":"2019-02-06","purchased_purges":0,"victory":false,"max_hp_per_floor":[78,71,71,71,71,71,71,71,71,71,71,71,71,71,71,71,71,71,71,71,71,71,71,71],"card_choices":[{"not_picked":["Conserve Battery","Rebound"],"picked":"Hologram","floor":1.0},{"not_picked":["Double Energy","Redo"],"picked":"Coolheaded","floor":4.0},{"not_picked":["Barrage","Beam Cell"],"picked":"FTL","floor":7.0},{"not_picked":["Sweeping Beam","Sunder"],"picked":"Stack","floor":8.0},{"not_picked":["Redo","White Noise"],"picked":"Loop","floor":10.0},{"not_picked":["Stack","Hello World","Streamline"],"picked":"SKIP","floor":12.0},{"not_picked":["Stack","Hello World"],"picked":"Streamline","floor":12.0},{"not_picked":["Lockon","Go for the Eyes"],"picked":"Skim","floor":14.0},{"not_picked":["Electrodynamics","Amplify"],"picked":"Fission","floor":16.0},{"not_picked":[],"picked":"Chaos+1","floor":18.0},{"not_picked":[],"picked":"Steam","floor":19.0},{"not_picked":["Force Field"],"picked":"SKIP","floor":20.0},{"not_picked":[],"picked":"Coolheaded","floor":22.0},{"not_picked":[],"picked":"Gash","floor":23.0}],"player_experience":754556,"relics_obtained":[{"floor":7.0,"key":"Pantograph"},{"floor":9.0,"key":"Centennial Puzzle"},{"floor":10.0,"key":"Symbiotic Virus"},{"floor":21.0,"key":"Red Mask"}],"event_choices":[{"damage_healed":0.0,"max_hp_gain":0.0,"max_hp_loss":7.0,"gold_gain":0.0,"event_name":"Golden Idol","player_choice":"Lose Max HP","floor":2.0,"gold_loss":0.0,"damage_taken":0.0,"relics_obtained":["Golden Idol"]},{"damage_healed":0.0,"max_hp_gain":0.0,"max_hp_loss":0.0,"gold_gain":0.0,"event_name":"Scrap Ooze","player_choice":"Success","floor":3.0,"gold_loss":0.0,"damage_taken":18.0,"relics_obtained":["Dream Catcher"]},{"damage_healed":23.0,"max_hp_gain":0.0,"max_hp_loss":0.0,"gold_gain":0.0,"event_name":"Big Fish","player_choice":"Banana","floor":11.0,"gold_loss":0.0,"damage_taken":0.0},{"damage_healed":0.0,"max_hp_gain":0.0,"max_hp_loss":0.0,"gold_gain":0.0,"event_name":"Masked Bandits","player_choice":"Fought Bandits","floor":21.0,"gold_loss":0.0,"damage_taken":0.0}],"is_beta":true,"boss_relics":[{"not_picked":["Lizard Tail","Tiny House"],"picked":"Busted Crown"}],"items_purged_floors":[],"is_endless":false,"potions_floor_spawned":[7,8,12,22],"killed_by":"Slavers","ascension_level":15}