{"gold_per_floor":[117,5,5,5,16,46,61,61,140,140,159,171,171,206,206,206],"floor_reached":16,"playtime":1270,"items_purged":["Strike_G"],"score":121,"play_id":"78a2c1f9-e3f8-4e15-861d-fb0f41c74603","local_time":"20190415145929","is_ascension_mode":true,"campfire_choices":[{"data":"Tactician","floor":8,"key":"SMITH"},{"floor":13,"key":"REST"},{"floor":15,"key":"REST"}],"neow_cost":"NONE","seed_source_timestamp":335041355198677,"circlet_count":0,"master_deck":["Defend_G+1","Defend_G","Defend_G+1","Defend_G","Defend_G","Strike_G","Strike_G","Strike_G","Survivor","Neutralize","Venomology","Dagger Throw","Crippling Poison","Regret","Underhanded Strike","Tactician+1","Dagger Throw","Deflect","Eviscerate","Calculated Gamble"],"relics":["Ring of the Snake","War Paint","Darkstone Periapt","Tiny Chest","Juzu Bracelet"],"potions_floor_usage":[5,6,6,11,12,14,14,16,16,16],"damage_taken":[{"damage":3,"enemies":"Jaw Worm","floor":1,"turns":6},{"damage":1,"enemies":"2 Louse","floor":5,"turns":4},{"damage":21,"enemies":"Lagavulin","floor":6,"turns":7},{"damage":0,"enemies":"Cultist","floor":7,"turns":3},{"damage":9,"enemies":"Blue Slaver","floor":11,"turns":3},{"damage":0,"enemies":"2 Fungi Beasts","floor":12,"turns":3},{"damage":22,"enemies":"3 Sentries","floor":14,"turns":10},{"damage":72,"enemies":"Slime Boss","floor":16,"turns":13}],"seed_played":"4695655746914967083","potions_obtained":[{"floor":4,"key":"Regen Potion"},{"floor":4,"key":"FairyPotion"},{"floor":4,"key":"Energy Potion"},{"floor":12,"key":"Swift Potion"},{"floor":14,"key":"Weak Potion"}],"is_trial":false,"path_per_floor":["M","$","?","?","M","E","M","R","T","?","M","M","R","E","R","B"],"character_chosen":"THE_SILENT","items_purchased":["Crippling Poison"],"campfire_rested":2,"item_purchase_floors":[2],"current_hp_per_floor":[67,67,67,67,70,49,49,49,49,42,33,33,54,32,53,0],"gold":206,"neow_bonus":"ONE_RANDOM_RARE_CARD","is_prod":false,"is_daily":false,"chose_seed":false,"campfire_upgraded":1,"win_rate":0,"timestamp":1555336769,"path_taken":["M","$","?","?","?","E","M","R","T","?","M","M","R","E","R","BOSS"],"build_version":"2019-01-23","purchased_purges":1,"victory":false,"max_hp_per_floor":[70,70,70,70,70,70,70,70,70,70,70,70,70,70,70,70],"card_choices":[{"not_picked":["Backflip","Escape Plan"],"picked":"Dagger Throw","floor":1},{"not_picked":["Prepared","Dodge and Roll"],"picked":"Underhanded Strike","floor":5},{"not_picked":["Acrobatics","Escape Plan"],"picked":"Tactician","floor":6},{"not_picked":["Acrobatics","Flying Knee"],"picked":"Dagger Throw","floor":7},{"not_picked":["Heel Hook","Infinite Blades"],"picked":"Deflect","floor":11},{"not_picked":["Caltrops","Noxious Fumes"],"picked":"Eviscerate","floor":12},{"not_picked":["Deadly Poison","Escape Plan"],"picked":"Calculated Gamble","floor":14}],"player_experience":112612,"relics_obtained":[{"floor":6,"key":"Darkstone Periapt"},{"floor":9,"key":"Tiny Chest"},{"floor":14,"key":"Juzu Bracelet"}],"event_choices":[{"damage_healed":0,"gold_gain":0,"player_choice":"Box","damage_taken":0,"relics_obtained":["War Paint"],"max_hp_gain":0,"max_hp_loss":0,"event_name":"Big Fish","floor":3,"gold_loss":0,"cards_obtained":["Regret"]},{"damage_healed":0,"gold_gain":0,"player_choice":"Got Potions","damage_taken":0,"max_hp_gain":0,"max_hp_loss":0,"event_name":"Lab","floor":4,"gold_loss":0},{"cards_removed":["Strike_G"],"damage_healed":0,"gold_gain":0,"player_choice":"Card Removal","damage_taken":7,"max_hp_gain":0,"max_hp_loss":0,"event_name":"Golden Wing","floor":10,"gold_loss":0}],"is_beta":false,"boss_relics":[],"items_purged_floors":[2],"is_endless":false,"potions_floor_spawned":[12,14],"killed_by":"Slime Boss","ascension_level":2}