{"path_per_floor":["M","M","$","?","?","E","R","E","T","M","M","$","R","M","R","B",null,"M","M"],"character_chosen":"DEFECT","items_purchased":["Capacitor","Consume"],"gold_per_floor":[118,135,60,60,60,101,101,140,164,177,202,61,61,77,77,202,202,226,245,245],"floor_reached":20,"campfire_rested":0,"playtime":1109,"item_purchase_floors":[12,12],"current_hp_per_floor":[67,66,66,49,68,53,53,45,45,39,31,31,31,12,12,1,78,38,38,0],"items_purged":["Strike_B"],"gold":245,"score":202,"play_id":"3fe766a6-153e-4215-b39e-25828cf1b8f9","local_time":"20180620220837","is_prod":false,"is_daily":false,"chose_seed":false,"is_ascension_mode":true,"campfire_upgraded":3,"win_rate":0,"timestamp":1529512717,"campfire_choices":[{"data":"Zap","floor":7,"key":"SMITH"},{"data":"Rip and Tear","floor":13,"key":"SMITH"},{"data":"Consume","floor":15,"key":"SMITH"}],"path_taken":["M","M","$","?","?","E","R","E","T","M","M","?","R","?","R","BOSS","M","M","M"],"build_version":"2018-06-19v2","seed_source_timestamp":42456776844651,"purchased_purges":1,"circlet_count":0,"victory":false,"master_deck":["Strike_B","Defend_B","Defend_B","Defend_B","Defend_B","Zap+1","Dualcast","Rip and Tear+1","Loop","Rebound","Chaos","Hello World","Leap","Capacitor","Consume+1","Gash","Biased Cognition","Auto Shields+1","Capacitor+1"],"max_hp_per_floor":[68,68,68,68,68,68,68,78,78,78,78,78,78,78,78,78,78,78,78,78],"relics":["Cracked Core","Ginger","Golden Idol","Oddly Smooth Stone","Pear","Potion Belt","Empty Cage"],"card_choices":[{"not_picked":["Coolheaded","Undo"],"picked":"Rip and Tear","floor":1},{"not_picked":["Compile Driver","Redo"],"picked":"Loop","floor":2},{"not_picked":["Streamline","Biased Cognition"],"picked":"Rebound","floor":6},{"not_picked":["Steam","Rebound"],"picked":"Chaos","floor":8},{"not_picked":["Steam","White Noise"],"picked":"Hello World","floor":10},{"not_picked":["Blizzard","Skim"],"picked":"Leap","floor":11},{"not_picked":["Rebound","Rip and Tear"],"picked":"Gash","floor":14},{"not_picked":["Buffer","Reboot"],"picked":"Biased Cognition","floor":16},{"not_picked":["Hologram","Heatsinks+1"],"picked":"Auto Shields+1","floor":18},{"not_picked":["Go for the Eyes","Hologram"],"picked":"Capacitor+1","floor":19}],"player_experience":51553,"potions_floor_usage":[14,16,16],"damage_taken":[{"damage":1,"enemies":"2 Louse","floor":1,"turns":2},{"damage":1,"enemies":"Cultist","floor":2,"turns":3},{"damage":15,"enemies":"Gremlin Nob","floor":6,"turns":4},{"damage":18,"enemies":"3 Sentries","floor":8,"turns":7},{"damage":6,"enemies":"Jaw Worm","floor":10,"turns":2},{"damage":8,"enemies":"Red Slaver","floor":11,"turns":2},{"damage":19,"enemies":"Exordium Thugs","floor":14,"turns":4},{"damage":11,"enemies":"The Guardian","floor":16,"turns":10},{"damage":40,"enemies":"2 Thieves","floor":18,"turns":5},{"damage":0,"enemies":"Chosen","floor":19,"turns":5},{"damage":46,"enemies":"3 Cultists","floor":20,"turns":4}],"relics_obtained":[{"floor":6,"key":"Oddly Smooth Stone"},{"floor":8,"key":"Pear"},{"floor":9,"key":"Potion Belt"}],"event_choices":[{"event_name":"Golden Idol","player_choice":"Take Damage","floor":4,"damage_taken":0},{"event_name":"Wheel of Change","player_choice":"Full Heal","floor":5,"damage_taken":0}],"boss_relics":[{"not_picked":["Lizard Tail","Snecko Eye"],"picked":"Empty Cage"}],"items_purged_floors":[3],"is_endless":false,"potions_floor_spawned":[2,8,14],"seed_played":"4063790800309171436","killed_by":"3 Cultists","ascension_level":2,"potions_obtained":[{"floor":2,"key":"PowerPotion"},{"floor":8,"key":"Energy Potion"},{"floor":14,"key":"Poison Potion"}],"is_trial":false}