{"gold_per_floor":[115,127,0,17,30,30,44,76,76,76,131,131,162,162,162,265],"floor_reached":16,"playtime":880,"items_purged":["Strike_B"],"score":160,"play_id":"78f2829c-aadd-473c-a745-ae89f046f844","local_time":"20190127132009","is_ascension_mode":false,"campfire_choices":[{"data":"Zap","floor":6.0,"key":"SMITH"},{"floor":12.0,"key":"REST"},{"data":"Defragment","floor":15,"key":"SMITH"}],"neow_cost":"NONE","seed_source_timestamp":330848471097409,"circlet_count":0,"master_deck":["Strike_B","Strike_B","Strike_B","Defend_B","Defend_B","Defend_B","Defend_B","Zap+1","Dualcast","Barrage","Coolheaded","Glacier","Coolheaded","Defragment+1","Fission"],"special_seed":0,"relics":["Cracked Core","PreservedInsect","Tiny Chest","Pen Nib"],"potions_floor_usage":[13],"damage_taken":[{"damage":1.0,"enemies":"Cultist","floor":1.0,"turns":3.0},{"damage":1.0,"enemies":"Jaw Worm","floor":2.0,"turns":3.0},{"damage":2.0,"enemies":"2 Louse","floor":4.0,"turns":2.0},{"damage":19.0,"enemies":"Lots of Slimes","floor":5.0,"turns":4.0},{"damage":0.0,"enemies":"Blue Slaver","floor":7.0,"turns":3.0},{"damage":6.0,"enemies":"3 Sentries","floor":8.0,"turns":10.0},{"damage":8,"enemies":"Gremlin Nob","floor":13,"turns":3},{"damage":32,"enemies":"The Guardian","floor":16,"turns":19}],"seed_played":"3738254147231529326","potions_obtained":[{"floor":4.0,"key":"Energy Potion"},{"floor":8.0,"key":"Fire Potion"},{"floor":13,"key":"Swift Potion"}],"is_trial":false,"path_per_floor":["M","M","$","M","M","R","M","E","T","$","T","R","E","?","R","B"],"character_chosen":"DEFECT","items_purchased":["Coolheaded"],"campfire_rested":1,"item_purchase_floors":[3],"current_hp_per_floor":[81,80,80,78,59,59,59,53,53,53,53,77,69,69,69,37],"gold":265,"neow_bonus":"TEN_PERCENT_HP_BONUS","is_prod":false,"is_daily":false,"chose_seed":false,"campfire_upgraded":2,"win_rate":0,"timestamp":1548613209,"path_taken":["M","M","$","M","M","R","M","E","T","$","?","R","E","?","R","BOSS"],"build_version":"2019-01-23","purchased_purges":1,"victory":false,"max_hp_per_floor":[82,82,82,82,82,82,82,82,82,82,82,82,82,82,82,82],"card_choices":[{"not_picked":["Leap","Redo","Cold Snap"],"picked":"SKIP","floor":1.0},{"not_picked":["Reinforced Body","Hello World"],"picked":"Barrage","floor":2.0},{"not_picked":["Rebound","White Noise","Compile Driver"],"picked":"SKIP","floor":4.0},{"not_picked":["Darkness","Compile Driver"],"picked":"Glacier","floor":5.0},{"not_picked":["Leap","Hologram"],"picked":"Coolheaded","floor":7.0},{"not_picked":["Turbo","Redo"],"picked":"Defragment","floor":8.0},{"not_picked":["Biased Cognition","Leap","Fusion"],"picked":"SKIP","floor":13},{"not_picked":["All For One","Rainbow"],"picked":"Fission","floor":16}],"player_experience":165889,"relics_obtained":[{"floor":8.0,"key":"PreservedInsect"},{"floor":11.0,"key":"Tiny Chest"},{"floor":13,"key":"Pen Nib"}],"event_choices":[{"damage_healed":0,"gold_gain":0,"player_choice":"Ignored","damage_taken":0,"max_hp_gain":0,"max_hp_loss":0,"event_name":"Golden Idol","floor":14,"gold_loss":0}],"is_beta":false,"boss_relics":[],"items_purged_floors":[3],"is_endless":false,"potions_floor_spawned":[4,8,13],"killed_by":"The Guardian","ascension_level":0}