{"gold_per_floor":[118,118,50,66,66,99,99,99,125,141,141,155,173,189,189,260,260,270,290,290,300,26,52,52,52,79,92,106,106],"floor_reached":29,"playtime":1007,"items_purged":["Decay"],"score":476,"play_id":"9cf9c12f-7937-4ca2-aeed-4f7b54f4ac9d","local_time":"20190413070626","is_ascension_mode":true,"campfire_choices":[{"data":"Zap","floor":7.0,"key":"SMITH"},{"data":"Defragment","floor":11.0,"key":"SMITH"},{"data":"Dualcast","floor":15.0,"key":"SMITH"},{"floor":24,"key":"REST"}],"neow_cost":"NONE","seed_source_timestamp":165882998449340,"circlet_count":0,"master_deck":["AscendersBane","Strike_B","Strike_B","Strike_B","Defend_B","Defend_B","Defend_B","Defend_B","Zap+1","Dualcast+1","Streamline+1","Defragment+1","Go for the Eyes","Beam Cell","Electrodynamics","Auto Shields","Core Surge","Leap","Ghostly","Ghostly","Ghostly"],"special_seed":0,"relics":["Cracked Core","NeowsBlessing","Kunai","Potion Belt","Busted Crown","Lee\u0027s Waffle","Omamori","Smiling Mask"],"potions_floor_usage":[29],"damage_taken":[{"damage":0.0,"enemies":"Small Slimes","floor":1.0,"turns":1.0},{"damage":0.0,"enemies":"2 Louse","floor":4.0,"turns":1.0},{"damage":0.0,"enemies":"3 Sentries","floor":6.0,"turns":1.0},{"damage":0.0,"enemies":"Cultist","floor":10.0,"turns":3.0},{"damage":0.0,"enemies":"Lots of Slimes","floor":12.0,"turns":1.0},{"damage":0.0,"enemies":"Large Slime","floor":13.0,"turns":4.0},{"damage":4.0,"enemies":"3 Louse","floor":14.0,"turns":3.0},{"damage":17.0,"enemies":"Slime Boss","floor":16.0,"turns":5.0},{"damage":11.0,"enemies":"2 Thieves","floor":18.0,"turns":4.0},{"damage":5.0,"enemies":"Shell Parasite","floor":19.0,"turns":4.0},{"damage":31,"enemies":"Shelled Parasite and Fungi","floor":21,"turns":5},{"damage":62,"enemies":"Book of Stabbing","floor":23,"turns":6},{"damage":1,"enemies":"Centurion and Healer","floor":27,"turns":7},{"damage":5,"enemies":"Snecko","floor":28,"turns":5},{"damage":34,"enemies":"Slavers","floor":29,"turns":1}],"seed_played":"4647747267490427478","potions_obtained":[{"floor":10.0,"key":"SkillPotion"},{"floor":12.0,"key":"Fire Potion"},{"floor":13.0,"key":"SpeedPotion"},{"floor":23,"key":"SpeedPotion"},{"floor":27,"key":"Strength Potion"}],"is_trial":false,"path_per_floor":["?","?","?","M","M","?","?"],"character_chosen":"DEFECT","items_purchased":["Defragment","Lee\u0027s Waffle"],"campfire_rested":1,"item_purchase_floors":[3,22],"current_hp_per_floor":[64,64,64,64,64,64,64,64,64,64,64,64,64,60,60,43,64,53,48,48,17,78,16,39,39,39,38,33,0],"gold":106,"neow_bonus":"THREE_ENEMY_KILL","is_prod":false,"is_daily":false,"chose_seed":false,"campfire_upgraded":3,"win_rate":0,"timestamp":1555157186,"path_taken":["M","?","$","M","?","E","R","?","T","M","R","?","M","M","R","BOSS","M","?","?","M","$","E","R","?","T","M","M","E"],"build_version":"2019-01-23","purchased_purges":1,"victory":false,"max_hp_per_floor":[71,71,71,71,71,71,71,71,71,71,71,71,71,71,71,71,71,71,71,71,71,78,78,78,39,39,39,39,39],"card_choices":[{"not_picked":["Barrage","Aggregate"],"picked":"Streamline","floor":1.0},{"not_picked":["Hologram","Coolheaded"],"picked":"Go for the Eyes","floor":4.0},{"not_picked":["Rebound","Compile Driver"],"picked":"Beam Cell","floor":6.0},{"not_picked":["Redo","Reinforced Body"],"picked":"Electrodynamics","floor":10.0},{"not_picked":["Aggregate","Turbo","Storm"],"picked":"SKIP","floor":12.0},{"not_picked":["Streamline","Consume","Barrage"],"picked":"SKIP","floor":13.0},{"not_picked":["Stack","White Noise"],"picked":"Auto Shields","floor":14.0},{"not_picked":["Machine Learning","Buffer"],"picked":"Core Surge","floor":16.0},{"not_picked":[],"picked":"Leap","floor":18.0},{"not_picked":["Beam Cell"],"picked":"SKIP","floor":19.0},{"not_picked":["Coolheaded"],"picked":"SKIP","floor":21},{"not_picked":["Stack"],"picked":"SKIP","floor":23},{"not_picked":["Reprogram+1"],"picked":"SKIP","floor":27},{"not_picked":["Leap"],"picked":"SKIP","floor":28}],"player_experience":396681,"relics_obtained":[{"floor":6.0,"key":"Kunai"},{"floor":9.0,"key":"Potion Belt"},{"floor":23,"key":"Omamori"},{"floor":26,"key":"Smiling Mask"}],"event_choices":[{"damage_healed":0.0,"max_hp_gain":0.0,"max_hp_loss":0.0,"gold_gain":0.0,"event_name":"The Cleric","player_choice":"Leave","floor":2.0,"gold_loss":0.0,"damage_taken":0.0},{"damage_healed":0.0,"max_hp_gain":0.0,"max_hp_loss":0.0,"gold_gain":0.0,"event_name":"Living Wall","player_choice":"Grow","floor":5.0,"gold_loss":0.0,"damage_taken":0.0,"cards_upgraded":["Streamline"]},{"cards_removed":["Strike_B"],"damage_healed":0.0,"max_hp_gain":0.0,"max_hp_loss":0.0,"gold_gain":0.0,"event_name":"Bonfire Elementals","player_choice":"Offered Basic","floor":8.0,"gold_loss":0.0,"damage_taken":0.0},{"damage_healed":0.0,"max_hp_gain":0.0,"max_hp_loss":0.0,"gold_gain":0.0,"event_name":"Forgotten Altar","player_choice":"Smashed Altar","floor":20.0,"gold_loss":0.0,"damage_taken":0.0,"cards_obtained":["Decay"]},{"damage_healed":0,"gold_gain":0,"player_choice":"Became a Ghost","damage_taken":0,"max_hp_gain":0,"max_hp_loss":39,"event_name":"Ghosts","floor":25,"gold_loss":0,"cards_obtained":["Ghostly","Ghostly","Ghostly"]}],"is_beta":false,"boss_relics":[{"not_picked":["Runic Pyramid","Velvet Choker"],"picked":"Busted Crown"}],"items_purged_floors":[22],"is_endless":false,"potions_floor_spawned":[10,12,13,23,27],"killed_by":"Slavers","ascension_level":15}