{"gold_per_floor":[113,123,123,138,138,138,154,180,252,278,290,301,77,77,77,77],"floor_reached":16,"playtime":2667,"items_purged":["Strike_B"],"score":146,"play_id":"1cfe22a2-054c-46b3-8bbb-c35213aa1cc0","local_time":"20180728115837","is_ascension_mode":true,"campfire_choices":[{"data":"Zap","floor":6,"key":"SMITH"},{"data":"Consume","floor":15,"key":"SMITH"}],"neow_cost":"NONE","seed_source_timestamp":1368276012368,"circlet_count":0,"master_deck":["Strike_B","Strike_B","Strike_B","Defend_B","Defend_B","Defend_B+1","Defend_B","Zap+1","Dualcast+1","Consume+1","Conserve Battery","Self Repair","Steam","Coolheaded","Leap","Hologram"],"relics":["Cracked Core","Dead Branch","Darkstone Periapt","Regal Pillow","Juzu Bracelet","Golden Idol"],"potions_floor_usage":[1,8,8,10,16],"damage_taken":[{"damage":5,"enemies":"2 Louse","floor":1,"turns":2},{"damage":2,"enemies":"Jaw Worm","floor":2,"turns":4},{"damage":0,"enemies":"Cultist","floor":4,"turns":3},{"damage":0,"enemies":"2 Fungi Beasts","floor":7,"turns":4},{"damage":21,"enemies":"Gremlin Nob","floor":8,"turns":4},{"damage":13,"enemies":"Lagavulin","floor":10,"turns":7},{"damage":8,"enemies":"Blue Slaver","floor":11,"turns":3},{"damage":6,"enemies":"Looter","floor":12,"turns":3},{"damage":35,"enemies":"Hexaghost","floor":16,"turns":10}],"seed_played":"1565739666812453041","potions_obtained":[{"floor":4,"key":"FocusPotion"},{"floor":8,"key":"Fruit Juice"}],"is_trial":false,"path_per_floor":["M","M","?","M","?","R","M","E","T","E","M","M","$","?","R"],"character_chosen":"DEFECT","items_purchased":["Juzu Bracelet"],"campfire_rested":0,"item_purchase_floors":[13],"current_hp_per_floor":[68,66,50,50,50,50,50,36,36,35,34,35,35,35,35,0],"gold":77,"neow_bonus":"THREE_SMALL_POTIONS","is_prod":false,"is_daily":false,"chose_seed":false,"campfire_upgraded":2,"win_rate":0,"timestamp":1532759317,"path_taken":["M","M","?","M","?","R","M","E","T","E","?","M","$","?","R","BOSS"],"build_version":"2018-07-26","purchased_purges":1,"victory":false,"max_hp_per_floor":[80,80,80,80,80,80,80,80,80,85,85,85,85,79,79,79],"card_choices":[{"not_picked":["Rebound","Lockon","Doom and Gloom"],"picked":"SKIP","floor":1},{"not_picked":["Redo","Gash"],"picked":"Consume","floor":2},{"not_picked":["Rebound","Leap"],"picked":"Conserve Battery","floor":4},{"not_picked":["Rebound","Hello World"],"picked":"Self Repair","floor":7},{"not_picked":["Streamline","Stack"],"picked":"Steam","floor":8},{"not_picked":["Genetic Algorithm","Beam Cell"],"picked":"Coolheaded","floor":10},{"not_picked":["Stack","Streamline"],"picked":"Leap","floor":11},{"not_picked":["Leap","Chaos"],"picked":"Hologram","floor":12}],"player_experience":340260,"relics_obtained":[{"floor":8,"key":"Dead Branch"},{"floor":9,"key":"Darkstone Periapt"},{"floor":10,"key":"Regal Pillow"}],"event_choices":[{"event_name":"Shining Light","player_choice":"Entered Light","floor":3,"damage_taken":0},{"event_name":"Golden Wing","player_choice":"Ignored","floor":5,"damage_taken":0},{"event_name":"Golden Idol","player_choice":"Lose Max HP","floor":14,"damage_taken":0}],"is_beta":true,"boss_relics":[],"items_purged_floors":[13],"is_endless":false,"potions_floor_spawned":[4,8],"killed_by":"Hexaghost","ascension_level":6}