{"gold_per_floor":[118,98,111,54,54,54,89,101,101,132,132,132,157,174,174,174],"floor_reached":16,"playtime":452,"items_purged":[],"score":266,"play_id":"05555e7c-ecc9-4a7d-9e1c-9244c40239b3","local_time":"20190131171955","is_ascension_mode":true,"campfire_choices":[{"data":"Neutralize","floor":6,"key":"SMITH"},{"data":"Outmaneuver","floor":11,"key":"SMITH"},{"data":"Adrenaline","floor":15,"key":"SMITH"}],"neow_cost":"NONE","seed_source_timestamp":5409932426304595,"circlet_count":0,"master_deck":["AscendersBane","Defend_G","Defend_G","Defend_G","Defend_G","Defend_G","Strike_G","Strike_G","Strike_G+1","Strike_G+1","Strike_G","Survivor","Neutralize+1","Dodge and Roll","Masterful Stab","Cloak And Dagger","Adrenaline+1","Deflect","Outmaneuver+1","PiercingWail","Blur"],"relics":["Ring of the Snake","NeowsBlessing","Unceasing Top","Paper Crane","Bag of Preparation","Odd Mushroom"],"potions_floor_usage":[10,10,16],"damage_taken":[{"damage":0,"enemies":"Small Slimes","floor":1,"turns":1},{"damage":0,"enemies":"Cultist","floor":3,"turns":1},{"damage":0,"enemies":"Gremlin Nob","floor":7,"turns":1},{"damage":0,"enemies":"2 Louse","floor":8,"turns":3},{"damage":5,"enemies":"Lagavulin","floor":10,"turns":5},{"damage":5,"enemies":"The Mushroom Lair","floor":13,"turns":4},{"damage":0,"enemies":"Looter","floor":14,"turns":3},{"damage":29,"enemies":"Hexaghost","floor":16,"turns":13}],"seed_played":"1464180715438198055","potions_obtained":[{"floor":1,"key":"SkillPotion"},{"floor":2,"key":"SteroidPotion"},{"floor":8,"key":"Fire Potion"},{"floor":14,"key":"SkillPotion"}],"is_trial":false,"path_per_floor":["M","?","M","$","?","R","E","M","T","E","R","?","?","M","R","B"],"character_chosen":"THE_SILENT","items_purchased":["Cloak And Dagger"],"campfire_rested":0,"item_purchase_floors":[4],"current_hp_per_floor":[59,59,59,59,39,39,39,39,39,34,34,34,29,29,29,0],"gold":174,"neow_bonus":"THREE_ENEMY_KILL","is_prod":false,"is_daily":false,"chose_seed":false,"campfire_upgraded":3,"win_rate":0,"timestamp":1548973195,"path_taken":["M","?","?","$","?","R","E","M","T","E","R","?","?","M","R","BOSS"],"build_version":"2019-01-23","purchased_purges":0,"victory":false,"max_hp_per_floor":[66,66,66,66,66,66,66,66,66,66,66,66,66,66,66,66],"card_choices":[{"not_picked":["Tactician","Endless Agony"],"picked":"Dodge and Roll","floor":1},{"not_picked":["Prepared","Flying Knee"],"picked":"Masterful Stab","floor":3},{"not_picked":["Infinite Blades","Backstab"],"picked":"Adrenaline","floor":7},{"not_picked":["Dodge and Roll","Escape Plan"],"picked":"Deflect","floor":8},{"not_picked":["Deadly Poison","Distraction"],"picked":"Outmaneuver","floor":10},{"not_picked":["Acrobatics","Blur"],"picked":"PiercingWail","floor":13},{"not_picked":["Predator","Quick Slash"],"picked":"Blur","floor":14}],"player_experience":704222,"relics_obtained":[{"floor":7,"key":"Unceasing Top"},{"floor":9,"key":"Paper Crane"},{"floor":10,"key":"Bag of Preparation"},{"floor":13,"key":"Odd Mushroom"}],"event_choices":[{"damage_healed":0,"gold_gain":0,"player_choice":"Bought 1 Potion","damage_taken":0,"max_hp_gain":0,"max_hp_loss":0,"event_name":"The Woman in Blue","floor":2,"gold_loss":0},{"damage_healed":0,"gold_gain":0,"player_choice":"Entered Light","damage_taken":20,"max_hp_gain":0,"max_hp_loss":0,"event_name":"Shining Light","floor":5,"gold_loss":0,"cards_upgraded":["Strike_G","Strike_G"]},{"damage_healed":0,"gold_gain":0,"player_choice":"Ignored","damage_taken":0,"max_hp_gain":0,"max_hp_loss":0,"event_name":"Liars Game","floor":12,"gold_loss":0},{"damage_healed":0,"gold_gain":0,"player_choice":"Fought Mushrooms","damage_taken":0,"max_hp_gain":0,"max_hp_loss":0,"event_name":"Mushrooms","floor":13,"gold_loss":0}],"is_beta":true,"boss_relics":[],"items_purged_floors":[],"is_endless":false,"potions_floor_spawned":[1,8,14],"killed_by":"Hexaghost","ascension_level":20}