{"gold_per_floor":[114,129,54,54,69,69,99,114,139,154,169,169,184,135,135,235,235,250,350,365,365,15,15,30,45,45,45,75,75,90,105,105,205,205,220,52,152,27,27,27,42,57,107,119,161,188,200,227,239,251],"floor_reached":51,"playtime":2328,"items_purged":["Flex","Pain","Pain"],"score":701,"play_id":"ace809ce-b2a3-491b-8f3d-4f452ffe7886","local_time":"20190421104704","daily_mods":["Draft","Green Cards","DeadlyEvents"],"is_ascension_mode":false,"campfire_choices":[{"data":"Bouncing Flask","floor":6,"key":"SMITH"},{"data":"Dodge and Roll","floor":12,"key":"SMITH"},{"data":"Dodge and Roll","floor":15,"key":"SMITH"},{"floor":23,"key":"REST"},{"data":"Distraction","floor":27,"key":"SMITH"},{"data":"Footwork","floor":29,"key":"SMITH"},{"data":"Glass Knife","floor":32,"key":"SMITH"},{"data":"Armaments","floor":40,"key":"SMITH"},{"data":"Metallicize","floor":44,"key":"SMITH"},{"floor":47,"key":"REST"},{"floor":49,"key":"REST"}],"neow_cost":"","seed_source_timestamp":0,"circlet_count":0,"master_deck":["Bouncing Flask+1","Escape Plan","Deadly Poison","Dodge and Roll+1","Bane","Deflect","Dagger Spray","Poisoned Stab","Deadly Poison","Prepared","Twin Strike","Backstab","Dodge and Roll+1","Crippling Poison","Deadly Poison","Cloak And Dagger","Backstab","Glass Knife+1","Distraction+1","Footwork+1","Adrenaline","Pain","Armaments+1","Metallicize+1","Rampage+1"],"special_seed":18007,"relics":["Burning Blood","Bag of Marbles","Bronze Scales","Ice Cream","Letter Opener","MutagenicStrength","Orichalcum","Medical Kit","Blue Candle","Matryoshka","Calling Bell","Blood Vial","Question Card","Ginger","Gambling Chip","Lantern","MawBank","Ornamental Fan"],"potions_floor_usage":[7,19,33,37,50],"damage_taken":[{"damage":0,"enemies":"Cultist","floor":1,"turns":2},{"damage":0,"enemies":"2 Louse","floor":2,"turns":1},{"damage":0,"enemies":"Small Slimes","floor":5,"turns":2},{"damage":4,"enemies":"Lagavulin","floor":7,"turns":4},{"damage":5,"enemies":"Exordium Thugs","floor":8,"turns":3},{"damage":0,"enemies":"2 Fungi Beasts","floor":10,"turns":2},{"damage":0,"enemies":"3 Louse","floor":11,"turns":1},{"damage":3,"enemies":"Lots of Slimes","floor":13,"turns":3},{"damage":34,"enemies":"Slime Boss","floor":16,"turns":11},{"damage":4,"enemies":"Spheric Guardian","floor":18,"turns":3},{"damage":7,"enemies":"Colosseum Slavers","floor":19,"turns":3},{"damage":27,"enemies":"Colosseum Nobs","floor":19,"turns":4},{"damage":12,"enemies":"Shell Parasite","floor":20,"turns":2},{"damage":12,"enemies":"Shelled Parasite and Fungi","floor":24,"turns":2},{"damage":0,"enemies":"Snake Plant","floor":25,"turns":2},{"damage":15,"enemies":"Slavers","floor":28,"turns":4},{"damage":0,"enemies":"Snecko","floor":30,"turns":3},{"damage":0,"enemies":"Shelled Parasite and Fungi","floor":31,"turns":4},{"damage":54,"enemies":"Collector","floor":33,"turns":9},{"damage":7,"enemies":"3 Shapes","floor":35,"turns":2},{"damage":17,"enemies":"Mind Bloom Boss Battle","floor":37,"turns":6},{"damage":1,"enemies":"Orb Walker","floor":41,"turns":3},{"damage":14,"enemies":"Sphere and 2 Shapes","floor":42,"turns":3},{"damage":32,"enemies":"Nemesis","floor":45,"turns":5},{"damage":7,"enemies":"4 Shapes","floor":46,"turns":3},{"damage":21,"enemies":"Jaw Worm Horde","floor":48,"turns":4},{"damage":90,"enemies":"Time Eater","floor":50,"turns":10}],"seed_played":"5562409950653752880","potions_obtained":[{"floor":1,"key":"Explosive Potion"},{"floor":2,"key":"PowerPotion"},{"floor":4,"key":"FairyPotion"},{"floor":8,"key":"SneckoOil"},{"floor":10,"key":"Ancient Potion"},{"floor":19,"key":"SkillPotion"},{"floor":33,"key":"Swift Potion"},{"floor":37,"key":"SpeedPotion"}],"is_trial":false,"path_per_floor":["M","M","$","?","M","R","E","M","T","M","M","R","M","?","R","B",null,"M","?","M","?","$","R","M","M","T","R","E","R","M","M","R","B",null,"M","$","?","$","?","R","M","M","T","R","E","M","R","M","R","B",null],"character_chosen":"IRONCLAD","items_purchased":["Orichalcum","Medical Kit","Metallicize"],"campfire_rested":3,"item_purchase_floors":[22,22,36],"current_hp_per_floor":[80,80,80,80,80,80,80,80,80,80,80,80,80,80,80,52,80,80,58,52,52,52,76,70,76,76,76,67,67,73,79,79,31,80,79,79,69,69,69,69,76,70,70,70,46,47,71,58,80,14],"gold":263,"neow_bonus":"","is_prod":false,"is_daily":true,"chose_seed":false,"campfire_upgraded":8,"win_rate":0,"timestamp":1555858024,"path_taken":["M","M","?","?","M","R","?","M","T","M","M","R","M","?","R","BOSS","M","?","M","?","?","R","M","M","T","R","?","R","M","M","R","BOSS","M","$","?","$","?","R","M","M","T","R","?","?","R","M","R","BOSS"],"build_version":"2019-01-23","purchased_purges":3,"victory":true,"max_hp_per_floor":[80,80,80,80,80,80,80,80,80,80,80,80,80,80,80,80,80,80,80,80,80,80,80,80,80,80,80,80,80,80,80,80,80,80,80,80,80,80,80,80,80,80,80,80,80,80,80,80,80,80],"card_choices":[{"not_picked":["Escape Plan","Havoc"],"picked":"Bouncing Flask","floor":0},{"not_picked":["Deflect","Clash"],"picked":"Escape Plan","floor":0},{"not_picked":["Terror","Blade Dance"],"picked":"Deadly Poison","floor":0},{"not_picked":["Quick Slash","Intimidate"],"picked":"Dodge and Roll","floor":0},{"not_picked":["Eviscerate","Outmaneuver"],"picked":"Bane","floor":0},{"not_picked":["Outmaneuver","Cleave"],"picked":"Deflect","floor":0},{"not_picked":["Clash","Whirlwind"],"picked":"Dagger Spray","floor":0},{"not_picked":["Sword Boomerang","Combust"],"picked":"Poisoned Stab","floor":0},{"not_picked":["Choke","Calculated Gamble"],"picked":"Deadly Poison","floor":0},{"not_picked":["Battle Trance","Warcry"],"picked":"Iron Wave","floor":0},{"not_picked":["Spot Weakness","Power Through"],"picked":"Flex","floor":0},{"not_picked":["Flying Knee","Slice"],"picked":"Prepared","floor":0},{"not_picked":["Finisher","Riddle With Holes"],"picked":"Twin Strike","floor":0},{"not_picked":["Burning Pact","Poisoned Stab"],"picked":"Backstab","floor":0},{"not_picked":["Dagger Spray","Backflip"],"picked":"Dodge and Roll","floor":0},{"not_picked":["Finisher","Entrench"],"picked":"Crippling Poison","floor":1},{"not_picked":["Rage","Rampage"],"picked":"Deadly Poison","floor":2},{"not_picked":["Crippling Poison","Dropkick"],"picked":"Cloak And Dagger","floor":5},{"not_picked":["Feel No Pain","Disarm","Sucker Punch"],"picked":"SKIP","floor":7},{"not_picked":["Havoc","Accuracy"],"picked":"Backstab","floor":8},{"not_picked":["Flying Knee","Dagger Spray","Skewer"],"picked":"SKIP","floor":10},{"not_picked":["Power Through","Predator","Acrobatics"],"picked":"SKIP","floor":11},{"not_picked":["Backflip","Tactician","Clash"],"picked":"SKIP","floor":13},{"not_picked":["Exhume","Grand Finale"],"picked":"Glass Knife","floor":16},{"not_picked":["Slice+1","Sucker Punch","Dagger Spray"],"picked":"SKIP","floor":18},{"not_picked":["Shrug It Off","Cleave+1","Heavy Blade+1"],"picked":"SKIP","floor":20},{"not_picked":["Crippling Poison","Warcry+1","Dodge and Roll"],"picked":"SKIP","floor":24},{"not_picked":["Blade Dance","Deadly Poison+1"],"picked":"Distraction","floor":25},{"not_picked":["Evolve","Bludgeon"],"picked":"Footwork","floor":28},{"not_picked":["Dual Wield+1","Accuracy","True Grit+1"],"picked":"SKIP","floor":30},{"not_picked":["Flying Knee","Clothesline","Deflect"],"picked":"SKIP","floor":31},{"not_picked":["Limit Break","Burst"],"picked":"Adrenaline","floor":33},{"not_picked":["Quick Slash","Hemokinesis","Entrench"],"picked":"Armaments","floor":35},{"not_picked":["Heavy Blade","Terror","Dagger Throw"],"picked":"Rampage+1","floor":41},{"not_picked":["Wild Strike+1","Terror","Acrobatics+1","Dagger Spray"],"picked":"SKIP","floor":42},{"not_picked":["Brutality","Flying Knee","Dagger Throw+1","Dark Embrace"],"picked":"SKIP","floor":45},{"not_picked":["Masterful Stab","Pummel","Headbutt","Infernal Blade+1"],"picked":"SKIP","floor":46},{"not_picked":["Underhanded Strike","Searing Blow+1","Uppercut","Havoc"],"picked":"SKIP","floor":48}],"player_experience":179018,"relics_obtained":[{"floor":7,"key":"Bag of Marbles"},{"floor":9,"key":"Bronze Scales"},{"floor":19,"key":"Ice Cream"},{"floor":19,"key":"Letter Opener"},{"floor":26,"key":"Blue Candle"},{"floor":28,"key":"Matryoshka"},{"floor":34,"key":"Blood Vial"},{"floor":34,"key":"Question Card"},{"floor":34,"key":"Ginger"},{"floor":37,"key":"Gambling Chip"},{"floor":43,"key":"Lantern"},{"floor":43,"key":"MawBank"},{"floor":45,"key":"Ornamental Fan"}],"event_choices":[{"damage_healed":0,"gold_gain":0,"player_choice":"Got Potions","damage_taken":0,"max_hp_gain":0,"max_hp_loss":0,"event_name":"Lab","floor":4,"gold_loss":0},{"damage_healed":0,"gold_gain":0,"player_choice":"Left Gold","damage_taken":0,"max_hp_gain":0,"max_hp_loss":0,"event_name":"World of Goop","floor":14,"gold_loss":49},{"damage_healed":0,"gold_gain":0,"player_choice":"Fight","damage_taken":0,"max_hp_gain":0,"max_hp_loss":0,"event_name":"Colosseum","floor":19,"gold_loss":0},{"damage_healed":0,"gold_gain":0,"player_choice":"Fought Nobs","damage_taken":0,"max_hp_gain":0,"max_hp_loss":0,"event_name":"Colosseum","floor":19,"gold_loss":0},{"damage_healed":0,"gold_gain":0,"player_choice":"Inject Mutagens","damage_taken":0,"relics_obtained":["MutagenicStrength"],"max_hp_gain":0,"max_hp_loss":0,"event_name":"Drug Dealer","floor":21,"gold_loss":0},{"damage_healed":0,"gold_gain":0,"player_choice":"Fight","damage_taken":0,"max_hp_gain":0,"max_hp_loss":0,"event_name":"MindBloom","floor":37,"gold_loss":0},{"cards_removed":["Iron Wave"],"damage_healed":0,"gold_gain":0,"player_choice":"Removed Attack","damage_taken":0,"max_hp_gain":0,"max_hp_loss":0,"event_name":"Falling","floor":39,"gold_loss":0}],"is_beta":false,"boss_relics":[{"not_picked":["Runic Dome","Astrolabe","Snecko Eye"]},{"not_picked":["Black Star","Lizard Tail"],"picked":"Calling Bell"}],"items_purged_floors":[3,36,38],"is_endless":false,"potions_floor_spawned":[1,2,5,8,10,13,18,19,20,24,28,33,37,45,46],"ascension_level":0}