{"gold_per_floor":[111,61,81,95,195,195,224,238,286,316,326,356,317,387,387,487,487,462,387,407,419,29,29],"floor_reached":23,"playtime":2486,"items_purged":[],"score":222,"play_id":"ed2e5c79-c04d-4ebe-8cca-e8a938dda37b","local_time":"20190203194821","is_ascension_mode":true,"campfire_choices":[{"data":"True Grit","floor":6,"key":"SMITH"},{"data":"Havoc","floor":15,"key":"SMITH"}],"neow_cost":"NONE","seed_source_timestamp":64164752759061,"circlet_count":0,"master_deck":["Strike_R","Strike_R","Strike_R","Defend_R","Defend_R","Defend_R","Defend_R","Bash","Dark Embrace","Heavy Blade","Iron Wave","True Grit+1","Limit Break","Feel No Pain","Demon Form","Clothesline","Havoc+1","Fiend Fire","Intimidate","Sword Boomerang","Sword Boomerang","Metallicize","Transmutation"],"relics":["Burning Blood","Matryoshka","Anchor","Strawberry","Nunchaku","Regal Pillow","Paper Frog","Cursed Key","PreservedInsect"],"potions_floor_usage":[7,10,16,16,21,23],"damage_taken":[{"damage":6,"enemies":"Cultist","floor":1,"turns":5},{"damage":1,"enemies":"2 Louse","floor":3,"turns":3},{"damage":2,"enemies":"Small Slimes","floor":4,"turns":4},{"damage":52,"enemies":"Lagavulin","floor":7,"turns":13},{"damage":5,"enemies":"Blue Slaver","floor":8,"turns":5},{"damage":29,"enemies":"3 Sentries","floor":10,"turns":11},{"damage":10,"enemies":"Looter","floor":11,"turns":4},{"damage":11,"enemies":"Lagavulin","floor":12,"turns":7},{"damage":3,"enemies":"Slime Boss","floor":16,"turns":7},{"damage":37,"enemies":"2 Thieves","floor":18,"turns":5},{"damage":0,"enemies":"Chosen","floor":20,"turns":3},{"damage":29,"enemies":"Sentry and Sphere","floor":21,"turns":6},{"damage":41,"enemies":"Slavers","floor":23,"turns":3}],"seed_played":"1830092756491195033","potions_obtained":[{"floor":3,"key":"BloodPotion"},{"floor":4,"key":"Dexterity Potion"},{"floor":8,"key":"Energy Potion"},{"floor":12,"key":"Energy Potion"},{"floor":20,"key":"AttackPotion"},{"floor":21,"key":"Swift Potion"}],"is_trial":false,"path_per_floor":["M","?","M","M","?","R","E","M","T","E","M","E","?","T","R","B",null,"M","?","M","M","$","E"],"character_chosen":"IRONCLAD","items_purchased":["PreservedInsect","Metallicize","Transmutation"],"campfire_rested":0,"item_purchase_floors":[22,22,22],"current_hp_per_floor":[80,80,80,80,80,80,34,35,35,27,23,18,18,18,18,21,87,56,56,62,39,39,0],"gold":29,"neow_bonus":"ONE_RANDOM_RARE_CARD","is_prod":false,"is_daily":false,"chose_seed":false,"campfire_upgraded":2,"win_rate":0,"timestamp":1549241301,"path_taken":["M","?","M","M","?","R","E","M","T","E","?","E","?","?","R","BOSS","M","?","M","M","$","E"],"build_version":"2019-01-23","purchased_purges":0,"victory":false,"max_hp_per_floor":[80,80,80,80,80,80,80,80,80,87,87,87,87,87,87,87,87,87,87,87,87,87,87],"card_choices":[{"not_picked":["Thunderclap","Iron Wave"],"picked":"Heavy Blade","floor":1},{"not_picked":["Clash","Body Slam"],"picked":"Iron Wave","floor":3},{"not_picked":["Pommel Strike","Clash"],"picked":"True Grit","floor":4},{"not_picked":["Body Slam","Battle Trance"],"picked":"Limit Break","floor":7},{"not_picked":["Sword Boomerang","Reckless Charge"],"picked":"Feel No Pain","floor":8},{"not_picked":["Armaments","Iron Wave"],"picked":"Demon Form","floor":10},{"not_picked":["Armaments","Perfected Strike"],"picked":"Clothesline","floor":11},{"not_picked":["Uppercut","Combust"],"picked":"Havoc","floor":12},{"not_picked":["Impervious","Barricade"],"picked":"Fiend Fire","floor":16},{"not_picked":["Anger","Shrug It Off"],"picked":"Intimidate","floor":18},{"not_picked":["Fire Breathing","Evolve"],"picked":"Sword Boomerang","floor":20},{"not_picked":["Intimidate","Perfected Strike+1"],"picked":"Sword Boomerang","floor":21}],"player_experience":80163,"relics_obtained":[{"floor":7,"key":"Matryoshka"},{"floor":9,"key":"Anchor"},{"floor":10,"key":"Strawberry"},{"floor":12,"key":"Nunchaku"},{"floor":14,"key":"Regal Pillow"},{"floor":14,"key":"Paper Frog"}],"event_choices":[{"cards_removed":["Strike_R"],"damage_healed":0,"gold_gain":0,"player_choice":"Card Removal","damage_taken":0,"max_hp_gain":0,"max_hp_loss":0,"event_name":"The Cleric","floor":2,"gold_loss":50},{"damage_healed":0,"gold_gain":100,"player_choice":"Pray","damage_taken":0,"max_hp_gain":0,"max_hp_loss":0,"event_name":"Golden Shrine","floor":5,"gold_loss":0},{"damage_healed":0,"gold_gain":0,"player_choice":"Left Gold","damage_taken":0,"max_hp_gain":0,"max_hp_loss":0,"event_name":"World of Goop","floor":13,"gold_loss":39},{"cards_removed":["Strike_R"],"damage_healed":0,"gold_gain":0,"player_choice":"Gave Gold","damage_taken":0,"max_hp_gain":0,"max_hp_loss":0,"event_name":"Beggar","floor":19,"gold_loss":75}],"is_beta":false,"boss_relics":[{"not_picked":["Runic Dome","Black Blood"],"picked":"Cursed Key"}],"items_purged_floors":[],"is_endless":false,"potions_floor_spawned":[3,4,8,12,20,21],"killed_by":"Slavers","ascension_level":1}