{"gold_per_floor":[112,112,126,201,201,201,166,166,190,40,66,81,35,53,53,53],"floor_reached":16,"playtime":553,"items_purged":[],"score":98,"play_id":"9f8eafda-da5d-4f75-b92f-786d1f166718","local_time":"20190127141813","is_ascension_mode":false,"campfire_choices":[{"floor":6,"key":"REST"},{"data":"Zap","floor":8,"key":"SMITH"},{"floor":15,"key":"REST"}],"neow_cost":"NONE","seed_source_timestamp":335268558251108,"circlet_count":0,"master_deck":["Strike_B","Strike_B","Strike_B","Strike_B","Defend_B+1","Defend_B","Defend_B","Defend_B","Zap+1","Dualcast+1","Defragment","Coolheaded","Coolheaded"],"relics":["Cracked Core","Strawberry","Smiling Mask","Omamori","Lantern"],"potions_floor_usage":[11,16,16],"damage_taken":[{"damage":5,"enemies":"Jaw Worm","floor":1,"turns":4},{"damage":2,"enemies":"Small Slimes","floor":3,"turns":3},{"damage":23,"enemies":"Gremlin Nob","floor":11,"turns":4},{"damage":0,"enemies":"2 Louse","floor":12,"turns":2},{"damage":10,"enemies":"Exordium Thugs","floor":14,"turns":4},{"damage":73,"enemies":"Slime Boss","floor":16,"turns":19}],"seed_played":"8575081152835282214","potions_obtained":[{"floor":1,"key":"SpeedPotion"},{"floor":3,"key":"Fire Potion"},{"floor":11,"key":"GamblersBrew"}],"is_trial":false,"path_per_floor":["M","?","M","?","?","R","?","R","T","$","E","M","$","M","R","B"],"character_chosen":"DEFECT","items_purchased":["Omamori","Coolheaded"],"campfire_rested":2,"item_purchase_floors":[10,13],"current_hp_per_floor":[77,61,59,48,41,65,82,82,82,82,59,59,59,49,73,0],"gold":53,"neow_bonus":"RANDOM_COMMON_RELIC","is_prod":false,"is_daily":false,"chose_seed":false,"campfire_upgraded":1,"win_rate":0,"timestamp":1548616693,"path_taken":["M","?","M","?","?","R","?","R","T","$","E","?","?","M","R","BOSS"],"build_version":"2019-01-23","purchased_purges":0,"victory":false,"max_hp_per_floor":[82,82,82,82,82,82,82,82,82,82,82,82,82,82,82,82],"card_choices":[{"not_picked":["Force Field","Coolheaded"],"picked":"Defragment","floor":1},{"not_picked":["Rebound","Hologram","Genetic Algorithm"],"picked":"SKIP","floor":3},{"not_picked":["Darkness","Barrage","Cold Snap"],"picked":"SKIP","floor":11},{"not_picked":["Fusion","Chaos"],"picked":"Coolheaded","floor":12},{"not_picked":["Rebound","Sweeping Beam","Go for the Eyes"],"picked":"SKIP","floor":14}],"player_experience":167919,"relics_obtained":[{"floor":11,"key":"Lantern"}],"event_choices":[{"damage_healed":0,"gold_gain":0,"player_choice":"Entered Light","damage_taken":16,"max_hp_gain":0,"max_hp_loss":0,"event_name":"Shining Light","floor":2,"gold_loss":0,"cards_upgraded":["Defend_B","Dualcast"]},{"damage_healed":0,"gold_gain":75,"player_choice":"Gather Gold","damage_taken":11,"max_hp_gain":0,"max_hp_loss":0,"event_name":"World of Goop","floor":4,"gold_loss":0},{"damage_healed":0,"gold_gain":0,"player_choice":"Success","damage_taken":7,"relics_obtained":["Smiling Mask"],"max_hp_gain":0,"max_hp_loss":0,"event_name":"Scrap Ooze","floor":5,"gold_loss":0},{"damage_healed":20,"gold_gain":0,"player_choice":"Healed","damage_taken":0,"max_hp_gain":0,"max_hp_loss":0,"event_name":"The Cleric","floor":7,"gold_loss":35}],"is_beta":false,"boss_relics":[],"items_purged_floors":[],"is_endless":false,"potions_floor_spawned":[1,3,11],"killed_by":"Slime Boss","ascension_level":0}