{"gold_per_floor":[360,378,338,513,256,286,60,60,60,78,89,89,120,139,139,238,238,256,271,290,309,33,61,61,80,80,80,91,121,121,135,135,235,235,254,306,306,306,306,306,340,69,69,102,112,112,130,153,153,153],"floor_reached":51,"playtime":3319,"items_purged":["Doubt","Strike_R","Strike_R"],"score":905,"play_id":"9534fb29-fda7-4adb-8ba2-6facfbc9c47a","local_time":"20190421022739","is_ascension_mode":false,"campfire_choices":[{"data":"Uppercut","floor":8,"key":"SMITH"},{"data":"Flex","floor":15,"key":"SMITH"},{"data":"Panacea","floor":24,"key":"SMITH"},{"data":"Shockwave","floor":27,"key":"SMITH"},{"data":"Clothesline","floor":30,"key":"SMITH"},{"data":"Armaments","floor":32,"key":"SMITH"},{"data":"Bash","floor":40,"key":"SMITH"},{"data":"Inflame","floor":49,"key":"SMITH"}],"neow_cost":"TEN_PERCENT_HP_LOSS","seed_source_timestamp":745090657318400,"circlet_count":0,"master_deck":["Strike_R","Strike_R","Strike_R","Defend_R","Defend_R+1","Defend_R+1","Defend_R","Bash+1","Clothesline+1","Shrug It Off","Metallicize","Panacea+1","Uppercut+1","Shrug It Off","Anger","Shrug It Off","Spot Weakness","Headbutt","Flex+1","Shockwave+1","Feed","Corruption","Inflame+1","Inflame","Feel No Pain+1","Armaments+1","Feed","Inflame+1","Dark Embrace","Spot Weakness","Barricade","Seeing Red","Headbutt","Headbutt","Shrug It Off+1","Warcry+1","Body Slam+1","Seeing Red+1","Secret Technique+1","Magnetism","Dark Shackles+1","Uppercut+1"],"relics":["Burning Blood","Blood Vial","Pen Nib","Bottled Flame","Ancient Tea Set","Ginger","Snecko Eye","Vajra","Potion Belt","Omamori","Kunai","Mark of Pain","Nunchaku","Toxic Egg 2","Darkstone Periapt","Oddly Smooth Stone","Bag of Preparation","War Paint"],"potions_floor_usage":[6,7,13,33,33,36,50,50],"damage_taken":[{"damage":6,"enemies":"Jaw Worm","floor":1,"turns":5},{"damage":4,"enemies":"2 Louse","floor":2,"turns":3},{"damage":12,"enemies":"3 Sentries","floor":6,"turns":7},{"damage":0,"enemies":"Small Slimes","floor":10,"turns":3},{"damage":5,"enemies":"3 Louse","floor":11,"turns":3},{"damage":15,"enemies":"Lagavulin","floor":13,"turns":5},{"damage":0,"enemies":"Looter","floor":14,"turns":2},{"damage":28,"enemies":"Hexaghost","floor":16,"turns":10},{"damage":1,"enemies":"3 Byrds","floor":18,"turns":6},{"damage":10,"enemies":"2 Thieves","floor":19,"turns":5},{"damage":4,"enemies":"Centurion and Healer","floor":20,"turns":5},{"damage":11,"enemies":"Snake Plant","floor":21,"turns":5},{"damage":13,"enemies":"Slavers","floor":23,"turns":5},{"damage":3,"enemies":"Snecko","floor":25,"turns":4},{"damage":30,"enemies":"Sentry and Sphere","floor":28,"turns":4},{"damage":25,"enemies":"Gremlin Leader","floor":29,"turns":8},{"damage":7,"enemies":"Shelled Parasite and Fungi","floor":31,"turns":2},{"damage":1,"enemies":"Automaton","floor":33,"turns":7},{"damage":3,"enemies":"Orb Walker","floor":35,"turns":2},{"damage":32,"enemies":"2 Orb Walkers","floor":36,"turns":5},{"damage":25,"enemies":"Nemesis","floor":41,"turns":5},{"damage":0,"enemies":"Giant Head","floor":44,"turns":6},{"damage":0,"enemies":"3 Shapes","floor":45,"turns":2},{"damage":0,"enemies":"Transient","floor":47,"turns":5},{"damage":22,"enemies":"Donu and Deca","floor":50,"turns":6}],"seed_played":"-839688160696820875","potions_obtained":[{"floor":2,"key":"SteroidPotion"},{"floor":6,"key":"Fruit Juice"},{"floor":14,"key":"SteroidPotion"},{"floor":16,"key":"FearPotion"},{"floor":18,"key":"SteroidPotion"},{"floor":29,"key":"SkillPotion"},{"floor":31,"key":"LiquidBronze"},{"floor":35,"key":"Energy Potion"},{"floor":44,"key":"SpeedPotion"}],"is_trial":false,"path_per_floor":["M","M","$","?","$","E","$","R","T","M","M","?","E","M","R","B",null,"M","M","M","M","$","E","R","M","T","R","M","E","R","M","R","B",null,"M","?","T","?","?","R","E","$","T","E","M","?","M","T","R","B",null],"character_chosen":"IRONCLAD","items_purchased":["Metallicize","Panacea","SteroidPotion","Uppercut","Anger","Shrug It Off","Pen Nib","Armaments","Vajra","Shrug It Off+1","EssenceOfSteel","Warcry+1"],"campfire_rested":0,"item_purchase_floors":[3,5,5,5,7,7,7,22,22,42,42,42],"current_hp_per_floor":[72,72,72,72,72,66,71,71,71,77,77,65,58,66,66,46,77,80,79,86,84,84,82,82,91,91,91,72,55,55,59,59,69,105,108,85,85,85,85,85,68,68,68,79,93,83,91,91,91,81],"gold":153,"neow_bonus":"TWO_FIFTY_GOLD","is_prod":false,"is_daily":false,"chose_seed":false,"campfire_upgraded":8,"win_rate":1,"timestamp":1555838859,"path_taken":["M","M","$","?","$","E","$","R","T","M","M","?","E","M","R","BOSS","M","M","M","M","$","E","R","M","T","R","M","E","R","M","R","BOSS","M","?","?","?","?","R","E","?","T","E","?","?","M","?","R","BOSS"],"build_version":"2019-01-23","purchased_purges":3,"victory":true,"max_hp_per_floor":[72,72,72,72,72,72,77,77,77,77,77,77,77,77,77,77,77,80,83,86,89,89,92,92,96,96,96,99,99,99,102,102,105,105,108,111,111,111,111,111,111,111,111,114,120,120,120,120,120,124],"card_choices":[{"not_picked":["Rupture","Armaments"],"picked":"Clothesline","floor":1},{"not_picked":["Clothesline","Flex"],"picked":"Shrug It Off","floor":2},{"not_picked":["Fire Breathing","Ghostly Armor"],"picked":"Shrug It Off","floor":6},{"not_picked":["Flex","Sentinel"],"picked":"Spot Weakness","floor":10},{"not_picked":["Twin Strike","Perfected Strike"],"picked":"Headbutt","floor":11},{"not_picked":["Armaments","Reaper"],"picked":"Flex","floor":13},{"not_picked":["Anger","Havoc"],"picked":"Shockwave","floor":14},{"not_picked":["Demon Form","Juggernaut"],"picked":"Feed","floor":16},{"not_picked":["Bloodletting","Pommel Strike"],"picked":"Corruption","floor":18},{"not_picked":["Anger","True Grit"],"picked":"Inflame","floor":19},{"not_picked":["Iron Wave","Pommel Strike"],"picked":"Inflame","floor":20},{"not_picked":["Cleave","Thunderclap"],"picked":"Feel No Pain+1","floor":21},{"not_picked":["Sword Boomerang","Whirlwind"],"picked":"Feed","floor":23},{"not_picked":["Iron Wave","Pummel+1"],"picked":"Inflame+1","floor":25},{"not_picked":["Heavy Blade","Uppercut"],"picked":"Headbutt","floor":28},{"not_picked":["Sever Soul","Warcry+1"],"picked":"Dark Embrace","floor":29},{"not_picked":["Pommel Strike","Sword Boomerang+1"],"picked":"Spot Weakness","floor":31},{"not_picked":["Dark Embrace","Juggernaut"],"picked":"Barricade","floor":33},{"not_picked":["Perfected Strike+1","Dual Wield+1"],"picked":"Seeing Red","floor":35},{"not_picked":["Wild Strike+1","Twin Strike+1"],"picked":"Headbutt","floor":36},{"not_picked":["Dropkick","Uppercut+1"],"picked":"Headbutt","floor":41},{"not_picked":["Flex+1","Pommel Strike"],"picked":"Body Slam+1","floor":44},{"not_picked":["Whirlwind","Entrench+1"],"picked":"Seeing Red+1","floor":45},{"not_picked":["The Bomb+1","Madness+1"],"picked":"Secret Technique+1","floor":46},{"not_picked":["Chrysalis+1","Mind Blast"],"picked":"Magnetism","floor":46},{"not_picked":["Magnetism","Enlightenment+1"],"picked":"Dark Shackles+1","floor":46},{"not_picked":["Wild Strike","True Grit+1"],"picked":"Uppercut+1","floor":47}],"player_experience":472058,"relics_obtained":[{"floor":6,"key":"Blood Vial"},{"floor":9,"key":"Bottled Flame"},{"floor":13,"key":"Ginger"},{"floor":23,"key":"Potion Belt"},{"floor":26,"key":"Omamori"},{"floor":29,"key":"Kunai"},{"floor":36,"key":"Nunchaku"},{"floor":37,"key":"Toxic Egg 2"},{"floor":41,"key":"Darkstone Periapt"},{"floor":43,"key":"Oddly Smooth Stone"},{"floor":44,"key":"Bag of Preparation"},{"floor":48,"key":"War Paint"}],"event_choices":[{"damage_healed":0,"gold_gain":175,"player_choice":"AGREE","damage_taken":0,"max_hp_gain":0,"max_hp_loss":0,"event_name":"Liars Game","floor":4,"gold_loss":0,"cards_obtained":["Doubt"]},{"damage_healed":0,"gold_gain":0,"player_choice":"Success","damage_taken":12,"relics_obtained":["Ancient Tea Set"],"max_hp_gain":0,"max_hp_loss":0,"event_name":"Scrap Ooze","floor":12,"gold_loss":0},{"damage_healed":0,"gold_gain":0,"player_choice":"Fight","damage_taken":0,"max_hp_gain":0,"max_hp_loss":0,"event_name":"Mysterious Sphere","floor":36,"gold_loss":0},{"cards_removed":["Headbutt"],"damage_healed":0,"gold_gain":0,"player_choice":"Removed Attack","damage_taken":0,"max_hp_gain":0,"max_hp_loss":0,"event_name":"Falling","floor":38,"gold_loss":0},{"damage_healed":0,"gold_gain":0,"player_choice":"Ignored","damage_taken":0,"max_hp_gain":0,"max_hp_loss":0,"event_name":"Tomb of Lord Red Mask","floor":39,"gold_loss":0},{"damage_healed":0,"gold_gain":0,"player_choice":"Memory 3","damage_taken":10,"max_hp_gain":0,"max_hp_loss":0,"event_name":"SensoryStone","floor":46,"gold_loss":0}],"is_beta":false,"boss_relics":[{"not_picked":["Astrolabe","Sozu"],"picked":"Snecko Eye"},{"not_picked":["Runic Dome","Philosopher\u0027s Stone"],"picked":"Mark of Pain"}],"items_purged_floors":[5,22,42],"is_endless":false,"potions_floor_spawned":[2,6,14,16,18,20,29,31,35,44,45,47],"ascension_level":0}