{"gold_per_floor":[365,365,381,49,67,92,155,105,129,161,179,179,179,196,196,296,296,310,27,127,127,2,35,35,35],"floor_reached":25,"playtime":2433,"items_purged":["Defend_R","Defend_R","Strike_R"],"score":238,"play_id":"04927b3b-0e88-4ad9-9e82-02976a9c1ae8","local_time":"20190203023552","is_ascension_mode":true,"campfire_choices":[{"data":"Metallicize","floor":12,"key":"SMITH"},{"data":"Demon Form","floor":15,"key":"SMITH"},{"data":"Metallicize","floor":24,"key":"SMITH"}],"neow_cost":"TEN_PERCENT_HP_LOSS","seed_source_timestamp":2270296024012,"circlet_count":0,"master_deck":["Strike_R","Strike_R","Strike_R","Bash","Metallicize+1","Ghostly Armor","Ghostly Armor","Shrug It Off","Iron Wave","Metallicize+1","Demon Form+1","Limit Break","Pommel Strike","Immolate","Heavy Blade","Metamorphosis","Cleave","Dual Wield+1"],"relics":["Burning Blood","Pen Nib","Matryoshka","Peace Pipe","Orichalcum","Anchor","Bottled Flame","Black Star","Unceasing Top","Bottled Tornado","Girya","Bag of Marbles"],"potions_floor_usage":[6,10,20,20],"damage_taken":[{"damage":0,"enemies":"Small Slimes","floor":1,"turns":3},{"damage":0,"enemies":"2 Louse","floor":3,"turns":4},{"damage":1,"enemies":"Jaw Worm","floor":5,"turns":4},{"damage":16,"enemies":"Gremlin Nob","floor":6,"turns":5},{"damage":20,"enemies":"Gremlin Nob","floor":7,"turns":5},{"damage":21,"enemies":"3 Sentries","floor":10,"turns":14},{"damage":5,"enemies":"Exordium Wildlife","floor":11,"turns":8},{"damage":0,"enemies":"Large Slime","floor":14,"turns":8},{"damage":22,"enemies":"Slime Boss","floor":16,"turns":6},{"damage":14,"enemies":"Shell Parasite","floor":18,"turns":6},{"damage":20,"enemies":"Colosseum Slavers","floor":20,"turns":4},{"damage":12,"enemies":"Colosseum Nobs","floor":20,"turns":5},{"damage":17,"enemies":"Book of Stabbing","floor":23,"turns":5},{"damage":42,"enemies":"Slavers","floor":25,"turns":5}],"seed_played":"3950298597628062892","potions_obtained":[{"floor":3,"key":"SteroidPotion"},{"floor":7,"key":"SneckoOil"},{"floor":10,"key":"BloodPotion"},{"floor":16,"key":"Block Potion"}],"is_trial":false,"path_per_floor":["M","?","M","$","M","E","?","?","T","E","M","R","?","M","R","B",null,"M","$","?","?","$","E","R","E"],"character_chosen":"IRONCLAD","items_purchased":["Matryoshka","Metamorphosis"],"campfire_rested":0,"item_purchase_floors":[4,19],"current_hp_per_floor":[72,60,66,66,71,61,47,47,47,32,33,33,33,39,39,23,72,64,64,51,51,51,40,40,0],"gold":35,"neow_bonus":"TWO_FIFTY_GOLD","is_prod":false,"is_daily":false,"chose_seed":false,"campfire_upgraded":3,"win_rate":0,"timestamp":1549179352,"path_taken":["M","?","M","$","M","E","?","?","T","E","M","R","?","M","R","BOSS","M","$","?","?","?","E","R","E"],"build_version":"2019-01-23","purchased_purges":3,"victory":false,"max_hp_per_floor":[72,72,72,72,72,72,72,72,72,72,72,72,72,72,72,72,72,72,72,72,72,72,72,72,72],"card_choices":[{"not_picked":["Headbutt","Rupture"],"picked":"Metallicize","floor":1},{"not_picked":["Clothesline","Infernal Blade"],"picked":"Ghostly Armor","floor":3},{"not_picked":["Combust","Heavy Blade"],"picked":"Ghostly Armor","floor":5},{"not_picked":["Rupture","Warcry"],"picked":"Shrug It Off","floor":6},{"not_picked":["Twin Strike","Clothesline"],"picked":"Iron Wave","floor":7},{"not_picked":["Second Wind","Pommel Strike"],"picked":"Metallicize","floor":10},{"not_picked":["Anger","Clothesline"],"picked":"Demon Form","floor":11},{"not_picked":["Wild Strike","Rage"],"picked":"Pommel Strike","floor":14},{"not_picked":["Berserk","Impervious"],"picked":"Immolate","floor":16},{"not_picked":["Clash+1","Pommel Strike"],"picked":"Heavy Blade","floor":18},{"not_picked":["Clash","Flex"],"picked":"Cleave","floor":20},{"not_picked":["Offering","Dropkick"],"picked":"Dual Wield+1","floor":23}],"player_experience":77730,"relics_obtained":[{"floor":6,"key":"Peace Pipe"},{"floor":7,"key":"Orichalcum"},{"floor":9,"key":"Anchor"},{"floor":10,"key":"Bottled Flame"},{"floor":20,"key":"Unceasing Top"},{"floor":20,"key":"Bottled Tornado"},{"floor":23,"key":"Girya"},{"floor":23,"key":"Bag of Marbles"}],"event_choices":[{"damage_healed":0,"gold_gain":0,"player_choice":"Success","damage_taken":12,"relics_obtained":["Pen Nib"],"max_hp_gain":0,"max_hp_loss":0,"event_name":"Scrap Ooze","floor":2,"gold_loss":0},{"damage_healed":0,"gold_gain":0,"player_choice":"Searched \u00271\u0027 times","damage_taken":0,"max_hp_gain":0,"max_hp_loss":0,"event_name":"Dead Adventurer","floor":7,"gold_loss":0},{"cards_removed":["Strike_R"],"damage_healed":0,"gold_gain":0,"player_choice":"Card Removal","damage_taken":0,"max_hp_gain":0,"max_hp_loss":0,"event_name":"The Cleric","floor":8,"gold_loss":50},{"damage_healed":0,"gold_gain":0,"cards_transformed":["Defend_R"],"player_choice":"Change","damage_taken":0,"max_hp_gain":0,"max_hp_loss":0,"event_name":"Living Wall","floor":13,"gold_loss":0,"cards_obtained":["Limit Break"]},{"damage_healed":0,"gold_gain":0,"player_choice":"Fight","damage_taken":0,"max_hp_gain":0,"max_hp_loss":0,"event_name":"Colosseum","floor":20,"gold_loss":0},{"damage_healed":0,"gold_gain":0,"player_choice":"Fought Nobs","damage_taken":0,"max_hp_gain":0,"max_hp_loss":0,"event_name":"Colosseum","floor":20,"gold_loss":0},{"cards_removed":["Defend_R"],"damage_healed":0,"gold_gain":0,"player_choice":"Elegance","damage_taken":0,"max_hp_gain":0,"max_hp_loss":0,"event_name":"Back to Basics","floor":21,"gold_loss":0}],"is_beta":false,"boss_relics":[{"not_picked":["Astrolabe","Tiny House"],"picked":"Black Star"}],"items_purged_floors":[4,19,22],"is_endless":false,"potions_floor_spawned":[3,7,10,16,20],"killed_by":"Slavers","ascension_level":1}