{"gold_per_floor":[109,119,137,153,228,228,255,255,255,3,3,22,22,34,34,131,131,141,158,257,257,47,47,47,77,77,77,109,124,49,49],"floor_reached":31,"playtime":1104,"items_purged":[],"score":454,"play_id":"f2087b3e-d728-43cf-b872-5202e4226f4b","local_time":"20181208210144","is_ascension_mode":true,"campfire_choices":[{"data":"Go for the Eyes","floor":6,"key":"SMITH"},{"data":"Reinforced Body","floor":8,"key":"SMITH"},{"data":"Cold Snap","floor":11,"key":"SMITH"},{"data":"Dualcast","floor":13,"key":"SMITH"},{"data":"Defragment","floor":15,"key":"SMITH"},{"data":"Self Repair","floor":24,"key":"SMITH"},{"data":"Undo","floor":27,"key":"SMITH"}],"neow_cost":"NONE","seed_source_timestamp":207618993470456,"circlet_count":0,"master_deck":["AscendersBane","Strike_B","Strike_B","Strike_B","Defend_B","Defend_B","Defend_B","Defend_B","Zap+1","Dualcast+1","Cold Snap+1","Reinforced Body+1","Go for the Eyes+1","Leap","Defragment+1","Echo Form","Undo+1","Self Repair+1","Shrug It Off"],"relics":["Cracked Core","Sundial","Singing Bowl","Mummified Hand","Velvet Choker","PrismaticShard","Matryoshka","Happy Flower","Omamori"],"potions_floor_usage":[7,16,23,28],"damage_taken":[{"damage":4,"enemies":"Small Slimes","floor":1,"turns":3},{"damage":2,"enemies":"Jaw Worm","floor":2,"turns":3},{"damage":4,"enemies":"2 Louse","floor":3,"turns":3},{"damage":0,"enemies":"Looter","floor":4,"turns":4},{"damage":16,"enemies":"Gremlin Nob","floor":7,"turns":5},{"damage":10,"enemies":"Exordium Wildlife","floor":12,"turns":4},{"damage":3,"enemies":"2 Fungi Beasts","floor":14,"turns":4},{"damage":7,"enemies":"The Guardian","floor":16,"turns":13},{"damage":15,"enemies":"Shell Parasite","floor":18,"turns":8},{"damage":10,"enemies":"Chosen","floor":19,"turns":5},{"damage":0,"enemies":"Slavers","floor":23,"turns":1},{"damage":18,"enemies":"Book of Stabbing","floor":25,"turns":7},{"damage":37,"enemies":"Gremlin Leader","floor":28,"turns":8},{"damage":14,"enemies":"Centurion and Healer","floor":29,"turns":11},{"damage":46,"enemies":"3 Cultists","floor":31,"turns":4}],"seed_played":"-11783765621184583","potions_obtained":[{"floor":3,"key":"Weak Potion"},{"floor":7,"key":"Ancient Potion"},{"floor":14,"key":"Swift Potion"},{"floor":16,"key":"SmokeBomb"},{"floor":25,"key":"LiquidBronze"},{"floor":28,"key":"Energy Potion"}],"is_trial":false,"path_per_floor":["M","M","M","M","?","R","E","R","T","$","R","M","R","M","R","B",null,"M","M","?","?","$","E","R","E","T","R","E","M","?","M"],"character_chosen":"DEFECT","items_purchased":["Mummified Hand","PrismaticShard"],"campfire_rested":0,"item_purchase_floors":[10,22],"current_hp_per_floor":[64,62,58,58,47,47,31,31,31,31,31,23,23,20,20,13,61,48,38,38,38,38,38,38,42,42,42,27,33,33,0],"gold":49,"neow_bonus":"UPGRADE_CARD","is_prod":false,"is_daily":false,"chose_seed":false,"campfire_upgraded":7,"win_rate":0,"timestamp":1544283104,"path_taken":["M","M","M","M","?","R","E","R","T","$","R","M","R","M","R","BOSS","M","M","?","?","$","E","R","E","T","R","E","M","?","?"],"build_version":"2018-12-06","purchased_purges":0,"victory":false,"max_hp_per_floor":[75,75,75,75,75,75,75,75,75,75,75,77,77,77,77,77,77,79,79,79,79,79,79,79,81,81,81,83,83,83,83],"card_choices":[{"not_picked":["Go for the Eyes","Loop"],"picked":"Cold Snap","floor":1},{"not_picked":["Heatsinks","Chaos","Rebound"],"picked":"SKIP","floor":2},{"not_picked":["Steam","Recycle"],"picked":"Reinforced Body","floor":3},{"not_picked":["Darkness","Sweeping Beam"],"picked":"Go for the Eyes","floor":4},{"not_picked":["Storm","Sweeping Beam"],"picked":"Leap","floor":7},{"not_picked":["Turbo","Chaos","Reinforced Body"],"picked":"Singing Bowl","floor":12},{"not_picked":["Conserve Battery","Loop"],"picked":"Defragment","floor":14},{"not_picked":["Meteor Strike","Biased Cognition"],"picked":"Echo Form","floor":16},{"not_picked":["Leap","Steam","Turbo"],"picked":"Singing Bowl","floor":18},{"not_picked":["Beam Cell","FTL"],"picked":"Undo","floor":19},{"not_picked":["Static Discharge","Ghostly Armor","Consume"],"picked":"Singing Bowl","floor":25},{"not_picked":["Poisoned Stab","Heavy Blade","Heavy Blade"],"picked":"Singing Bowl","floor":28},{"not_picked":["Good Instincts","Entrench"],"picked":"Shrug It Off","floor":29}],"player_experience":870798,"relics_obtained":[{"floor":7,"key":"Sundial"},{"floor":9,"key":"Singing Bowl"},{"floor":25,"key":"Matryoshka"},{"floor":26,"key":"Happy Flower"},{"floor":28,"key":"Omamori"}],"event_choices":[{"damage_healed":0,"gold_gain":75,"player_choice":"Gather Gold","damage_taken":11,"max_hp_gain":0,"max_hp_loss":0,"event_name":"World of Goop","floor":5,"gold_loss":0},{"damage_healed":0,"gold_gain":99,"player_choice":"Stole From Cult","damage_taken":0,"max_hp_gain":0,"max_hp_loss":0,"event_name":"Nest","floor":20,"gold_loss":0},{"damage_healed":0,"gold_gain":0,"player_choice":"Read","damage_taken":0,"max_hp_gain":0,"max_hp_loss":0,"event_name":"The Library","floor":21,"gold_loss":0,"cards_obtained":["Self Repair"]},{"cards_removed":["Strike_B"],"damage_healed":0,"gold_gain":0,"player_choice":"Gave Gold","damage_taken":0,"max_hp_gain":0,"max_hp_loss":0,"event_name":"Beggar","floor":30,"gold_loss":75}],"is_beta":true,"boss_relics":[{"not_picked":["White Beast Statue","Calling Bell"],"picked":"Velvet Choker"}],"items_purged_floors":[],"is_endless":false,"potions_floor_spawned":[3,7,14,16,23,25,28],"killed_by":"3 Cultists","ascension_level":11}