{"gold_per_floor":[115,190,207,157,175,175,208,225,225,175,175,187,213,224,224,325,325,342,353,12,12,22,22,122,122,146,146,178,191,191,202,202,305,305,322,74,89,0,13,13,48,60,60,90,90,40,56,88,88,88],"floor_reached":50,"playtime":4772,"items_purged":["Defend_B","Strike_B","Strike_B","Strike_B"],"score":824,"play_id":"d6dd0b5a-d314-46a5-b9c8-ebecd0db8126","local_time":"20190421114906","is_ascension_mode":true,"campfire_choices":[{"data":"Zap","floor":6,"key":"SMITH"},{"data":"Redo","floor":11,"key":"SMITH"},{"data":"Loop","floor":15,"key":"SMITH"},{"data":"Creative AI","floor":23,"key":"SMITH"},{"floor":25,"key":"REST"},{"data":"Consume","floor":30,"key":"SMITH"},{"floor":32,"key":"REST"},{"floor":40,"key":"REST"},{"floor":49,"key":"RECALL"}],"neow_cost":"TEN_PERCENT_HP_LOSS","seed_source_timestamp":838559967121888,"circlet_count":0,"master_deck":["Defend_B","Defend_B","Defend_B","Zap+1","Dualcast","BootSequence","Consume+1","Redo+1","Conserve Battery","Skim","Ball Lightning","Loop+1","Ball Lightning","Creative AI+1","Glacier","Conserve Battery","Coolheaded+1","Echo Form","Capacitor+1","Seek","Loop+1","Self Repair","Echo Form"],"relics":["Cracked Core","FossilizedHelix","Smiling Mask","Ornamental Fan","Velvet Choker","Thread and Needle","Pantograph","Prayer Wheel","Darkstone Periapt","Happy Flower","Bag of Marbles","Inserter","Toolbox","Red Mask","Bag of Preparation","Singing Bowl","Girya","Centennial Puzzle"],"potions_floor_usage":[7,16,24,24,37,47,47,50,50],"damage_taken":[{"damage":0,"enemies":"Small Slimes","floor":1,"turns":3},{"damage":0,"enemies":"Jaw Worm","floor":3,"turns":3},{"damage":0,"enemies":"2 Louse","floor":5,"turns":3},{"damage":0,"enemies":"Gremlin Nob","floor":7,"turns":3},{"damage":0,"enemies":"Large Slime","floor":8,"turns":5},{"damage":0,"enemies":"Looter","floor":12,"turns":2},{"damage":10,"enemies":"3 Sentries","floor":13,"turns":5},{"damage":0,"enemies":"Red Slaver","floor":14,"turns":4},{"damage":4,"enemies":"The Guardian","floor":16,"turns":7},{"damage":0,"enemies":"Spheric Guardian","floor":18,"turns":3},{"damage":7,"enemies":"Shell Parasite","floor":19,"turns":5},{"damage":0,"enemies":"Cultist and Chosen","floor":22,"turns":5},{"damage":0,"enemies":"Colosseum Slavers","floor":24,"turns":4},{"damage":37,"enemies":"Colosseum Nobs","floor":24,"turns":6},{"damage":0,"enemies":"Book of Stabbing","floor":28,"turns":5},{"damage":0,"enemies":"Snecko","floor":29,"turns":6},{"damage":29,"enemies":"Centurion and Healer","floor":31,"turns":5},{"damage":16,"enemies":"Automaton","floor":33,"turns":10},{"damage":0,"enemies":"Orb Walker","floor":35,"turns":3},{"damage":18,"enemies":"3 Darklings","floor":37,"turns":6},{"damage":28,"enemies":"Writhing Mass","floor":39,"turns":6},{"damage":0,"enemies":"Nemesis","floor":41,"turns":9},{"damage":0,"enemies":"Maw","floor":42,"turns":8},{"damage":0,"enemies":"Giant Head","floor":44,"turns":7},{"damage":3,"enemies":"Jaw Worm Horde","floor":47,"turns":3},{"damage":0,"enemies":"Nemesis","floor":48,"turns":5},{"damage":81,"enemies":"Awakened One","floor":50,"turns":4}],"seed_played":"-5533570941758316452","potions_obtained":[{"floor":3,"key":"SkillPotion"},{"floor":5,"key":"Fire Potion"},{"floor":13,"key":"Poison Potion"},{"floor":22,"key":"AttackPotion"},{"floor":24,"key":"Explosive Potion"},{"floor":33,"key":"SpeedPotion"},{"floor":35,"key":"Block Potion"},{"floor":37,"key":"FocusPotion"},{"floor":42,"key":"EssenceOfSteel"},{"floor":47,"key":"PowerPotion"}],"is_trial":false,"path_per_floor":["M","?","M","?","M","R","E","M","T","$","R","M","E","M","R","B",null,"M","M","$","?","M","R","?","R","T","?","E","M","R","M","R","B",null,"M","$","M","?","M","R","E","M","T","E","?","$","M","E","R","B"],"character_chosen":"DEFECT","items_purchased":["Thread and Needle","Toolbox"],"campfire_rested":3,"item_purchase_floors":[20,36],"current_hp_per_floor":[68,57,57,57,57,57,57,57,57,57,57,57,47,47,47,43,68,68,61,61,61,61,61,24,44,44,44,44,44,44,15,35,44,68,68,68,50,50,29,49,56,68,68,70,72,72,73,78,78,0],"gold":88,"neow_bonus":"ONE_RARE_RELIC","is_prod":false,"is_daily":false,"chose_seed":false,"campfire_upgraded":5,"win_rate":0,"timestamp":1555843746,"path_taken":["M","?","M","?","M","R","E","M","T","$","R","M","E","M","R","BOSS","M","M","$","?","M","R","?","R","T","?","E","?","R","M","R","BOSS","M","$","M","?","M","R","E","M","T","E","?","?","M","E","R","BOSS"],"build_version":"2019-01-23","purchased_purges":4,"victory":false,"max_hp_per_floor":[68,68,68,68,68,68,68,68,68,68,68,68,68,68,68,68,68,68,68,68,68,68,68,68,68,68,68,68,68,68,68,68,68,68,68,68,68,68,68,68,68,68,68,70,72,72,76,78,78,78],"card_choices":[{"not_picked":["Streamline","Rebound"],"picked":"BootSequence","floor":1},{"not_picked":["Rip and Tear","Blizzard"],"picked":"Consume","floor":3},{"not_picked":["Storm","Streamline"],"picked":"Redo","floor":5},{"not_picked":["Rebound","Storm"],"picked":"Conserve Battery","floor":7},{"not_picked":["Aggregate","Turbo"],"picked":"Skim","floor":8},{"not_picked":["All For One","Heatsinks"],"picked":"Ball Lightning","floor":12},{"not_picked":["Rip and Tear","Cold Snap"],"picked":"Loop","floor":13},{"not_picked":["Rip and Tear","Redo"],"picked":"Ball Lightning","floor":14},{"not_picked":["Seek","Rainbow"],"picked":"Creative AI","floor":16},{"not_picked":["Lockon+1","Steam"],"picked":"Glacier","floor":18},{"not_picked":["Rip and Tear","Gash"],"picked":"Conserve Battery","floor":19},{"not_picked":["Consume+1","Hologram"],"picked":"Coolheaded+1","floor":22},{"not_picked":["Go for the Eyes","FTL"],"picked":"Echo Form","floor":28},{"not_picked":["BootSequence","Go for the Eyes"],"picked":"Capacitor+1","floor":29},{"not_picked":["Scrape","Go for the Eyes","Storm"],"picked":"SKIP","floor":29},{"not_picked":["Double Energy","Auto Shields","Genetic Algorithm"],"picked":"SKIP","floor":31},{"not_picked":["Streamline","Leap+1","Genetic Algorithm+1"],"picked":"SKIP","floor":31},{"not_picked":["Amplify","All For One"],"picked":"Seek","floor":33},{"not_picked":["Hologram","Redo"],"picked":"Loop+1","floor":35},{"not_picked":["Steam","Scrape+1","Tempest"],"picked":"SKIP","floor":35},{"not_picked":["Hologram+1","Stack+1"],"picked":"Self Repair","floor":37},{"not_picked":["Double Energy","Beam Cell+1","Stack+1"],"picked":"SKIP","floor":37},{"not_picked":["Rebound","Barrage+1","Darkness+1"],"picked":"SKIP","floor":39},{"not_picked":["Beam Cell+1","Rebound+1","Go for the Eyes+1"],"picked":"SKIP","floor":39},{"not_picked":["Skim+1","Steam+1"],"picked":"Echo Form","floor":41},{"not_picked":["Steam+1","Redo+1","Tempest"],"picked":"SKIP","floor":42},{"not_picked":["Redo","Leap+1","Cold Snap"],"picked":"SKIP","floor":42},{"not_picked":["Fission","Compile Driver+1","Go for the Eyes+1"],"picked":"Singing Bowl","floor":44},{"not_picked":["Metamorphosis","Blind","Deep Breath"],"picked":"Singing Bowl","floor":45},{"not_picked":["Ball Lightning+1","Redo","Recycle+1"],"picked":"Singing Bowl","floor":47},{"not_picked":["Capacitor+1","Sweeping Beam+1","Cold Snap"],"picked":"Singing Bowl","floor":47},{"not_picked":["Steam+1","Genetic Algorithm","Aggregate+1"],"picked":"Singing Bowl","floor":48}],"player_experience":171935,"relics_obtained":[{"floor":7,"key":"Smiling Mask"},{"floor":13,"key":"Ornamental Fan"},{"floor":24,"key":"Prayer Wheel"},{"floor":24,"key":"Darkstone Periapt"},{"floor":26,"key":"Happy Flower"},{"floor":28,"key":"Bag of Marbles"},{"floor":41,"key":"Bag of Preparation"},{"floor":43,"key":"Singing Bowl"},{"floor":44,"key":"Girya"},{"floor":48,"key":"Centennial Puzzle"}],"event_choices":[{"damage_healed":0,"gold_gain":75,"player_choice":"Gather Gold","damage_taken":11,"max_hp_gain":0,"max_hp_loss":0,"event_name":"World of Goop","floor":2,"gold_loss":0},{"cards_removed":["Strike_B"],"damage_healed":0,"gold_gain":0,"player_choice":"Card Removal","damage_taken":0,"max_hp_gain":0,"max_hp_loss":0,"event_name":"The Cleric","floor":4,"gold_loss":50},{"damage_healed":0,"gold_gain":0,"player_choice":"Opened","damage_taken":0,"relics_obtained":["Pantograph"],"max_hp_gain":0,"max_hp_loss":0,"event_name":"The Mausoleum","floor":21,"gold_loss":0,"cards_obtained":["Writhe"]},{"damage_healed":0,"gold_gain":0,"player_choice":"Fight","damage_taken":0,"max_hp_gain":0,"max_hp_loss":0,"event_name":"Colosseum","floor":24,"gold_loss":0},{"damage_healed":0,"gold_gain":0,"player_choice":"Fought Nobs","damage_taken":0,"max_hp_gain":0,"max_hp_loss":0,"event_name":"Colosseum","floor":24,"gold_loss":0},{"cards_removed":["Writhe"],"damage_healed":0,"gold_gain":0,"player_choice":"Removed Curses","damage_taken":0,"max_hp_gain":0,"max_hp_loss":0,"event_name":"Fountain of Cleansing","floor":27,"gold_loss":0},{"damage_healed":0,"gold_gain":0,"player_choice":"Paid","damage_taken":0,"relics_obtained":["Red Mask"],"max_hp_gain":0,"max_hp_loss":0,"event_name":"Tomb of Lord Red Mask","floor":38,"gold_loss":89},{"damage_healed":0,"gold_gain":0,"player_choice":"Memory 1","damage_taken":0,"max_hp_gain":0,"max_hp_loss":0,"event_name":"SensoryStone","floor":45,"gold_loss":0}],"is_beta":false,"boss_relics":[{"not_picked":["Calling Bell","Philosopher\u0027s Stone"],"picked":"Velvet Choker"},{"not_picked":["Tiny House","White Beast Statue"],"picked":"Inserter"}],"items_purged_floors":[10,20,36,46],"is_endless":false,"potions_floor_spawned":[3,5,13,22,24,33,35,37,42,47],"killed_by":"Awakened One","ascension_level":4}