{"path_per_floor":["M","M","M","M","$","R","E","?","T","R","M","R","E","M","R","B",null,"M","M","$","M","?","R","M","E","T","R","?","M","R","M","R","B",null,"M","$","?"],"character_chosen":"DEFECT","items_purchased":["Sunder","DataDisk","Master of Strategy","Capacitor"],"gold_per_floor":[115,125,145,162,84,84,110,110,191,191,203,203,233,251,251,322,322,342,356,21,36,36,36,49,76,99,99,99,113,113,126,126,203,203,216,91,91,91],"floor_reached":38,"campfire_rested":7,"playtime":1277,"current_hp_per_floor":[59,52,49,42,42,42,16,16,16,39,25,48,18,18,41,27,65,56,38,38,17,17,40,26,1,1,24,24,24,47,47,70,25,65,29,29,29,0],"items_purged":["Writhe"],"gold":91,"score":711,"play_id":"33035619-4cf7-4f61-b2d9-e82cc0096888","local_time":"20180519160212","is_prod":false,"is_daily":false,"chose_seed":false,"is_ascension_mode":true,"campfire_upgraded":1,"timestamp":1526716932,"campfire_choices":[{"data":"Sunder","floor":6,"key":"SMITH"},{"floor":10,"key":"REST"},{"floor":12,"key":"REST"},{"floor":15,"key":"REST"},{"floor":23,"key":"REST"},{"floor":27,"key":"REST"},{"floor":30,"key":"REST"},{"floor":32,"key":"REST"}],"path_taken":["M","M","M","M","$","R","E","?","T","R","M","R","E","M","R","BOSS","M","M","$","M","?","R","?","E","T","R","?","M","R","M","R","BOSS","M","$","?","?"],"build_version":"2018-05-17","seed_source_timestamp":789923019610982,"purchased_purges":1,"victory":false,"master_deck":["Strike_B+1","Strike_B+1","Strike_B+1","Defend_B+1","Defend_B+1","Defend_B+1","Defend_B+1","Zap","Dualcast","AscendersBane","Streamline","Sweeping Beam","Melter","Darkness","Sunder+1","Cold Snap","Leap","Glacier","Capacitor","Buffer","Defragment","Loop","Master of Strategy","Undo+1","Redo","Machine Learning","Capacitor"],"max_hp_per_floor":[78,78,78,78,78,78,78,78,78,78,78,78,78,78,78,78,78,78,78,78,78,78,78,78,78,78,78,78,78,78,78,78,78,78,78,78,78,78],"relics":["Cracked Core","Peace Pipe","Symbiotic Virus","Boot","Cursed Key","DataDisk","Lantern","Juzu Bracelet","Sozu"],"card_choices":[{"not_picked":["Coolheaded","Stack"],"picked":"Streamline","floor":1},{"not_picked":["Steam","Cold Snap"],"picked":"Sweeping Beam","floor":2},{"not_picked":["Rip and Tear","Axe Kick"],"picked":"Melter","floor":3},{"not_picked":["Ball Lightning","Rebound"],"picked":"Darkness","floor":4},{"not_picked":["FTL","All For One"],"picked":"Cold Snap","floor":7},{"not_picked":["Skim","Turbo"],"picked":"Leap","floor":11},{"not_picked":["Hologram","Turbo"],"picked":"Glacier","floor":13},{"not_picked":["Lockon","Turbo"],"picked":"Capacitor","floor":14},{"not_picked":["Rainbow","Thunder Strike"],"picked":"Buffer","floor":16},{"not_picked":["Melter+1","Gash"],"picked":"Defragment","floor":18},{"not_picked":["Conserve Battery","Fusion"],"picked":"Loop","floor":19},{"not_picked":["Lockon","Tempest","Turbo"],"picked":"SKIP","floor":21},{"not_picked":["Go for the Eyes","Cold Snap"],"picked":"Undo+1","floor":24},{"not_picked":["Amplify","Coolheaded","Blizzard"],"picked":"SKIP","floor":25},{"not_picked":["Axe Kick+1","Turbo"],"picked":"Redo","floor":29},{"not_picked":["Recycle","Ball Lightning","Leap"],"picked":"SKIP","floor":31},{"not_picked":["Rainbow","Biased Cognition"],"picked":"Machine Learning","floor":33},{"not_picked":["Redo","Lockon","Axe Kick"],"picked":"SKIP","floor":35}],"player_experience":1018713,"potions_floor_usage":[7,7,7,16,16,19,19,25,33],"damage_taken":[{"damage":12,"enemies":"2 Louse","floor":1,"turns":3},{"damage":7,"enemies":"Jaw Worm","floor":2,"turns":3},{"damage":3,"enemies":"Small Slimes","floor":3,"turns":3},{"damage":7,"enemies":"3 Louse","floor":4,"turns":3},{"damage":26,"enemies":"3 Sentries","floor":7,"turns":7},{"damage":14,"enemies":"Red Slaver","floor":11,"turns":2},{"damage":30,"enemies":"Lagavulin","floor":13,"turns":6},{"damage":0,"enemies":"2 Fungi Beasts","floor":14,"turns":2},{"damage":14,"enemies":"Hexaghost","floor":16,"turns":9},{"damage":9,"enemies":"Shell Parasite","floor":18,"turns":4},{"damage":18,"enemies":"2 Thieves","floor":19,"turns":4},{"damage":21,"enemies":"Snake Plant","floor":21,"turns":5},{"damage":14,"enemies":"Chosen and Byrds","floor":24,"turns":6},{"damage":25,"enemies":"Slavers","floor":25,"turns":7},{"damage":0,"enemies":"Snecko","floor":29,"turns":4},{"damage":0,"enemies":"Sentry and Sphere","floor":31,"turns":3},{"damage":45,"enemies":"Champ","floor":33,"turns":13},{"damage":36,"enemies":"3 Darklings","floor":35,"turns":6},{"damage":30,"enemies":"Mysterious Sphere","floor":38,"turns":3}],"relics_obtained":[{"floor":7,"key":"Peace Pipe"},{"floor":9,"key":"Symbiotic Virus"},{"floor":13,"key":"Boot"},{"floor":25,"key":"Lantern"},{"floor":26,"key":"Juzu Bracelet"}],"event_choices":[{"event_name":"Shining Light","player_choice":"Ignored","floor":8,"damage_taken":0},{"event_name":"Back to Basics","player_choice":"Simplicity","floor":22,"damage_taken":0},{"event_name":"The Mausoleum","player_choice":"No","floor":28,"damage_taken":0},{"event_name":"Mysterious Sphere","player_choice":"Fight","floor":38,"damage_taken":0}],"boss_relics":[{"not_picked":["Velvet Choker","Pandora\u0027s Box"],"picked":"Cursed Key"},{"not_picked":["Astrolabe","Nuclear Battery"],"picked":"Sozu"}],"potions_floor_spawned":[2,3,4,7,13,14,18,24,29,31,33,35],"seed_played":"4772294843667885112","killed_by":"Mysterious Sphere","ascension_level":15,"potions_obtained":[{"floor":2,"key":"EntropicBrew"},{"floor":3,"key":"LiquidBronze"},{"floor":4,"key":"Energy Potion"},{"floor":14,"key":"FocusPotion"},{"floor":18,"key":"Poison Potion"},{"floor":24,"key":"AttackPotion"},{"floor":29,"key":"SteroidPotion"},{"floor":31,"key":"PowerPotion"},{"floor":33,"key":"Dexterity Potion"}],"is_trial":false}