{"gold_per_floor":[114,127,142,142,154,154,184,184,184,212,111,111,130,130,130,231,231,242,50,60,75,89,89],"floor_reached":23,"playtime":1189,"items_purged":["Strike_B"],"score":234,"play_id":"16916f23-a1ff-4c9d-8a64-d08726622f3e","local_time":"20190301133946","is_ascension_mode":true,"campfire_choices":[{"data":"Defragment","floor":6,"key":"SMITH"},{"data":"Zap","floor":8,"key":"SMITH"},{"floor":15,"key":"REST"}],"neow_cost":"NONE","seed_source_timestamp":50296112423434,"circlet_count":0,"master_deck":["Strike_B","Strike_B","Defend_B","Defend_B","Defend_B","Defend_B","Zap+1","Dualcast","Thunder Strike","Beam Cell","Ball Lightning","Sunder","Defragment+1","Machine Learning","Genetic Algorithm","Coolheaded","Seek","Coolheaded+1","Glacier"],"relics":["Cracked Core","DataDisk","Matryoshka","Odd Mushroom","Cursed Key","OrangePellets"],"potions_floor_usage":[13,14,22],"damage_taken":[{"damage":11,"enemies":"2 Louse","floor":1,"turns":3},{"damage":4,"enemies":"Small Slimes","floor":2,"turns":3},{"damage":0,"enemies":"Cultist","floor":3,"turns":2},{"damage":8,"enemies":"Red Slaver","floor":5,"turns":4},{"damage":8,"enemies":"Gremlin Nob","floor":7,"turns":3},{"damage":24,"enemies":"The Mushroom Lair","floor":10,"turns":3},{"damage":1,"enemies":"Looter","floor":13,"turns":2},{"damage":5,"enemies":"2 Fungi Beasts","floor":14,"turns":3},{"damage":16,"enemies":"Slime Boss","floor":16,"turns":8},{"damage":7,"enemies":"3 Byrds","floor":18,"turns":4},{"damage":14,"enemies":"Shell Parasite","floor":20,"turns":3},{"damage":23,"enemies":"Centurion and Healer","floor":21,"turns":6},{"damage":11,"enemies":"Cultist and Chosen","floor":22,"turns":5},{"damage":20,"enemies":"Shelled Parasite and Fungi","floor":23,"turns":2}],"seed_played":"-3159987132875889363","potions_obtained":[{"floor":10,"key":"Regen Potion"},{"floor":13,"key":"SmokeBomb"},{"floor":20,"key":"Block Potion"}],"is_trial":false,"path_per_floor":["M","M","M","?","M","R","E","R","T","?","$","?","M","M","R","B",null,"M","$","M","M","M","M"],"character_chosen":"DEFECT","items_purchased":["Coolheaded","OrangePellets"],"campfire_rested":1,"item_purchase_floors":[11,19],"current_hp_per_floor":[64,60,60,53,45,45,37,37,37,13,13,6,10,5,27,11,75,68,68,54,31,20,0],"gold":89,"neow_bonus":"ONE_RANDOM_RARE_CARD","is_prod":false,"is_daily":false,"chose_seed":false,"campfire_upgraded":2,"win_rate":0,"timestamp":1551443986,"path_taken":["M","M","M","?","M","R","E","R","T","?","$","?","M","M","R","BOSS","M","$","?","M","M","M"],"build_version":"2019-01-23","purchased_purges":1,"victory":false,"max_hp_per_floor":[75,75,75,75,75,75,75,75,75,75,75,75,75,75,75,75,75,75,75,75,75,75,75],"card_choices":[{"not_picked":["Turbo","Steam"],"picked":"Beam Cell","floor":1},{"not_picked":["Lockon","Static Discharge"],"picked":"Ball Lightning","floor":2},{"not_picked":["Capacitor","Force Field"],"picked":"Sunder","floor":3},{"not_picked":["Turbo","Redo"],"picked":"Defragment","floor":5},{"not_picked":["Double Energy","Fusion"],"picked":"Machine Learning","floor":7},{"not_picked":["Leap","Reinforced Body"],"picked":"Genetic Algorithm","floor":10},{"not_picked":["Steam Power","Stack","Beam Cell"],"picked":"SKIP","floor":13},{"not_picked":["Fission","Meteor Strike"],"picked":"Seek","floor":16},{"not_picked":["Storm+1","Darkness+1"],"picked":"Coolheaded+1","floor":18},{"not_picked":["BootSequence","Redo+1","Turbo"],"picked":"SKIP","floor":20},{"not_picked":["Gash+1","BootSequence","Barrage"],"picked":"SKIP","floor":21},{"not_picked":["Compile Driver","Barrage"],"picked":"Glacier","floor":22}],"player_experience":168175,"relics_obtained":[{"floor":7,"key":"DataDisk"},{"floor":9,"key":"Matryoshka"},{"floor":10,"key":"Odd Mushroom"}],"event_choices":[{"cards_removed":["Strike_B"],"damage_healed":0,"gold_gain":0,"player_choice":"Card Removal","damage_taken":7,"max_hp_gain":0,"max_hp_loss":0,"event_name":"Golden Wing","floor":4,"gold_loss":0},{"damage_healed":0,"gold_gain":0,"player_choice":"Fought Mushrooms","damage_taken":0,"max_hp_gain":0,"max_hp_loss":0,"event_name":"Mushrooms","floor":10,"gold_loss":0},{"damage_healed":0,"gold_gain":0,"player_choice":"Damaged","damage_taken":7,"max_hp_gain":0,"max_hp_loss":0,"event_name":"Wheel of Change","floor":12,"gold_loss":0}],"is_beta":false,"boss_relics":[{"not_picked":["Sozu","Philosopher\u0027s Stone"],"picked":"Cursed Key"}],"items_purged_floors":[11],"is_endless":false,"potions_floor_spawned":[10,13,14,20],"killed_by":"Shelled Parasite and Fungi","ascension_level":4}