{"gold_per_floor":[99,99,24,24,24,24,24,24,24,24,24,24,24,24,24,24,24,0,0,0,0,0,0],"floor_reached":23,"playtime":923,"items_purged":["Strike_B"],"score":213,"play_id":"fd91651b-2509-437a-afb5-c8e038777792","local_time":"20181011014739","is_ascension_mode":true,"campfire_choices":[{"data":"Dualcast","floor":6,"key":"SMITH"},{"floor":10,"key":"REST"},{"data":"Loop","floor":15,"key":"SMITH"}],"neow_cost":"NONE","seed_source_timestamp":15433650843514,"circlet_count":0,"master_deck":["Strike_B","Strike_B","Strike_B","Defend_B","Defend_B","Defend_B","Defend_B","Zap","Dualcast+1","Doom and Gloom","Lockon","Loop+1","Capacitor","Conserve Battery","Compile Driver","Self Repair","Zap","Defragment","Echo Form","Lockon+1","Rebound","Conserve Battery+1"],"relics":["Ectoplasm","Omamori","Gambling Chip","The Courier","Matryoshka","Nuclear Battery","Necronomicon"],"potions_floor_usage":[16,18,23],"damage_taken":[{"damage":0,"enemies":"Cultist","floor":1,"turns":4},{"damage":3,"enemies":"2 Louse","floor":2,"turns":2},{"damage":11,"enemies":"Jaw Worm","floor":4,"turns":3},{"damage":8,"enemies":"Exordium Wildlife","floor":5,"turns":3},{"damage":2,"enemies":"3 Louse","floor":7,"turns":2},{"damage":28,"enemies":"Gremlin Nob","floor":8,"turns":5},{"damage":1,"enemies":"2 Fungi Beasts","floor":11,"turns":2},{"damage":14,"enemies":"3 Sentries","floor":13,"turns":5},{"damage":28,"enemies":"The Guardian","floor":16,"turns":9},{"damage":8,"enemies":"2 Thieves","floor":18,"turns":4},{"damage":33,"enemies":"3 Byrds","floor":19,"turns":5},{"damage":35,"enemies":"Snake Plant","floor":22,"turns":4},{"damage":6,"enemies":"Book of Stabbing","floor":23,"turns":1}],"seed_played":"1693311647118747985","potions_obtained":[{"floor":1,"key":"Fire Potion"},{"floor":2,"key":"Swift Potion"},{"floor":18,"key":"Swift Potion"},{"floor":19,"key":"LiquidBronze"}],"is_trial":false,"path_per_floor":["M","M","$","M","M","R","M","E","T","R","M","?","E","T","R","B",null,"M","M","?","?","M"],"character_chosen":"DEFECT","items_purchased":[],"campfire_rested":1,"item_purchase_floors":[],"current_hp_per_floor":[75,72,72,61,53,53,51,23,23,45,44,44,30,30,30,9,75,74,55,55,39,4,0],"gold":0,"neow_bonus":"BOSS_RELIC","is_prod":false,"is_daily":false,"chose_seed":false,"campfire_upgraded":2,"win_rate":0,"timestamp":1539202659,"path_taken":["M","M","?","M","M","R","M","E","T","R","M","?","E","?","R","BOSS","M","M","?","?","M","E"],"build_version":"2018-10-09","purchased_purges":1,"victory":false,"max_hp_per_floor":[75,75,75,75,75,75,75,75,75,75,75,75,75,75,75,75,75,75,75,75,75,75,75],"card_choices":[{"not_picked":["Steam","Compile Driver"],"picked":"Doom and Gloom","floor":1},{"not_picked":["Leap","Stack"],"picked":"Lockon","floor":2},{"not_picked":["Compile Driver","Leap"],"picked":"Loop","floor":4},{"not_picked":["Turbo","Ball Lightning"],"picked":"Capacitor","floor":5},{"not_picked":["Consume","Leap"],"picked":"Conserve Battery","floor":7},{"not_picked":["Melter","Steam"],"picked":"Compile Driver","floor":8},{"not_picked":["Leap","Streamline"],"picked":"Self Repair","floor":11},{"not_picked":["Creative AI","Go for the Eyes"],"picked":"Defragment","floor":13},{"not_picked":["Thunder Strike","Seek"],"picked":"Echo Form","floor":16},{"not_picked":["Coolheaded","Aggregate"],"picked":"Lockon+1","floor":18},{"not_picked":["Turbo","Coolheaded"],"picked":"Rebound","floor":19},{"not_picked":["Rebound+1","Sweeping Beam"],"picked":"Conserve Battery+1","floor":22}],"player_experience":590656,"relics_obtained":[{"floor":8,"key":"Omamori"},{"floor":9,"key":"Gambling Chip"},{"floor":13,"key":"The Courier"},{"floor":14,"key":"Matryoshka"},{"floor":21,"key":"Necronomicon"}],"event_choices":[{"event_name":"Match and Keep!","player_choice":"1 cards matched","floor":12,"damage_taken":0},{"event_name":"Vampires","player_choice":"Ignored","floor":20,"damage_taken":0},{"event_name":"Cursed Tome","player_choice":"Obtained Book","floor":21,"damage_taken":0}],"is_beta":true,"boss_relics":[{"not_picked":["Tiny House","Orrery"],"picked":"Nuclear Battery"}],"items_purged_floors":[3],"is_endless":false,"potions_floor_spawned":[1,2,5,18,19],"killed_by":"Book of Stabbing","ascension_level":1}