{"path_per_floor":["M","?","M","$","?","E","M","E","T","R","M","E","R","M","R","B",null,"M","$","?","M","M","R","E","?","T"],"character_chosen":"DEFECT","items_purchased":["Sunder","Blizzard","Loop"],"gold_per_floor":[114,64,78,7,67,99,112,141,213,213,230,257,257,269,269,367,367,378,233,158,168,186,186,213,213,213,213],"floor_reached":27,"campfire_rested":2,"playtime":1166,"current_hp_per_floor":[65,65,65,65,65,62,60,60,60,60,60,31,53,59,59,11,59,59,59,59,59,33,55,33,33,33,0],"items_purged":[],"gold":213,"score":345,"play_id":"46077ad8-bd49-4f7f-be32-d70ba2d0a43d","local_time":"20180503205935","is_prod":false,"is_daily":false,"chose_seed":false,"is_ascension_mode":true,"campfire_upgraded":2,"timestamp":1525352375,"path_taken":["M","?","M","$","?","E","M","E","T","R","M","E","R","?","R","BOSS","M","$","?","M","M","R","E","?","T","E"],"build_version":"2018-05-02","seed_source_timestamp":720695744419691,"purchased_purges":1,"victory":false,"master_deck":["Zap","Dualcast","Glacier","Consume","Turbo","Skim","Capacitor","Coolheaded","Turbo","Auto Shields","Sunder+1","White Noise+1","Storm","Prime","Machine Learning+1","Buffer+1","Creative AI+1","Blizzard","Loop+1","Self Repair+1","Hello World+1","Prime+1","Self Repair+1"],"max_hp_per_floor":[75,75,75,75,75,75,75,75,75,75,75,75,75,75,75,75,75,75,75,75,75,75,75,75,75,75,75],"relics":["Pandora\u0027s Box","Turnip","Orichalcum","Gremlin Horn","Frozen Egg 2","Snecko Eye","Prayer Wheel","Question Card"],"card_choices":[{"not_picked":["Impulse","Axe Kick"],"picked":"Turbo","floor":1.0},{"not_picked":["Force Field","Coolheaded"],"picked":"Auto Shields","floor":3.0},{"not_picked":["Lockon","Ball Lightning"],"picked":"White Noise","floor":7.0},{"not_picked":["Cold Snap","Rebound"],"picked":"Storm","floor":8.0},{"not_picked":["White Noise","Cold Snap"],"picked":"Prime","floor":11.0},{"not_picked":["Auto Shields","Ball Lightning"],"picked":"Machine Learning","floor":12.0},{"not_picked":["Go for the Eyes","Beam Cell"],"picked":"Buffer","floor":14.0},{"not_picked":["All For One","Rainbow"],"picked":"Creative AI","floor":16.0},{"not_picked":["Chill","Sweeping Beam"],"picked":"Self Repair","floor":21.0},{"not_picked":["Skim","Reprogram"],"picked":"Hello World","floor":22.0},{"not_picked":["Streamline","Ball Lightning"],"picked":"Prime","floor":24.0},{"not_picked":["Axe Kick","All For One"],"picked":"Self Repair","floor":26.0}],"player_experience":933144,"potions_floor_usage":[27,27],"damage_taken":[{"damage":10.0,"enemies":"Jaw Worm","floor":1.0,"turns":3.0},{"damage":0.0,"enemies":"2 Louse","floor":3.0,"turns":3.0},{"damage":3.0,"enemies":"Lagavulin","floor":6.0,"turns":8.0},{"damage":2.0,"enemies":"Cultist","floor":7.0,"turns":4.0},{"damage":0.0,"enemies":"3 Sentries","floor":8.0,"turns":8.0},{"damage":0.0,"enemies":"Blue Slaver","floor":11.0,"turns":5.0},{"damage":29.0,"enemies":"Gremlin Nob","floor":12.0,"turns":4.0},{"damage":1.0,"enemies":"Looter","floor":14.0,"turns":4.0},{"damage":48.0,"enemies":"Hexaghost","floor":16.0,"turns":12.0},{"damage":0.0,"enemies":"Spheric Guardian","floor":18.0,"turns":4.0},{"damage":0.0,"enemies":"Chosen","floor":21.0,"turns":4.0},{"damage":36.0,"enemies":"Snake Plant","floor":22.0,"turns":6.0},{"damage":32.0,"enemies":"Gremlin Leader","floor":24.0,"turns":6.0},{"damage":36,"enemies":"Slavers","floor":27,"turns":2}],"event_choices":[{"event_name":"The Cleric","player_choice":"Card Removal","floor":2.0,"damage_taken":0.0},{"event_name":"Golden Wing","player_choice":"Gained Gold","floor":5.0,"damage_taken":0.0},{"event_name":"Beggar","player_choice":"Gave Gold","floor":20.0,"damage_taken":0.0},{"event_name":"Ghosts","player_choice":"Ignored","floor":25.0,"damage_taken":0.0}],"boss_relics":[],"potions_floor_spawned":[1,6,8,16,21,24],"seed_played":"4113493519276383338","killed_by":"Slavers","ascension_level":5,"is_trial":false}