{"path_per_floor":["M","M","?","M","M","M","R","E","T","$","R","M","E","?","R","B",null,"M","$","?","M"],"character_chosen":"DEFECT","items_purchased":["Self Repair","Finesse","Fire Potion","Storm","Glacier","Sweeping Beam"],"gold_per_floor":[119,134,134,151,164,178,178,212,235,7,7,21,56,56,56,145,145,170,13,13,28,28],"floor_reached":22,"campfire_rested":3,"playtime":530,"current_hp_per_floor":[57,57,57,44,28,25,44,28,28,28,47,48,28,28,45,16,48,14,14,14,14,0],"items_purged":[],"gold":28,"score":343,"play_id":"a6cdcadc-601e-4232-8619-022a9a6fd319","local_time":"20180515224523","is_prod":false,"is_daily":false,"chose_seed":false,"is_ascension_mode":true,"campfire_upgraded":0,"timestamp":1526395523,"path_taken":["M","M","?","M","M","M","R","E","T","$","R","?","E","?","R","BOSS","M","$","?","M","?"],"build_version":"2018-05-14v2","seed_source_timestamp":469250452728988,"purchased_purges":0,"victory":false,"master_deck":["Strike_B","Strike_B","Strike_B","Defend_B","Defend_B","Defend_B","Defend_B","Zap","Dualcast","AscendersBane","Electrodynamics+1","Streamline","Gash","Capacitor","Static Discharge","Buffer","Storm","Self Repair","Finesse","Loop","Gash","Echo Form","Undo","Storm","Glacier","Sweeping Beam","Darkness+1"],"max_hp_per_floor":[64,64,64,64,64,64,64,64,64,64,64,64,64,58,58,58,58,58,58,58,58,58],"relics":["Cracked Core","Potion Belt","Bag of Preparation","Art of War","Golden Idol","Philosopher\u0027s Stone"],"card_choices":[{"not_picked":["Creative AI","All For One"],"picked":"Electrodynamics","floor":0},{"not_picked":["Ball Lightning","Coolheaded"],"picked":"Streamline","floor":1},{"not_picked":["Barrage","Reprogram"],"picked":"Gash","floor":2},{"not_picked":["Force Field","Cold Snap"],"picked":"Capacitor","floor":4},{"not_picked":["Rebound","Turbo"],"picked":"Static Discharge","floor":5},{"not_picked":["Skim","Capacitor"],"picked":"Buffer","floor":6},{"not_picked":["Turbo","Doom and Gloom"],"picked":"Storm","floor":8},{"not_picked":["Ball Lightning","All For One"],"picked":"Loop","floor":12},{"not_picked":["Auto Shields","Conserve Battery"],"picked":"Gash","floor":13},{"not_picked":["Reboot","Rainbow"],"picked":"Echo Form","floor":16},{"not_picked":["Hologram","Conserve Battery"],"picked":"Undo","floor":18},{"not_picked":["Force Field","Turbo"],"picked":"Darkness+1","floor":21}],"player_experience":996714,"potions_floor_usage":[6,21,21,21],"damage_taken":[{"damage":7,"enemies":"2 Louse","floor":1,"turns":2},{"damage":0,"enemies":"Cultist","floor":2,"turns":3},{"damage":13,"enemies":"Small Slimes","floor":4,"turns":3},{"damage":16,"enemies":"Blue Slaver","floor":5,"turns":3},{"damage":3,"enemies":"3 Louse","floor":6,"turns":3},{"damage":16,"enemies":"Gremlin Nob","floor":8,"turns":4},{"damage":6,"enemies":"Looter","floor":12,"turns":4},{"damage":20,"enemies":"Lagavulin","floor":13,"turns":5},{"damage":36,"enemies":"Hexaghost","floor":16,"turns":6},{"damage":41,"enemies":"Chosen","floor":18,"turns":5},{"damage":0,"enemies":"3 Byrds","floor":21,"turns":2},{"damage":15,"enemies":"Snake Plant","floor":22,"turns":2}],"relics_obtained":[{"floor":8,"key":"Potion Belt"},{"floor":9,"key":"Bag of Preparation"},{"floor":13,"key":"Art of War"}],"event_choices":[{"event_name":"Upgrade Shrine","player_choice":"Upgraded","floor":3,"damage_taken":0},{"event_name":"Golden Idol","player_choice":"Lose Max HP","floor":14,"damage_taken":0},{"event_name":"Purifier","player_choice":"One Purge","floor":20,"damage_taken":0}],"boss_relics":[{"not_picked":["Calling Bell","Lizard Tail"],"picked":"Philosopher\u0027s Stone"}],"potions_floor_spawned":[4,5,6,12,18],"seed_played":"-1160915524015296039","killed_by":"Snake Plant","ascension_level":15,"potions_obtained":[{"floor":4,"key":"Strength Potion"},{"floor":5,"key":"Explosive Potion"},{"floor":6,"key":"SteroidPotion"},{"floor":12,"key":"Explosive Potion"},{"floor":18,"key":"Fire Potion"}],"is_trial":false}