{"gold_per_floor":[113,188,188,4,4,4,18,49,49,65,100,119,147,167,167,245,245,258,270,32,32,46,46,71,88,88,108,108,108,108],"floor_reached":30,"playtime":1926,"items_purged":["Strike_B"],"score":740,"play_id":"85d2b8bb-c481-450b-8c77-8175d596053d","local_time":"20190418082508","is_ascension_mode":true,"campfire_choices":[{"data":"Zap","floor":6.0,"key":"SMITH"},{"data":"Consume","floor":15.0,"key":"SMITH"},{"data":"Defragment","floor":23,"key":"SMITH"},{"floor":29,"key":"REST"}],"neow_cost":"NONE","seed_source_timestamp":601722922951474,"circlet_count":0,"master_deck":["AscendersBane","Strike_B+1","Strike_B+1","Strike_B+1","Defend_B+1","Defend_B+1","Defend_B+1","Defend_B+1","Zap+1","Dualcast+1","Rip and Tear","Capacitor","Streamline+1","Auto Shields","Beam Cell","Consume+1","Conserve Battery","Hologram","Cold Snap","Fission","Reboot","Sweeping Beam+1","Go for the Eyes+1","Defragment+1","BootSequence","Storm"],"special_seed":0,"relics":["Cracked Core","NeowsBlessing","Mummified Hand","Dead Branch","Pocketwatch","Blue Candle","Thread and Needle","Sozu","Art of War","Smiling Mask","Symbiotic Virus"],"potions_floor_usage":[22],"damage_taken":[{"damage":0.0,"enemies":"2 Louse","floor":1.0,"turns":1.0},{"damage":0.0,"enemies":"Jaw Worm","floor":7.0,"turns":1.0},{"damage":0.0,"enemies":"Gremlin Nob","floor":8.0,"turns":1.0},{"damage":0.0,"enemies":"Cultist","floor":10.0,"turns":2.0},{"damage":0.0,"enemies":"Lagavulin","floor":11.0,"turns":4.0},{"damage":4.0,"enemies":"Red Slaver","floor":12.0,"turns":3.0},{"damage":12.0,"enemies":"3 Sentries","floor":13.0,"turns":6.0},{"damage":1.0,"enemies":"Lots of Slimes","floor":14.0,"turns":4.0},{"damage":1.0,"enemies":"Hexaghost","floor":16.0,"turns":8.0},{"damage":10.0,"enemies":"2 Thieves","floor":18.0,"turns":4.0},{"damage":0,"enemies":"Shell Parasite","floor":19,"turns":5},{"damage":6,"enemies":"Centurion and Healer","floor":22,"turns":6},{"damage":28,"enemies":"Slavers","floor":24,"turns":7},{"damage":0,"enemies":"3 Cultists","floor":25,"turns":4},{"damage":15,"enemies":"Sentry and Sphere","floor":27,"turns":6},{"damage":30,"enemies":"Gremlin Leader","floor":30,"turns":4}],"seed_played":"130766662151690994","potions_obtained":[{"floor":1.0,"key":"Swift Potion"},{"floor":10.0,"key":"Ancient Potion"},{"floor":12.0,"key":"LiquidBronze"}],"is_trial":false,"path_per_floor":["?","T","?","M","?","M","M","?"],"character_chosen":"DEFECT","items_purchased":["Capacitor","Streamline","Auto Shields","Art of War"],"campfire_rested":1,"item_purchase_floors":[4,4,4,20],"current_hp_per_floor":[64,53,53,53,53,53,53,53,53,53,53,49,37,36,36,35,62,52,52,52,52,46,46,18,18,18,3,3,24,0],"gold":108,"neow_bonus":"THREE_ENEMY_KILL","is_prod":false,"is_daily":false,"chose_seed":false,"campfire_upgraded":3,"win_rate":0,"timestamp":1555593908,"path_taken":["M","?","?","$","?","R","?","E","T","M","E","M","E","M","R","BOSS","M","M","$","?","?","R","E","M","T","?","?","R","E"],"build_version":"2019-01-23","purchased_purges":1,"victory":false,"max_hp_per_floor":[71,71,71,71,71,71,71,71,71,71,71,71,71,71,71,71,71,71,71,71,71,71,71,71,71,71,71,71,71,71],"card_choices":[{"not_picked":["Leap","Steam"],"picked":"Rip and Tear","floor":1.0},{"not_picked":["Rebound","Darkness"],"picked":"Beam Cell","floor":7.0},{"not_picked":["Hello World","Leap"],"picked":"Consume","floor":8.0},{"not_picked":["Lockon","Barrage"],"picked":"Conserve Battery","floor":10.0},{"not_picked":["Undo","Skim"],"picked":"Hologram","floor":11.0},{"not_picked":["Rebound","Reprogram"],"picked":"Cold Snap","floor":12.0},{"not_picked":["Coolheaded","Go for the Eyes"],"picked":"Fission","floor":13.0},{"not_picked":["Gash","Coolheaded","Sunder"],"picked":"SKIP","floor":14.0},{"not_picked":["Core Surge","Fission"],"picked":"Reboot","floor":16.0},{"not_picked":["Turbo","Lockon"],"picked":"Sweeping Beam+1","floor":18.0},{"not_picked":["Leap","Conserve Battery"],"picked":"Go for the Eyes+1","floor":19},{"not_picked":["Ball Lightning","Streamline+1"],"picked":"Defragment","floor":22},{"not_picked":["Reprogram+1","Heatsinks"],"picked":"BootSequence","floor":24},{"not_picked":["Fusion","Loop"],"picked":"Storm","floor":25},{"not_picked":["Beam Cell","Go for the Eyes","Hologram"],"picked":"SKIP","floor":27}],"player_experience":446435,"relics_obtained":[{"floor":3.0,"key":"Mummified Hand"},{"floor":8.0,"key":"Dead Branch"},{"floor":9.0,"key":"Pocketwatch"},{"floor":11.0,"key":"Blue Candle"},{"floor":13.0,"key":"Thread and Needle"},{"floor":24,"key":"Smiling Mask"},{"floor":26,"key":"Symbiotic Virus"}],"event_choices":[{"damage_healed":0.0,"max_hp_gain":0.0,"max_hp_loss":0.0,"gold_gain":75.0,"event_name":"World of Goop","player_choice":"Gather Gold","floor":2.0,"gold_loss":0.0,"damage_taken":11.0},{"damage_healed":0.0,"max_hp_gain":0.0,"max_hp_loss":0.0,"gold_gain":0.0,"event_name":"Accursed Blacksmith","player_choice":"Forge","floor":5.0,"gold_loss":0.0,"damage_taken":0.0,"cards_upgraded":["Streamline"]},{"damage_healed":0,"gold_gain":0,"player_choice":"Upgraded","damage_taken":0,"max_hp_gain":0,"max_hp_loss":0,"event_name":"Upgrade Shrine","floor":21,"gold_loss":0,"cards_upgraded":["Dualcast"]},{"damage_healed":0,"gold_gain":0,"player_choice":"Simplicity","damage_taken":0,"max_hp_gain":0,"max_hp_loss":0,"event_name":"Back to Basics","floor":28,"gold_loss":0,"cards_upgraded":["Strike_B","Strike_B","Strike_B","Defend_B","Defend_B","Defend_B","Defend_B"]}],"is_beta":false,"boss_relics":[{"not_picked":["Black Star","Astrolabe"],"picked":"Sozu"}],"items_purged_floors":[20],"is_endless":false,"potions_floor_spawned":[1,10,12,19,22,27],"killed_by":"Gremlin Leader","ascension_level":20}