{"gold_per_floor":[111,111,36,46,60,60,60,72,95,125,300,333,408,420,420,521,521,535,548,548,564,599,626,11,27,27,44,44,71,86,0,0,96,96,106,116,116,30,130,163,163,190,213,213,244,28,40,53,53,53],"floor_reached":50,"playtime":5832,"items_purged":["Pain"],"score":685,"play_id":"66be9577-70f5-494c-887d-e23e4c282e24","local_time":"20190209053917","is_ascension_mode":true,"campfire_choices":[{"data":"Neutralize","floor":7,"key":"SMITH"},{"data":"Footwork","floor":15,"key":"SMITH"},{"data":"Bullet Time","floor":28,"key":"SMITH"},{"data":"Panacea","floor":32,"key":"SMITH"},{"floor":41,"key":"RECALL"},{"floor":44,"key":"REST"},{"floor":49,"key":"REST"}],"neow_cost":"NONE","seed_source_timestamp":3881536749337,"circlet_count":0,"master_deck":["Defend_G","Defend_G","Defend_G","Defend_G","Defend_G","Strike_G","Strike_G","Strike_G","Strike_G","Strike_G","Survivor","Neutralize+1","Footwork+1","Backstab","Well Laid Plans","Terror","After Image","All Out Attack","Bullet Time+1","All Out Attack+1","Backflip","Parasite","Bane","Deadly Poison+1","Leg Sweep","Tools of the Trade","Backflip","Deflect+1","Streamline","Panacea+1","Panacea","Thinking Ahead","Catalyst+1","Power Through","Bandage Up","Dual Wield+1","Doom and Gloom","Chrysalis","Footwork","Backflip","All Out Attack+1","Disarm+1"],"relics":["Ring of the Snake","NeowsBlessing","WarpedTongs","Blood Vial","Bronze Scales","Eternal Feather","Red Mask","Happy Flower","PrismaticShard","Bird Faced Urn","Pantograph","Anchor","Fusion Hammer","Boot","Letter Opener","Art of War","Du-Vu Doll"],"potions_floor_usage":[10,16,21,22,27,29,30,33,35,40,40,42,48,50],"damage_taken":[{"damage":0,"enemies":"Small Slimes","floor":1,"turns":1},{"damage":0,"enemies":"Cultist","floor":4,"turns":1},{"damage":0,"enemies":"2 Louse","floor":5,"turns":1},{"damage":0,"enemies":"Blue Slaver","floor":8,"turns":3},{"damage":3,"enemies":"3 Sentries","floor":10,"turns":10},{"damage":7,"enemies":"Lagavulin","floor":12,"turns":8},{"damage":0,"enemies":"Red Slaver","floor":14,"turns":4},{"damage":7,"enemies":"The Guardian","floor":16,"turns":12},{"damage":16,"enemies":"2 Thieves","floor":18,"turns":5},{"damage":19,"enemies":"Spheric Guardian","floor":19,"turns":6},{"damage":9,"enemies":"Snake Plant","floor":21,"turns":3},{"damage":1,"enemies":"Masked Bandits","floor":22,"turns":4},{"damage":22,"enemies":"Gremlin Leader","floor":23,"turns":6},{"damage":15,"enemies":"Centurion and Healer","floor":25,"turns":6},{"damage":3,"enemies":"Snecko","floor":27,"turns":6},{"damage":0,"enemies":"Book of Stabbing","floor":29,"turns":5},{"damage":26,"enemies":"Sentry and Sphere","floor":30,"turns":8},{"damage":35,"enemies":"Collector","floor":33,"turns":8},{"damage":15,"enemies":"3 Darklings","floor":35,"turns":3},{"damage":6,"enemies":"Orb Walker","floor":36,"turns":3},{"damage":29,"enemies":"Nemesis","floor":40,"turns":7},{"damage":13,"enemies":"Giant Head","floor":42,"turns":9},{"damage":1,"enemies":"Nemesis","floor":45,"turns":7},{"damage":6,"enemies":"Maw","floor":47,"turns":9},{"damage":46,"enemies":"Transient","floor":48,"turns":5},{"damage":98,"enemies":"Donu and Deca","floor":50,"turns":8}],"seed_played":"7098664708416232733","potions_obtained":[{"floor":4,"key":"Ancient Potion"},{"floor":5,"key":"Explosive Potion"},{"floor":12,"key":"Poison Potion"},{"floor":19,"key":"Explosive Potion"},{"floor":23,"key":"Poison Potion"},{"floor":27,"key":"SteroidPotion"},{"floor":33,"key":"SkillPotion"},{"floor":35,"key":"Strength Potion"},{"floor":36,"key":"Energy Potion"},{"floor":37,"key":"SkillPotion"},{"floor":37,"key":"Poison Potion"},{"floor":47,"key":"GamblersBrew"}],"is_trial":false,"path_per_floor":["M","?","$","M","M","$","R","M","T","E","?","E","?","M","R","B",null,"M","M","?","M","?","E","$","M","T","M","R","E","M","$","R","B",null,"M","M","?","$","?","E","R","E","T","R","E","$","M","M","R","B"],"character_chosen":"THE_SILENT","items_purchased":["PrismaticShard","Bird Faced Urn","Backflip","Strength Potion","SpeedPotion","Panacea","Bandage Up","Footwork","Backflip","Regen Potion","SpeedPotion"],"campfire_rested":2,"item_purchase_floors":[24,24,24,24,24,31,38,46,46,46,46],"current_hp_per_floor":[70,70,70,70,70,70,70,70,70,67,67,62,55,57,57,52,70,54,37,37,30,31,11,11,6,6,13,28,38,22,22,40,40,70,57,55,55,55,55,40,61,57,57,70,70,70,64,34,70,0],"gold":53,"neow_bonus":"THREE_ENEMY_KILL","is_prod":false,"is_daily":false,"chose_seed":false,"campfire_upgraded":4,"win_rate":0,"timestamp":1549708757,"path_taken":["M","?","?","?","M","?","R","M","T","E","?","E","?","M","R","BOSS","M","M","?","M","?","E","$","M","T","M","R","E","M","?","R","BOSS","M","M","?","?","?","E","R","E","T","R","E","$","?","M","R","BOSS"],"build_version":"2019-01-23","purchased_purges":1,"victory":false,"max_hp_per_floor":[70,70,70,70,70,70,70,70,70,70,70,70,70,70,70,70,70,70,70,70,70,70,70,70,70,70,70,70,70,70,70,70,70,70,70,70,70,70,70,70,70,70,70,70,70,70,70,70,70,70],"card_choices":[{"not_picked":["Sucker Punch","Acrobatics"],"picked":"Footwork","floor":1},{"not_picked":["Slice","Quick Slash"],"picked":"Backstab","floor":4},{"not_picked":["Tactician","Quick Slash"],"picked":"Well Laid Plans","floor":5},{"not_picked":["Underhanded Strike","Blade Dance"],"picked":"Accuracy","floor":8},{"not_picked":["Cloak And Dagger","Acrobatics"],"picked":"Terror","floor":10},{"not_picked":["PiercingWail","Dash"],"picked":"After Image","floor":12},{"not_picked":["Outmaneuver","Underhanded Strike"],"picked":"All Out Attack","floor":14},{"not_picked":["Night Terror","Burst"],"picked":"Bullet Time","floor":16},{"not_picked":["Quick Slash","Poisoned Stab"],"picked":"All Out Attack+1","floor":18},{"not_picked":["Deadly Poison","Escape Plan"],"picked":"Backflip","floor":19},{"not_picked":["Sucker Punch","Catalyst"],"picked":"Deadly Poison+1","floor":21},{"not_picked":["Dagger Spray","Dodge and Roll"],"picked":"Leg Sweep","floor":22},{"not_picked":["Glass Knife","Infinite Blades"],"picked":"Tools of the Trade","floor":23},{"not_picked":["Heavy Blade","Cloak And Dagger","Go for the Eyes"],"picked":"SKIP","floor":25},{"not_picked":["Steam","Armaments"],"picked":"Deflect+1","floor":27},{"not_picked":["Terror","Body Slam"],"picked":"Streamline","floor":29},{"not_picked":["Wild Strike+1","Streamline"],"picked":"Panacea","floor":30},{"not_picked":["Biased Cognition","Limit Break"],"picked":"Thinking Ahead","floor":33},{"not_picked":["Steam","Pommel Strike+1"],"picked":"Catalyst+1","floor":35},{"not_picked":["Gash+1","Warcry"],"picked":"Power Through","floor":36},{"not_picked":["Reflex+1","Masterful Stab"],"picked":"Dual Wield+1","floor":40},{"not_picked":["Reckless Charge+1","Slice"],"picked":"Doom and Gloom","floor":42},{"not_picked":["Beam Cell+1","Body Slam"],"picked":"Chrysalis","floor":45},{"not_picked":["Flying Knee","Barrage"],"picked":"All Out Attack+1","floor":47},{"not_picked":["Deflect","Sentinel"],"picked":"Disarm+1","floor":48}],"player_experience":89101,"relics_obtained":[{"floor":10,"key":"Blood Vial"},{"floor":12,"key":"Bronze Scales"},{"floor":22,"key":"Red Mask"},{"floor":23,"key":"Happy Flower"},{"floor":26,"key":"Pantograph"},{"floor":29,"key":"Anchor"},{"floor":40,"key":"Boot"},{"floor":42,"key":"Letter Opener"},{"floor":43,"key":"Art of War"},{"floor":45,"key":"Du-Vu Doll"}],"event_choices":[{"damage_healed":0,"gold_gain":0,"player_choice":"Rummage","damage_taken":0,"relics_obtained":["WarpedTongs"],"max_hp_gain":0,"max_hp_loss":0,"event_name":"Accursed Blacksmith","floor":2,"gold_loss":0,"cards_obtained":["Pain"]},{"damage_healed":0,"gold_gain":175,"player_choice":"AGREE","damage_taken":0,"max_hp_gain":0,"max_hp_loss":0,"event_name":"Liars Game","floor":11,"gold_loss":0,"cards_obtained":["Doubt"]},{"damage_healed":0,"gold_gain":75,"player_choice":"Touch","damage_taken":7,"max_hp_gain":0,"max_hp_loss":0,"event_name":"FaceTrader","floor":13,"gold_loss":0},{"damage_healed":0,"gold_gain":0,"cards_transformed":["Doubt","Accuracy"],"player_choice":"Became Test Subject","damage_taken":0,"max_hp_gain":0,"max_hp_loss":0,"event_name":"Drug Dealer","floor":20,"gold_loss":0,"cards_obtained":["Parasite","Bane"]},{"damage_healed":0,"gold_gain":0,"player_choice":"Fought Bandits","damage_taken":0,"max_hp_gain":0,"max_hp_loss":0,"event_name":"Masked Bandits","floor":22,"gold_loss":0},{"damage_healed":0,"gold_gain":0,"player_choice":"Got Potions","damage_taken":0,"max_hp_gain":0,"max_hp_loss":0,"event_name":"Lab","floor":37,"gold_loss":0},{"damage_healed":0,"gold_gain":100,"player_choice":"Pray","damage_taken":0,"max_hp_gain":0,"max_hp_loss":0,"event_name":"Golden Shrine","floor":39,"gold_loss":0}],"is_beta":false,"boss_relics":[{"not_picked":["HoveringKite","Tiny House"],"picked":"Eternal Feather"},{"not_picked":["Astrolabe","Velvet Choker"],"picked":"Fusion Hammer"}],"items_purged_floors":[3],"is_endless":false,"potions_floor_spawned":[4,5,12,19,23,27,33,35,36,47],"killed_by":"Donu and Deca","ascension_level":1}