{"path_per_floor":["M","M","M","M","M","E","M","M","T","?","M","M","E"],"character_chosen":"DEFECT","items_purchased":[],"gold_per_floor":[15,30,48,61,75,106,122,140,163,163,177,193,224,224],"floor_reached":14,"campfire_rested":0,"playtime":401,"current_hp_per_floor":[54,54,47,45,39,25,21,17,17,17,14,9,5,0],"items_purged":[],"gold":224,"score":189,"play_id":"dc1a6f54-9266-4f3a-bc72-88f8126ebffb","local_time":"20180518131123","is_prod":false,"is_daily":false,"chose_seed":false,"is_ascension_mode":true,"campfire_upgraded":0,"timestamp":1526620283,"campfire_choices":[],"path_taken":["M","M","M","M","M","E","M","M","T","?","M","M","E","M"],"build_version":"2018-05-17","seed_source_timestamp":694138504250620,"purchased_purges":0,"victory":false,"master_deck":["Strike_B","Strike_B","Strike_B","Defend_B","Defend_B","Defend_B+1","Defend_B","Zap","Dualcast","AscendersBane","Turbo","Gash","All For One","Hologram+1","Melter","Coolheaded","Beam Cell","Reinforced Body","Hyperbeam"],"max_hp_per_floor":[71,71,71,71,71,85,85,85,85,85,85,85,85,85],"relics":["Cracked Core","Emotion Chip","Mango","War Paint","Regal Pillow"],"card_choices":[{"not_picked":["Skim","Stack"],"picked":"Turbo","floor":1.0},{"not_picked":["Leap","Glacier"],"picked":"Gash","floor":2.0},{"not_picked":["Ball Lightning","Tempest","Cold Snap"],"picked":"SKIP","floor":3.0},{"not_picked":["Ball Lightning","Hologram"],"picked":"All For One","floor":4.0},{"not_picked":["Steam","Capacitor"],"picked":"Hologram","floor":5.0},{"not_picked":["Go for the Eyes","Aggregate"],"picked":"Melter","floor":6.0},{"not_picked":["Skim","Sweeping Beam"],"picked":"Coolheaded","floor":7.0},{"not_picked":["Steam","Machine Learning"],"picked":"Beam Cell","floor":8.0},{"not_picked":["Turbo","Coolheaded"],"picked":"Reinforced Body","floor":11},{"not_picked":["Stack","Skim"],"picked":"Hyperbeam","floor":12},{"not_picked":["Stack","Skim","Sweeping Beam"],"picked":"SKIP","floor":13}],"player_experience":999503,"potions_floor_usage":[13],"damage_taken":[{"damage":10.0,"enemies":"2 Louse","floor":1.0,"turns":3.0},{"damage":0.0,"enemies":"Cultist","floor":2.0,"turns":3.0},{"damage":7.0,"enemies":"Jaw Worm","floor":3.0,"turns":3.0},{"damage":2.0,"enemies":"2 Fungi Beasts","floor":4.0,"turns":4.0},{"damage":6.0,"enemies":"Looter","floor":5.0,"turns":2.0},{"damage":28.0,"enemies":"Lagavulin","floor":6.0,"turns":7.0},{"damage":4.0,"enemies":"3 Louse","floor":7.0,"turns":3.0},{"damage":4.0,"enemies":"Red Slaver","floor":8.0,"turns":3.0},{"damage":3,"enemies":"Blue Slaver","floor":11,"turns":3},{"damage":5,"enemies":"2 Fungi Beasts","floor":12,"turns":3},{"damage":4,"enemies":"3 Sentries","floor":13,"turns":4},{"damage":9,"enemies":"Red Slaver","floor":14,"turns":2}],"relics_obtained":[{"floor":6.0,"key":"Mango"},{"floor":9.0,"key":"War Paint"},{"floor":13,"key":"Regal Pillow"}],"event_choices":[{"event_name":"Purifier","player_choice":"One Purge","floor":10.0,"damage_taken":0.0}],"boss_relics":[],"potions_floor_spawned":[2,5,6,7,11],"seed_played":"1727478898707135171","killed_by":"Red Slaver","ascension_level":15,"potions_obtained":[{"floor":2.0,"key":"FocusPotion"},{"floor":5.0,"key":"EssenceOfSteel"},{"floor":6.0,"key":"Swift Potion"}],"is_trial":false}