{"gold_per_floor":[112,131,2,16,31,31,63,74,74,88,101,136,151,218,218,290,290,303,316,343,359,179,179,210,190,190,201,230,230,241,260,260,338,388,405,405,627,627,642,642,700,700,700,93,93,105,105,144,144,144,144,144,21,73,73],"floor_reached":55,"playtime":3161,"items_purged":["Strike_B","Strike_B+1"],"score":1433,"play_id":"9d9dc39b-e5c7-4383-9f3c-c623ac5cbfd2","local_time":"20190325215044","is_ascension_mode":true,"campfire_choices":[{"data":"Consume","floor":6.0,"key":"SMITH"},{"floor":15.0,"key":"REST"},{"floor":23.0,"key":"REST"},{"floor":29.0,"key":"REST"},{"floor":32.0,"key":"REST"},{"floor":40.0,"key":"DIG"},{"floor":42.0,"key":"DIG"},{"data":"Defragment","floor":47.0,"key":"SMITH"},{"floor":49.0,"key":"RECALL"},{"floor":52.0,"key":"DIG"}],"neow_cost":"NONE","seed_source_timestamp":2684068773749874,"circlet_count":0,"master_deck":["AscendersBane","Strike_B+1","Strike_B+1","Defend_B+1","Defend_B+1","Defend_B+1","Defend_B+1","Zap+1","Dualcast+1","Skim+1","Consume+1","Defragment+1","Cold Snap+1","Leap+1","Ball Lightning+1","Conserve Battery+1","Coolheaded+1","Capacitor+1","Cold Snap+1","Cold Snap+1","Echo Form+1","Recycle+1","Hologram+1","BootSequence+1","Coolheaded+1","Fusion+1","Loop+1","Glacier+1","Capacitor+1","Stack+1","Glacier+1","Electrodynamics+1","Force Field+1","Coolheaded+1","HandOfGreed+1","Genetic Algorithm","Defragment+1","Barrage+1","Compile Driver+1","Stack","Doom and Gloom+1"],"special_seed":0,"relics":["Cracked Core","Molten Egg 2","Pear","Whetstone","Runic Dome","Red Mask","Calipers","Shovel","Sundial","Tiny House","Mark of the Bloom","Pantograph","Bronze Scales","Smiling Mask","Happy Flower","Prayer Wheel","Mercury Hourglass","Oddly Smooth Stone"],"potions_floor_usage":[55],"damage_taken":[{"damage":2.0,"enemies":"Jaw Worm","floor":1.0,"turns":3.0},{"damage":6.0,"enemies":"2 Louse","floor":2.0,"turns":3.0},{"damage":1.0,"enemies":"Cultist","floor":4.0,"turns":4.0},{"damage":6.0,"enemies":"2 Fungi Beasts","floor":5.0,"turns":4.0},{"damage":30.0,"enemies":"3 Sentries","floor":7.0,"turns":6.0},{"damage":3.0,"enemies":"Blue Slaver","floor":8.0,"turns":4.0},{"damage":0.0,"enemies":"Large Slime","floor":10.0,"turns":6.0},{"damage":12.0,"enemies":"3 Louse","floor":11.0,"turns":5.0},{"damage":0.0,"enemies":"Lagavulin","floor":12.0,"turns":11.0},{"damage":2.0,"enemies":"Exordium Wildlife","floor":13.0,"turns":6.0},{"damage":0.0,"enemies":"The Guardian","floor":16.0,"turns":12.0},{"damage":23.0,"enemies":"Shell Parasite","floor":18.0,"turns":6.0},{"damage":3.0,"enemies":"Chosen","floor":19.0,"turns":5.0},{"damage":12.0,"enemies":"Masked Bandits","floor":20.0,"turns":2.0},{"damage":1.0,"enemies":"Centurion and Healer","floor":21.0,"turns":8.0},{"damage":9.0,"enemies":"Slavers","floor":24.0,"turns":7.0},{"damage":25.0,"enemies":"Shelled Parasite and Fungi","floor":27.0,"turns":9.0},{"damage":34.0,"enemies":"Gremlin Leader","floor":28.0,"turns":8.0},{"damage":0.0,"enemies":"Chosen and Byrds","floor":30.0,"turns":8.0},{"damage":0.0,"enemies":"Centurion and Healer","floor":31.0,"turns":10.0},{"damage":4.0,"enemies":"Champ","floor":33.0,"turns":17.0},{"damage":7.0,"enemies":"3 Darklings","floor":35.0,"turns":9.0},{"damage":0.0,"enemies":"Orb Walker","floor":39.0,"turns":7.0},{"damage":21.0,"enemies":"Reptomancer","floor":41.0,"turns":12.0},{"damage":5.0,"enemies":"Sphere and 2 Shapes","floor":46.0,"turns":5.0},{"damage":0.0,"enemies":"Spire Growth","floor":48.0,"turns":10.0},{"damage":12.0,"enemies":"Donu and Deca","floor":50.0,"turns":13.0},{"damage":37.0,"enemies":"Shield and Spear","floor":54.0,"turns":11.0},{"damage":34,"enemies":"The Heart","floor":55,"turns":3}],"seed_played":"-1622177943011982099","potions_obtained":[{"floor":1.0,"key":"Poison Potion"},{"floor":2.0,"key":"Ancient Potion"},{"floor":10.0,"key":"PowerPotion"},{"floor":12.0,"key":"FocusPotion"},{"floor":21.0,"key":"Regen Potion"},{"floor":25.0,"key":"Strength Potion"},{"floor":28.0,"key":"FocusPotion"},{"floor":31.0,"key":"SkillPotion"}],"is_trial":false,"path_per_floor":["M","M","$","M","M","R","E","M","T","M","M","E","M","?","R","B",null,"M","M","?","M","$","R","E","?","T","M","E","R","M","M","R","B",null,"M","?","?","?","M","R","E","R","T","$","?","M","R","M","R","B",null,"R","$","E","B"],"character_chosen":"DEFECT","items_purchased":["Defragment","Cold Snap","Coolheaded","Fusion","Happy Flower","Prayer Wheel","Defragment","Barrage+1","LiquidBronze","Stack"],"campfire_rested":4,"item_purchase_floors":[3,3,22,22,44,44,44,44,53,53],"current_hp_per_floor":[69,63,63,62,56,56,26,23,33,33,21,21,19,19,45,45,77,54,51,39,38,38,64,70,70,70,45,11,37,37,37,63,59,86,79,79,79,79,79,79,58,58,58,58,58,53,53,53,53,41,41,41,41,4,0],"gold":73,"neow_bonus":"TEN_PERCENT_HP_BONUS","is_prod":false,"is_daily":false,"chose_seed":false,"campfire_upgraded":2,"win_rate":0,"timestamp":1553565044,"path_taken":["M","M","$","M","M","R","E","M","T","M","M","E","M","?","R","BOSS","M","M","?","M","$","R","E","?","T","M","E","R","?","M","R","BOSS","M","?","?","?","M","R","E","R","T","$","?","?","R","M","R","BOSS","R","$","E","BOSS"],"build_version":"2019-03-15","purchased_purges":2,"victory":false,"max_hp_per_floor":[78,78,78,78,78,78,78,78,88,88,88,88,88,88,88,88,88,88,88,88,88,88,88,88,88,88,88,88,88,88,88,88,88,93,93,93,93,93,93,93,93,93,93,93,93,93,93,93,93,93,93,93,93,93,93],"card_choices":[{"not_picked":["Blizzard","Beam Cell"],"picked":"Skim","floor":1.0},{"not_picked":["Cold Snap","FTL"],"picked":"Consume","floor":2.0},{"not_picked":["Auto Shields","Rip and Tear"],"picked":"Leap","floor":4.0},{"not_picked":["Hologram","Stack"],"picked":"Ball Lightning","floor":5.0},{"not_picked":["Hologram","Go for the Eyes"],"picked":"Conserve Battery","floor":7.0},{"not_picked":["Compile Driver+1","Conserve Battery"],"picked":"Coolheaded","floor":8.0},{"not_picked":["Barrage+1","Leap","Lockon+1"],"picked":"SKIP","floor":10.0},{"not_picked":["Multi-Cast","Turbo"],"picked":"Capacitor","floor":11.0},{"not_picked":["Gash+1","Steam"],"picked":"Cold Snap+1","floor":12.0},{"not_picked":["Go for the Eyes+1","Compile Driver+1"],"picked":"Cold Snap+1","floor":13.0},{"not_picked":["Thunder Strike+1","Meteor Strike+1"],"picked":"Echo Form","floor":16.0},{"not_picked":["Cold Snap+1","Hologram+1"],"picked":"Compile Driver+1","floor":18.0},{"not_picked":["Hologram","Reprogram+1"],"picked":"Recycle","floor":19.0},{"not_picked":["Compile Driver+1","Steam"],"picked":"Hologram","floor":20.0},{"not_picked":["Doom and Gloom+1","Conserve Battery"],"picked":"BootSequence+1","floor":21.0},{"not_picked":["Cold Snap+1","Hello World"],"picked":"Loop","floor":24.0},{"not_picked":["Multi-Cast","Loop"],"picked":"Glacier","floor":27.0},{"not_picked":["Chill","Static Discharge"],"picked":"Capacitor+1","floor":28.0},{"not_picked":["Cold Snap+1","Ball Lightning+1"],"picked":"Stack","floor":30.0},{"not_picked":["Rip and Tear+1","Leap+1"],"picked":"Glacier","floor":31.0},{"not_picked":["Core Surge+1","Buffer"],"picked":"Electrodynamics","floor":33.0},{"not_picked":["Consume","Sweeping Beam+1"],"picked":"Force Field+1","floor":34.0},{"not_picked":["Tempest","Scrape+1"],"picked":"Coolheaded","floor":35.0},{"not_picked":["Secret Weapon","Secret Technique"],"picked":"HandOfGreed+1","floor":36.0},{"not_picked":["Rebound+1","Streamline+1","Hello World"],"picked":"SKIP","floor":39.0},{"not_picked":["Hologram","Gash+1"],"picked":"Genetic Algorithm","floor":41.0},{"not_picked":["Fusion+1","Cold Snap+1","Rebound+1"],"picked":"SKIP","floor":46.0},{"not_picked":["Fusion+1","Tempest","Cold Snap+1"],"picked":"SKIP","floor":46.0},{"not_picked":["Go for the Eyes+1","Streamline+1"],"picked":"Compile Driver+1","floor":48.0},{"not_picked":["Rip and Tear+1","Go for the Eyes+1","Cold Snap+1"],"picked":"SKIP","floor":48.0},{"not_picked":["Skim","Blizzard+1"],"picked":"Doom and Gloom+1","floor":54.0}],"player_experience":854064,"relics_obtained":[{"floor":7.0,"key":"Molten Egg 2"},{"floor":9.0,"key":"Pear"},{"floor":12.0,"key":"Whetstone"},{"floor":20.0,"key":"Red Mask"},{"floor":24.0,"key":"Calipers"},{"floor":26.0,"key":"Shovel"},{"floor":28.0,"key":"Sundial"},{"floor":40.0,"key":"Pantograph"},{"floor":41.0,"key":"Bronze Scales"},{"floor":42.0,"key":"Smiling Mask"},{"floor":52.0,"key":"Mercury Hourglass"},{"floor":54.0,"key":"Oddly Smooth Stone"}],"event_choices":[{"damage_healed":0.0,"max_hp_gain":0.0,"max_hp_loss":0.0,"gold_gain":67.0,"event_name":"Golden Wing","player_choice":"Gained Gold","floor":14.0,"gold_loss":0.0,"damage_taken":0.0},{"damage_healed":0.0,"max_hp_gain":0.0,"max_hp_loss":0.0,"gold_gain":0.0,"event_name":"Masked Bandits","player_choice":"Fought Bandits","floor":20.0,"gold_loss":0.0,"damage_taken":0.0},{"damage_healed":0.0,"max_hp_gain":0.0,"max_hp_loss":0.0,"gold_gain":0.0,"event_name":"The Woman in Blue","player_choice":"Bought 1 Potion","floor":25.0,"gold_loss":0.0,"damage_taken":0.0},{"damage_healed":0.0,"max_hp_gain":0.0,"max_hp_loss":0.0,"gold_gain":0.0,"event_name":"SensoryStone","player_choice":"Memory 1","floor":36.0,"gold_loss":0.0,"damage_taken":0.0},{"damage_healed":0.0,"max_hp_gain":0.0,"max_hp_loss":0.0,"gold_gain":222.0,"event_name":"Tomb of Lord Red Mask","player_choice":"Wore Mask","floor":37.0,"gold_loss":0.0,"damage_taken":0.0},{"damage_healed":0.0,"max_hp_gain":0.0,"max_hp_loss":0.0,"gold_gain":0.0,"event_name":"MindBloom","player_choice":"Upgrade","floor":38.0,"gold_loss":0.0,"damage_taken":0.0,"cards_upgraded":["Strike_B","Strike_B","Defend_B","Defend_B","Defend_B","Defend_B","Zap","Dualcast","Skim","Defragment","Cold Snap","Leap","Conserve Battery","Capacitor","Echo Form","Recycle","Hologram","Coolheaded","Fusion","Loop","Glacier","Stack","Glacier","Electrodynamics","Coolheaded"],"relics_obtained":["Mark of the Bloom"]},{"cards_removed":["Compile Driver"],"damage_healed":0.0,"max_hp_gain":0.0,"max_hp_loss":0.0,"gold_gain":0.0,"event_name":"Falling","player_choice":"Removed Attack","floor":45.0,"gold_loss":0.0,"damage_taken":0.0}],"is_beta":true,"boss_relics":[{"not_picked":["Fusion Hammer","Orrery"],"picked":"Runic Dome"},{"not_picked":["Coffee Dripper","Lizard Tail"],"picked":"Tiny House"}],"items_purged_floors":[22,44],"is_endless":false,"potions_floor_spawned":[1,2,10,11,12,21,28,31,33,35,39,41],"killed_by":"The Heart","ascension_level":15}