{"gold_per_floor":[118,137,151,151,161,161,80,113,151,173,185,19,47,59,59,161,161,179,179,146,146],"floor_reached":21,"playtime":840,"items_purged":[],"score":189,"play_id":"a29c9a75-ab19-443b-913e-d6a5fa62d2d8","local_time":"20190127150838","is_ascension_mode":false,"campfire_choices":[{"floor":11,"key":"REST"},{"floor":15,"key":"REST"}],"neow_cost":"NONE","seed_source_timestamp":338012342245286,"circlet_count":0,"master_deck":["Strike_B","Strike_B","Strike_B","Strike_B","Defend_B","Defend_B","Defend_B","Defend_B","Zap+1","Dualcast+1","BootSequence","Barrage","All For One","Apotheosis","Defragment"],"relics":["Cracked Core","MawBank","Strawberry","Eternal Feather"],"potions_floor_usage":[8,13],"damage_taken":[{"damage":0,"enemies":"Cultist","floor":1,"turns":4},{"damage":0,"enemies":"Small Slimes","floor":2,"turns":2},{"damage":0,"enemies":"Jaw Worm","floor":3,"turns":3},{"damage":0,"enemies":"Blue Slaver","floor":5,"turns":3},{"damage":16,"enemies":"Lagavulin","floor":8,"turns":6},{"damage":14,"enemies":"Exordium Thugs","floor":10,"turns":3},{"damage":28,"enemies":"Gremlin Nob","floor":13,"turns":5},{"damage":0,"enemies":"Large Slime","floor":14,"turns":3},{"damage":24,"enemies":"Slime Boss","floor":16,"turns":9},{"damage":27,"enemies":"2 Thieves","floor":18,"turns":4},{"damage":0,"enemies":"Shell Parasite","floor":21,"turns":2}],"seed_played":"-6318942085738218874","potions_obtained":[{"floor":3,"key":"FocusPotion"},{"floor":5,"key":"Dexterity Potion"},{"floor":10,"key":"Weak Potion"}],"is_trial":false,"path_per_floor":["M","M","M","?","M","?","$","E","T","M","R","$","E","M","R","B",null,"M","?","$","M"],"character_chosen":"DEFECT","items_purchased":["All For One","Apotheosis","Defragment"],"campfire_rested":2,"item_purchase_floors":[7,12,20],"current_hp_per_floor":[75,75,75,75,75,80,80,64,64,50,74,74,53,53,79,55,87,60,60,60,60],"gold":146,"neow_bonus":"UPGRADE_CARD","is_prod":false,"is_daily":false,"chose_seed":false,"campfire_upgraded":0,"win_rate":0,"timestamp":1548619718,"path_taken":["M","M","?","?","M","?","?","E","T","M","R","?","E","M","R","BOSS","M","?","$","M"],"build_version":"2019-01-23","purchased_purges":0,"victory":false,"max_hp_per_floor":[75,75,75,75,75,80,80,80,80,80,80,80,87,87,87,87,87,87,87,87,87],"card_choices":[{"not_picked":["Barrage","Blizzard"],"picked":"BootSequence","floor":1},{"not_picked":["Ball Lightning","Hologram","Stack"],"picked":"SKIP","floor":2},{"not_picked":["Streamline","Rebound"],"picked":"Barrage","floor":3},{"not_picked":["Tempest","Redo","Sweeping Beam"],"picked":"SKIP","floor":5},{"not_picked":["Compile Driver","Leap","Hologram"],"picked":"SKIP","floor":8},{"not_picked":["Conserve Battery","Streamline","Melter"],"picked":"SKIP","floor":10},{"not_picked":["Reprogram","Undo","Self Repair"],"picked":"SKIP","floor":13},{"not_picked":["Doom and Gloom","Cold Snap","Reprogram"],"picked":"SKIP","floor":14},{"not_picked":["Force Field","Redo","Rebound"],"picked":"SKIP","floor":18}],"player_experience":169237,"relics_obtained":[{"floor":8,"key":"MawBank"},{"floor":13,"key":"Strawberry"}],"event_choices":[{"damage_healed":0,"gold_gain":0,"player_choice":"Grow","damage_taken":0,"max_hp_gain":0,"max_hp_loss":0,"event_name":"Living Wall","floor":4,"gold_loss":0,"cards_upgraded":["Dualcast"]},{"damage_healed":0,"gold_gain":0,"player_choice":"Donut","damage_taken":0,"max_hp_gain":5,"max_hp_loss":0,"event_name":"Big Fish","floor":6,"gold_loss":0},{"damage_healed":0,"gold_gain":0,"player_choice":"Ignored","damage_taken":0,"max_hp_gain":0,"max_hp_loss":0,"event_name":"Beggar","floor":19,"gold_loss":0}],"is_beta":false,"boss_relics":[{"not_picked":["Cursed Key","Busted Crown"],"picked":"Eternal Feather"}],"items_purged_floors":[],"is_endless":false,"potions_floor_spawned":[3,5,10],"killed_by":"Shell Parasite","ascension_level":0}