{"gold_per_floor":[113,124,11,29,49,49,76,97,97,97,115,135,168,187,187,292,292,217,217,217,217,142,142,142,19,19,19,19,19,19,19,19,19,19,19,19,19,19,19,19,19,19,19,19,19,0,0,0,0,0],"floor_reached":50,"playtime":3368,"items_purged":["Writhe"],"score":859,"play_id":"3ca0660e-ca0c-4cef-895c-6ec94509b254","local_time":"20181126183747","is_ascension_mode":true,"campfire_choices":[{"data":"Go for the Eyes","floor":6,"key":"SMITH"},{"data":"Hologram","floor":10,"key":"SMITH"},{"data":"Gash","floor":15,"key":"SMITH"},{"data":"Defragment","floor":23,"key":"SMITH"},{"data":"Fission","floor":30,"key":"SMITH"},{"data":"Dualcast","floor":32,"key":"SMITH"},{"floor":44,"key":"RECALL"},{"floor":47,"key":"REST"},{"floor":49,"key":"REST"}],"neow_cost":"NONE","seed_source_timestamp":89950503708916,"circlet_count":0,"master_deck":["AscendersBane","Strike_B","Strike_B","Strike_B","Strike_B","Defend_B","Defend_B","Defend_B","Defend_B","Zap+1","Dualcast+1","Leap","Gash+1","Glacier","Self Repair","Go for the Eyes+1","Hologram+1","Genetic Algorithm+1","Defragment+1","Machine Learning","All For One","Compile Driver","Fission+1","Gash","Gash+1","Hologram+1","Rebound+1","Capacitor+1","Steam","Glacier","BootSequence","Steam","Echo Form+1","Conserve Battery+1","Madness","Madness+1","Consume+1","Recycle+1","Beam Cell+1","Conserve Battery+1","Streamline+1","Defragment+1","Conserve Battery+1"],"relics":["Cracked Core","Bag of Preparation","Odd Mushroom","Happy Flower","Mummified Hand","Ectoplasm","Frozen Egg 2","The Courier","Dream Catcher","War Paint","Art of War","Matryoshka","Red Mask"],"potions_floor_usage":[8,27,27,33,48,50],"damage_taken":[{"damage":0,"enemies":"Small Slimes","floor":1,"turns":3},{"damage":5,"enemies":"2 Louse","floor":2,"turns":3},{"damage":0,"enemies":"Cultist","floor":4,"turns":3},{"damage":1,"enemies":"Looter","floor":5,"turns":5},{"damage":4,"enemies":"Lagavulin","floor":7,"turns":10},{"damage":8,"enemies":"The Mushroom Lair","floor":8,"turns":5},{"damage":3,"enemies":"Blue Slaver","floor":11,"turns":4},{"damage":9,"enemies":"3 Louse","floor":12,"turns":4},{"damage":17,"enemies":"3 Sentries","floor":13,"turns":9},{"damage":0,"enemies":"Looter","floor":14,"turns":3},{"damage":29,"enemies":"Slime Boss","floor":16,"turns":10},{"damage":22,"enemies":"2 Thieves","floor":18,"turns":4},{"damage":1,"enemies":"Spheric Guardian","floor":20,"turns":3},{"damage":22,"enemies":"Snake Plant","floor":24,"turns":5},{"damage":14,"enemies":"Book of Stabbing","floor":27,"turns":4},{"damage":6,"enemies":"Gremlin Leader","floor":29,"turns":8},{"damage":4,"enemies":"Centurion and Healer","floor":31,"turns":4},{"damage":7,"enemies":"Automaton","floor":33,"turns":7},{"damage":27,"enemies":"3 Darklings","floor":35,"turns":6},{"damage":0,"enemies":"Orb Walker","floor":36,"turns":3},{"damage":7,"enemies":"Spire Growth","floor":38,"turns":8},{"damage":4,"enemies":"3 Darklings","floor":39,"turns":6},{"damage":35,"enemies":"Giant Head","floor":40,"turns":9},{"damage":0,"enemies":"Maw","floor":41,"turns":6},{"damage":10,"enemies":"Transient","floor":42,"turns":5},{"damage":24,"enemies":"Nemesis","floor":45,"turns":9},{"damage":28,"enemies":"Sphere and 2 Shapes","floor":48,"turns":7},{"damage":42,"enemies":"Awakened One","floor":50,"turns":9}],"seed_played":"3814843867021841009","potions_obtained":[{"floor":2,"key":"Fire Potion"},{"floor":5,"key":"GamblersBrew"},{"floor":7,"key":"Fire Potion"},{"floor":11,"key":"Poison Potion"},{"floor":12,"key":"Regen Potion"},{"floor":29,"key":"PowerPotion"},{"floor":33,"key":"GamblersBrew"},{"floor":35,"key":"Poison Potion"},{"floor":41,"key":"PowerPotion"},{"floor":42,"key":"PowerPotion"},{"floor":48,"key":"Dexterity Potion"}],"is_trial":false,"path_per_floor":["M","M","$","M","M","R","E","?","T","R","M","M","E","M","R","B",null,"M","?","M","?","$","R","M","$","T","E","?","E","R","M","R","B",null,"M","M","?","M","M","E","M","M","T","R","E","?","R","M","R","B"],"character_chosen":"DEFECT","items_purchased":["Glacier","Self Repair","Capacitor+1","Steam"],"campfire_rested":2,"item_purchase_floors":[3,3,25,25],"current_hp_per_floor":[68,63,63,70,75,75,75,74,74,74,75,73,63,63,63,41,67,52,52,58,58,58,58,43,43,43,48,48,49,49,52,52,52,69,49,49,40,47,57,29,36,33,33,33,16,16,38,17,39,0],"gold":0,"neow_bonus":"UPGRADE_CARD","is_prod":false,"is_daily":false,"chose_seed":false,"campfire_upgraded":6,"win_rate":0,"timestamp":1543237667,"path_taken":["M","M","$","M","M","R","E","?","T","R","M","M","E","M","R","BOSS","M","?","?","?","$","R","M","$","T","E","?","E","R","M","R","BOSS","M","M","?","M","M","E","M","M","T","R","E","?","R","M","R","BOSS"],"build_version":"2018-11-15","purchased_purges":1,"victory":false,"max_hp_per_floor":[75,75,75,75,75,75,75,75,75,75,75,75,75,75,75,75,75,75,75,75,75,75,75,75,75,75,75,75,75,75,75,75,75,75,75,75,75,75,75,75,75,75,75,75,75,75,75,75,75,75],"card_choices":[{"not_picked":["Reprogram","Steam"],"picked":"Leap","floor":1},{"not_picked":["Aggregate","Redo"],"picked":"Gash","floor":2},{"not_picked":["Coolheaded","Leap"],"picked":"Go for the Eyes","floor":4},{"not_picked":["Steam","White Noise","Leap"],"picked":"SKIP","floor":5},{"not_picked":["Skim","Double Energy"],"picked":"Hologram","floor":7},{"not_picked":["Tempest","Chill"],"picked":"Genetic Algorithm","floor":8},{"not_picked":["Skim","White Noise"],"picked":"Defragment","floor":11},{"not_picked":["Double Energy","Coolheaded"],"picked":"Machine Learning","floor":12},{"not_picked":["Reinforced Body","Coolheaded"],"picked":"All For One","floor":13},{"not_picked":["Coolheaded","Sweeping Beam"],"picked":"Compile Driver","floor":14},{"not_picked":["Core Surge","Rainbow"],"picked":"Fission","floor":16},{"not_picked":["Turbo","Doom and Gloom"],"picked":"Gash","floor":18},{"not_picked":["Turbo+1","Beam Cell+1"],"picked":"Hologram+1","floor":20},{"not_picked":["Stack","Conserve Battery"],"picked":"Rebound+1","floor":24},{"not_picked":["Biased Cognition+1","Tempest","Stack"],"picked":"SKIP","floor":27},{"not_picked":["Turbo","Tempest"],"picked":"BootSequence","floor":29},{"not_picked":["Stack","Rebound"],"picked":"Steam","floor":31},{"not_picked":["Amplify","Seek"],"picked":"Echo Form+1","floor":33},{"not_picked":["Sweeping Beam+1","Loop+1"],"picked":"Conserve Battery+1","floor":35},{"not_picked":["Go for the Eyes","Conserve Battery+1","Hello World+1"],"picked":"SKIP","floor":36},{"not_picked":["Barrage","Ball Lightning"],"picked":"Consume+1","floor":38},{"not_picked":["Steam+1","Lockon+1"],"picked":"Recycle+1","floor":39},{"not_picked":["Rebound+1","Aggregate+1"],"picked":"Beam Cell+1","floor":40},{"not_picked":["Sweeping Beam+1","Coolheaded+1"],"picked":"Conserve Battery+1","floor":41},{"not_picked":["Tempest+1","Capacitor+1","Steam"],"picked":"SKIP","floor":42},{"not_picked":["Gash","Fission"],"picked":"Streamline+1","floor":45},{"not_picked":["Skim","Stack+1"],"picked":"Defragment+1","floor":47},{"not_picked":["Double Energy","Cold Snap","Stack"],"picked":"SKIP","floor":48},{"not_picked":["Streamline","Core Surge"],"picked":"Conserve Battery+1","floor":49}],"player_experience":787131,"relics_obtained":[{"floor":7,"key":"Bag of Preparation"},{"floor":8,"key":"Odd Mushroom"},{"floor":9,"key":"Happy Flower"},{"floor":13,"key":"Mummified Hand"},{"floor":27,"key":"The Courier"},{"floor":29,"key":"Dream Catcher"},{"floor":40,"key":"War Paint"},{"floor":43,"key":"Art of War"},{"floor":45,"key":"Matryoshka"}],"event_choices":[{"damage_healed":0,"gold_gain":0,"player_choice":"Fought Mushrooms","damage_taken":0,"max_hp_gain":0,"max_hp_loss":0,"event_name":"Mushrooms","floor":8,"gold_loss":0},{"damage_healed":0,"gold_gain":0,"player_choice":"Copied","damage_taken":0,"max_hp_gain":0,"max_hp_loss":0,"event_name":"Duplicator","floor":19,"gold_loss":0,"cards_obtained":["Gash"]},{"damage_healed":0,"gold_gain":0,"player_choice":"Opened","damage_taken":0,"relics_obtained":["Frozen Egg 2"],"max_hp_gain":0,"max_hp_loss":0,"event_name":"The Mausoleum","floor":21,"gold_loss":0,"cards_obtained":["Writhe"]},{"damage_healed":0,"gold_gain":0,"player_choice":"Read","damage_taken":0,"max_hp_gain":0,"max_hp_loss":0,"event_name":"The Library","floor":28,"gold_loss":0,"cards_obtained":["Glacier"]},{"damage_healed":0,"gold_gain":0,"player_choice":"Embrace Madness","damage_taken":9,"max_hp_gain":0,"max_hp_loss":0,"event_name":"Winding Halls","floor":37,"gold_loss":0,"cards_obtained":["Madness","Madness"]},{"damage_healed":0,"gold_gain":0,"player_choice":"Paid","damage_taken":0,"relics_obtained":["Red Mask"],"max_hp_gain":0,"max_hp_loss":0,"event_name":"Tomb of Lord Red Mask","floor":46,"gold_loss":19}],"is_beta":true,"boss_relics":[{"not_picked":["Busted Crown","Empty Cage"],"picked":"Ectoplasm"},{"not_picked":["Runic Pyramid","Snecko Eye","Fusion Hammer"]}],"items_purged_floors":[22],"is_endless":false,"potions_floor_spawned":[2,5,7,11,12,16,29,33,35,41,42,48],"killed_by":"Awakened One","ascension_level":10}