{"path_per_floor":["M","M","?","M","?","E","M","E","T","$","M","?","R","M","R","B",null,"M","?","M","M","?","R","E","R","T","$","M","M","E","?","R","B",null,"M","?","M","$","?"],"character_chosen":"IRONCLAD","items_purchased":["Bag of Preparation","Flex","Vajra","Battle Trance","Explosive Potion"],"gold_per_floor":[115,129,129,145,145,172,192,222,248,23,41,41,41,55,55,150,150,160,160,177,189,189,189,223,223,223,76,90,109,138,338,338,439,439,453,453,466,194,0],"floor_reached":40,"campfire_rested":2,"playtime":2109,"current_hp_per_floor":[67,68,61,61,47,41,38,36,36,36,42,35,35,39,60,34,63,59,59,64,64,64,64,55,55,55,55,53,59,39,39,63,32,70,75,65,32,32,32],"items_purged":["Defend_R","Injury"],"gold":0,"play_id":"0c3b4ee1-84f4-40e9-aefd-46ccc6108f0b","is_prod":false,"is_daily":false,"is_ascension_mode":true,"campfire_upgraded":3,"path_taken":["M","M","?","M","?","E","M","E","T","$","M","?","R","M","R","BOSS","M","?","M","?","?","R","E","R","T","$","M","M","E","?","R","BOSS","M","?","M","$","?","E"],"build_version":"2018-02-01-PROD3","purchased_purges":3,"victory":false,"master_deck":["Strike_R+1","Strike_R+1","Strike_R+1","Strike_R+1","Strike_R+1","Defend_R+1","Bash","Cleave","Clash+1","Bludgeon+1","Thunderclap","Pommel Strike","Seeing Red+1","Hemokinesis+1","Feed+1","Inflame","Clash+1","Flex","Inflame","Rage+1","Seeing Red+1","Pommel Strike+1","Double Tap","Warcry+1","Madness","Madness","Hemokinesis+1","Battle Trance"],"max_hp_per_floor":[72,72,72,72,72,72,72,72,72,72,72,72,72,72,72,72,72,72,72,75,75,75,75,79,79,79,79,79,83,83,83,83,83,83,83,83,83,83,83],"relics":["Burning Blood","Bird Faced Urn","Letter Opener","Dream Catcher","Anchor","Prayer Wheel","Bag of Preparation","Cursed Key","Molten Egg 2","Du-Vu Doll","Oddly Smooth Stone","Black Star","Vajra","Red Mask"],"card_choices":[{"not_picked":["Entrench","Bloodletting"],"picked":"Cleave"},{"not_picked":["Disarm","Hemokinesis"],"picked":"Clash"},{"not_picked":["Pommel Strike","Shrug It Off"],"picked":"Bludgeon"},{"not_picked":["Armaments","Anger"],"picked":"Thunderclap"},{"not_picked":["Spot Weakness","Barricade"],"picked":"Pommel Strike"},{"not_picked":["Evolve","Flame Barrier"],"picked":"Seeing Red"},{"not_picked":["Clothesline","Spot Weakness"],"picked":"Hemokinesis"},{"not_picked":["Warcry","Flame Barrier"],"picked":"Inflame"},{"not_picked":["Warcry","True Grit"],"picked":"Clash"},{"not_picked":["Shrug It Off","Warcry"],"picked":"Inflame"},{"not_picked":["Headbutt","Flame Barrier"],"picked":"Rage"},{"not_picked":["Combust","Impervious"],"picked":"Seeing Red"},{"not_picked":["Disarm","Body Slam"],"picked":"Pommel Strike"},{"not_picked":["Dark Embrace","Impervious"],"picked":"Double Tap"},{"not_picked":["Armaments","Cleave"],"picked":"Warcry"},{"not_picked":["Metallicize","Iron Wave"],"picked":"Hemokinesis"}],"player_experience":272570,"potions_floor_usage":[24,30,33,33],"damage_taken":[{"damage":11.0,"enemies":"2 Louse","floor":1.0,"turns":3.0},{"damage":5.0,"enemies":"Small Slimes","floor":2.0,"turns":4.0},{"damage":6.0,"enemies":"Cultist","floor":4.0,"turns":4.0},{"damage":12.0,"enemies":"3 Sentries","floor":6.0,"turns":8.0},{"damage":9.0,"enemies":"3 Louse","floor":7.0,"turns":4.0},{"damage":8.0,"enemies":"Gremlin Nob","floor":8.0,"turns":3.0},{"damage":0.0,"enemies":"Exordium Thugs","floor":11.0,"turns":3.0},{"damage":2.0,"enemies":"2 Fungi Beasts","floor":14.0,"turns":2.0},{"damage":32.0,"enemies":"The Guardian","floor":16.0,"turns":6.0},{"damage":10.0,"enemies":"2 Thieves","floor":18.0,"turns":3.0},{"damage":4.0,"enemies":"Shell Parasite","floor":20.0,"turns":2.0},{"damage":6.0,"enemies":"Cultist and Chosen","floor":21.0,"turns":4.0},{"damage":21,"enemies":"Book of Stabbing","floor":24,"turns":3},{"damage":8,"enemies":"Snake Plant","floor":28,"turns":2},{"damage":6,"enemies":"3 Cultists","floor":29,"turns":3},{"damage":30,"enemies":"Gremlin Leader","floor":30,"turns":4},{"damage":56,"enemies":"Collector","floor":33,"turns":7},{"damage":3,"enemies":"Orb Walker","floor":35,"turns":2},{"damage":43,"enemies":"3 Shapes","floor":37,"turns":3},{"damage":0,"enemies":"Nemesis","floor":40,"turns":1}],"event_choices":[{"event_name":"Scrap Ooze","player_choice":"success","floor":3.0,"damage_taken":7.0},{"event_name":"Shining Light","player_choice":"Entered Light","floor":5.0,"damage_taken":0.0},{"event_name":"Golden Wing","player_choice":"Card Removal","floor":12.0,"damage_taken":0.0},{"event_name":"Transmorgrifier","player_choice":"Transform","floor":19.0,"damage_taken":0.0},{"event_name":"Back to Basics","player_choice":"Simplicity","floor":22.0,"damage_taken":0.0},{"event_name":"The Joust","player_choice":"Bet on Owner","floor":31,"damage_taken":0},{"event_name":"Winding Halls","player_choice":"Embrace Madness","floor":36,"damage_taken":0},{"event_name":"Tomb of Lord Red Mask","player_choice":"Paid","floor":39,"damage_taken":0}],"boss_relics":[{"not_picked":["Snecko Eye","Velvet Choker"],"picked":"Black Star"}],"potions_floor_spawned":[1,6,8,14,16,18,20,28,29,35],"seed_played":"5858112619910415623","killed_by":"Nemesis","ascension_level":8,"is_trial":false}