{"gold_per_floor":[110,123,136,211,231,231,261,261,261,287,287,321,321,336,336,412,412,431,431,449,462,226,226,281,281,281,299,318,50,50,62,62,140,140,160,179,54,65,165,165,185,0,46,59,86,86,101,117,117,117,117],"floor_reached":52,"playtime":4480,"items_purged":["Streamline","Amplify","Beam Cell"],"score":1792,"play_id":"838b5bc6-45e4-468f-ae0f-10d77865e98a","local_time":"20190410184849","is_ascension_mode":true,"campfire_choices":[{"data":"Streamline","floor":6.0,"key":"SMITH"},{"floor":8.0,"key":"REST"},{"data":"Fission","floor":11.0,"key":"SMITH"},{"data":"Defragment","floor":13.0,"key":"SMITH"},{"data":"Zap","floor":15.0,"key":"SMITH"},{"data":"Creative AI","floor":23.0,"key":"SMITH"},{"data":"Dualcast","floor":25.0,"key":"SMITH"},{"data":"Capacitor","floor":32.0,"key":"SMITH"},{"data":"Reinforced Body","floor":40.0,"key":"SMITH"},{"data":"Coolheaded","floor":46.0,"key":"SMITH"},{"floor":49.0,"key":"REST"}],"neow_cost":"NONE","seed_source_timestamp":0,"circlet_count":0,"master_deck":["AscendersBane","Zap+1","Dualcast+1","Fission+1","FTL","Streamline+1","Sweeping Beam","Defragment+1","Glacier","Reinforced Body+1","Creative AI+1","Beam Cell","Storm","Hello World","Stack","Capacitor+1","Amplify","Hologram+1","Defragment+1","White Noise","Coolheaded+1","Undo","Auto Shields","Fusion+1"],"special_seed":0,"relics":["Cracked Core","Meat on the Bone","Mango","Incense Burner","Pocketwatch","Pandora\u0027s Box","Anchor","Tiny Chest","Cables","Art of War","Busted Crown","FossilizedHelix","Red Mask","Oddly Smooth Stone","Omamori"],"potions_floor_usage":[50,50],"damage_taken":[{"damage":4.0,"enemies":"Jaw Worm","floor":1.0,"turns":5.0},{"damage":1.0,"enemies":"Cultist","floor":2.0,"turns":3.0},{"damage":7.0,"enemies":"Small Slimes","floor":3.0,"turns":3.0},{"damage":6.0,"enemies":"2 Fungi Beasts","floor":5.0,"turns":3.0},{"damage":31.0,"enemies":"Gremlin Nob","floor":7.0,"turns":4.0},{"damage":12.0,"enemies":"Lagavulin","floor":10.0,"turns":7.0},{"damage":8.0,"enemies":"Gremlin Nob","floor":12.0,"turns":3.0},{"damage":5.0,"enemies":"Large Slime","floor":14.0,"turns":4.0},{"damage":3.0,"enemies":"Hexaghost","floor":16.0,"turns":8.0},{"damage":30.0,"enemies":"2 Thieves","floor":18.0,"turns":4.0},{"damage":3.0,"enemies":"Chosen","floor":20.0,"turns":4.0},{"damage":0.0,"enemies":"Snake Plant","floor":21.0,"turns":4.0},{"damage":1.0,"enemies":"Slavers","floor":24.0,"turns":5.0},{"damage":0.0,"enemies":"Snecko","floor":27.0,"turns":3.0},{"damage":0.0,"enemies":"Chosen and Byrds","floor":28.0,"turns":3.0},{"damage":2.0,"enemies":"3 Cultists","floor":31.0,"turns":4.0},{"damage":29.0,"enemies":"Automaton","floor":33.0,"turns":10.0},{"damage":5.0,"enemies":"3 Darklings","floor":35.0,"turns":4.0},{"damage":0.0,"enemies":"3 Shapes","floor":36.0,"turns":3.0},{"damage":0.0,"enemies":"Sphere and 2 Shapes","floor":38.0,"turns":6.0},{"damage":0.0,"enemies":"Mind Bloom Boss Battle","floor":39.0,"turns":7.0},{"damage":0.0,"enemies":"Jaw Worm Horde","floor":41.0,"turns":5.0},{"damage":0.0,"enemies":"Maw","floor":44.0,"turns":6.0},{"damage":0.0,"enemies":"4 Shapes","floor":47.0,"turns":3.0},{"damage":0.0,"enemies":"Writhing Mass","floor":48.0,"turns":5.0},{"damage":26,"enemies":"Awakened One","floor":50,"turns":13},{"damage":0,"enemies":"Time Eater","floor":51,"turns":11}],"seed_played":"5776216631644297102","potions_obtained":[{"floor":3.0,"key":"Dexterity Potion"},{"floor":10.0,"key":"SteroidPotion"},{"floor":12.0,"key":"SkillPotion"},{"floor":14.0,"key":"SkillPotion"},{"floor":21.0,"key":"SkillPotion"},{"floor":27.0,"key":"AttackPotion"},{"floor":31.0,"key":"SpeedPotion"},{"floor":33.0,"key":"PowerPotion"},{"floor":36.0,"key":"Poison Potion"},{"floor":44.0,"key":"Fire Potion"},{"floor":48.0,"key":"SkillPotion"}],"is_trial":false,"path_per_floor":["?","?","M","?","?","?","T"],"character_chosen":"DEFECT","items_purchased":["Anchor","Art of War"],"campfire_rested":2,"item_purchase_floors":[22,29],"current_hp_per_floor":[60,59,52,41,35,35,4,25,39,39,39,43,43,50,50,47,76,46,46,43,43,43,43,54,54,54,54,54,54,54,52,52,35,73,68,68,68,68,68,68,68,68,68,68,68,68,68,68,85,59,59],"gold":117,"neow_bonus":"ONE_RANDOM_RARE_CARD","is_prod":false,"is_daily":false,"chose_seed":false,"campfire_upgraded":9,"win_rate":0,"timestamp":1554940129,"path_taken":["M","M","M","?","M","R","E","R","T","E","R","E","R","M","R","BOSS","M","?","?","M","$","R","E","R","T","M","M","$","?","M","R","BOSS","M","M","$","M","?","R","M","?","T","M","?","R","M","M","R","BOSS","BOSS"],"build_version":"2019-01-23","purchased_purges":3,"victory":true,"max_hp_per_floor":[71,71,71,71,71,71,71,71,85,85,85,85,85,85,85,85,85,85,85,85,85,85,85,85,85,85,85,85,85,85,85,85,85,85,85,85,85,85,85,85,85,85,85,85,85,85,85,85,85,85,85],"card_choices":[{"not_picked":["Rebound","Stack"],"picked":"FTL","floor":1.0},{"not_picked":["Blizzard","Steam Power"],"picked":"Streamline","floor":2.0},{"not_picked":["Turbo","Coolheaded"],"picked":"Sweeping Beam","floor":3.0},{"not_picked":["Doom and Gloom","Sweeping Beam"],"picked":"Beam Cell","floor":5.0},{"not_picked":["Stack","Force Field","Turbo"],"picked":"SKIP","floor":7.0},{"not_picked":["Rebound","Stack"],"picked":"Defragment","floor":10.0},{"not_picked":["Machine Learning","Coolheaded"],"picked":"Glacier","floor":12.0},{"not_picked":["Turbo","Cold Snap"],"picked":"Reinforced Body","floor":14.0},{"not_picked":["Core Surge","All For One"],"picked":"Creative AI","floor":16.0},{"not_picked":["Skim","Turbo+1"],"picked":"Hologram+1","floor":18.0},{"not_picked":["Gash","Streamline","Steam"],"picked":"SKIP","floor":20.0},{"not_picked":["Redo","Steam","Barrage"],"picked":"SKIP","floor":21.0},{"not_picked":["Turbo","Sweeping Beam"],"picked":"White Noise","floor":24.0},{"not_picked":["Cold Snap","Hologram"],"picked":"Coolheaded","floor":27.0},{"not_picked":["Hello World","Core Surge"],"picked":"Undo","floor":28.0},{"not_picked":["Rebound","Steam Power"],"picked":"Auto Shields","floor":31.0},{"not_picked":["Cold Snap"],"picked":"SKIP","floor":35.0},{"not_picked":["Storm"],"picked":"SKIP","floor":36.0},{"not_picked":["Cold Snap"],"picked":"SKIP","floor":38.0},{"not_picked":[],"picked":"Fusion+1","floor":41.0},{"not_picked":["Go for the Eyes"],"picked":"SKIP","floor":44.0},{"not_picked":["Streamline+1"],"picked":"SKIP","floor":47.0},{"not_picked":["Barrage"],"picked":"SKIP","floor":48.0}],"player_experience":378334,"relics_obtained":[{"floor":7.0,"key":"Meat on the Bone"},{"floor":9.0,"key":"Mango"},{"floor":10.0,"key":"Incense Burner"},{"floor":12.0,"key":"Pocketwatch"},{"floor":24.0,"key":"Tiny Chest"},{"floor":26.0,"key":"Cables"},{"floor":39.0,"key":"FossilizedHelix"},{"floor":43.0,"key":"Oddly Smooth Stone"},{"floor":45.0,"key":"Omamori"}],"event_choices":[{"damage_healed":0.0,"max_hp_gain":0.0,"max_hp_loss":0.0,"gold_gain":75.0,"event_name":"World of Goop","player_choice":"Gather Gold","floor":4.0,"gold_loss":0.0,"damage_taken":11.0},{"damage_healed":0.0,"max_hp_gain":0.0,"max_hp_loss":0.0,"gold_gain":0.0,"event_name":"Duplicator","player_choice":"Copied","floor":19.0,"gold_loss":0.0,"damage_taken":0.0,"cards_obtained":["Defragment"]},{"damage_healed":0.0,"max_hp_gain":0.0,"max_hp_loss":0.0,"gold_gain":0.0,"event_name":"Beggar","player_choice":"Ignored","floor":30.0,"gold_loss":0.0,"damage_taken":0.0},{"damage_healed":0.0,"max_hp_gain":0.0,"max_hp_loss":0.0,"gold_gain":0.0,"event_name":"MindBloom","player_choice":"Fight","floor":39.0,"gold_loss":0.0,"damage_taken":0.0},{"damage_healed":0.0,"max_hp_gain":0.0,"max_hp_loss":0.0,"gold_gain":0.0,"event_name":"Tomb of Lord Red Mask","player_choice":"Paid","floor":42.0,"gold_loss":185.0,"damage_taken":0.0,"relics_obtained":["Red Mask"]}],"is_beta":false,"boss_relics":[{"not_picked":["Black Star","Orrery"],"picked":"Pandora\u0027s Box"},{"not_picked":["Philosopher\u0027s Stone","Tiny House"],"picked":"Busted Crown"}],"items_purged_floors":[22,29,37],"is_endless":false,"potions_floor_spawned":[3,10,12,14,21,27,31,33,36,44,48],"ascension_level":20}