{"gold_per_floor":[119,119,294,244,25,54,67,67,67,67,77,77,77,111,111,216,266,282,300,300,160,178,178,178,178,178,203,217,217,217,217],"floor_reached":31,"playtime":849,"items_purged":[],"score":284,"play_id":"44d79df3-0242-44f3-aea4-8d092c918bc6","local_time":"20190127014243","is_ascension_mode":false,"campfire_choices":[{"floor":10,"key":"REST"},{"floor":13,"key":"REST"},{"floor":15,"key":"REST"},{"floor":23,"key":"REST"},{"floor":25,"key":"REST"}],"neow_cost":"CURSE","seed_source_timestamp":289646115565746,"circlet_count":0,"master_deck":["Strike_B","Strike_B","Strike_B","Strike_B","Defend_B","Defend_B","Defend_B","Defend_B","Zap+1","Dualcast","FTL","Beam Cell","Beam Cell","Gash","Reboot","Go for the Eyes","Seek","Go for the Eyes","Sweeping Beam","Madness","Beam Cell","Steam+1","Seek","Steam+1"],"relics":["Cracked Core","Peace Pipe","Vajra","Omamori","Pear","Dream Catcher","Mummified Hand","Blue Candle","Tiny House","MutagenicStrength","Meat on the Bone","Juzu Bracelet"],"potions_floor_usage":[27],"damage_taken":[{"damage":6,"enemies":"Jaw Worm","floor":1,"turns":3},{"damage":36,"enemies":"Lagavulin","floor":6,"turns":5},{"damage":0,"enemies":"Small Slimes","floor":7,"turns":3},{"damage":0,"enemies":"Cultist","floor":11,"turns":2},{"damage":18,"enemies":"Gremlin Nob","floor":14,"turns":4},{"damage":53,"enemies":"Slime Boss","floor":16,"turns":11},{"damage":16,"enemies":"2 Thieves","floor":18,"turns":3},{"damage":11,"enemies":"Shell Parasite","floor":19,"turns":3},{"damage":19,"enemies":"Sentry and Sphere","floor":22,"turns":4},{"damage":24,"enemies":"Book of Stabbing","floor":27,"turns":4},{"damage":6,"enemies":"Cultist and Chosen","floor":28,"turns":6},{"damage":0,"enemies":"Centurion and Healer","floor":31,"turns":1}],"seed_played":"-9156632501217160788","potions_obtained":[{"floor":16,"key":"Poison Potion"},{"floor":17,"key":"Energy Potion"},{"floor":19,"key":"GamblersBrew"}],"is_trial":false,"path_per_floor":["M","?","?","?","$","E","M","T","T","R","M","?","R","E","R","B",null,"M","M","?","$","M","R","?","R","T","E","M","?","?","M"],"character_chosen":"DEFECT","items_purchased":["Vajra","FTL","Madness","Beam Cell"],"campfire_rested":5,"item_purchase_floors":[5,5,21,21],"current_hp_per_floor":[69,62,62,62,62,26,26,36,36,61,61,58,83,65,85,32,90,74,63,63,63,44,71,62,89,89,65,59,59,59,59],"gold":217,"neow_bonus":"ONE_RARE_RELIC","is_prod":false,"is_daily":false,"chose_seed":false,"campfire_upgraded":0,"win_rate":0.0,"timestamp":1548571363,"path_taken":["M","?","?","?","?","E","?","?","T","R","M","?","R","E","R","BOSS","M","M","?","$","M","R","?","R","T","E","M","?","?","M"],"build_version":"2019-01-23","purchased_purges":0,"victory":false,"max_hp_per_floor":[75,75,75,75,75,75,75,85,85,85,85,85,85,85,85,85,90,90,90,90,90,90,90,90,90,90,90,90,90,90,90],"card_choices":[{"not_picked":["Conserve Battery","Leap","Stack"],"picked":"SKIP","floor":1},{"not_picked":["Cold Snap","Genetic Algorithm"],"picked":"Beam Cell","floor":6},{"not_picked":["Compile Driver","Ball Lightning","Multi-Cast"],"picked":"SKIP","floor":7},{"not_picked":["Cold Snap","Undo"],"picked":"Beam Cell","floor":10},{"not_picked":["Loop","Barrage","Stack"],"picked":"SKIP","floor":11},{"not_picked":["Streamline","Cold Snap"],"picked":"Gash","floor":13},{"not_picked":["Redo","Go for the Eyes"],"picked":"Reboot","floor":14},{"not_picked":["Turbo","Barrage"],"picked":"Go for the Eyes","floor":15},{"not_picked":["Fission","Biased Cognition"],"picked":"Seek","floor":16},{"not_picked":["Barrage","Blizzard"],"picked":"Go for the Eyes","floor":17},{"not_picked":["Tempest","Steam"],"picked":"Sweeping Beam","floor":18},{"not_picked":["Steam Power+1","Defragment","Sweeping Beam"],"picked":"SKIP","floor":19},{"not_picked":["Cold Snap","Sunder","Compile Driver+1"],"picked":"SKIP","floor":22},{"not_picked":["Compile Driver","Rebound+1"],"picked":"Steam+1","floor":23},{"not_picked":["Ball Lightning","Conserve Battery"],"picked":"Seek","floor":27},{"not_picked":["Tempest+1","Auto Shields"],"picked":"Steam+1","floor":28}],"player_experience":152887,"relics_obtained":[{"floor":6,"key":"Omamori"},{"floor":8,"key":"Pear"},{"floor":9,"key":"Dream Catcher"},{"floor":14,"key":"Blue Candle"},{"floor":26,"key":"Meat on the Bone"},{"floor":27,"key":"Juzu Bracelet"}],"event_choices":[{"cards_removed":["Shame"],"damage_healed":0,"gold_gain":0,"player_choice":"Card Removal","damage_taken":7,"max_hp_gain":0,"max_hp_loss":0,"event_name":"Golden Wing","floor":2,"gold_loss":0},{"damage_healed":0,"gold_gain":175,"player_choice":"AGREE","damage_taken":0,"max_hp_gain":0,"max_hp_loss":0,"event_name":"Liars Game","floor":3,"gold_loss":0,"cards_obtained":["Doubt"]},{"cards_removed":["Doubt"],"damage_healed":0,"gold_gain":0,"player_choice":"Card Removal","damage_taken":0,"max_hp_gain":0,"max_hp_loss":0,"event_name":"The Cleric","floor":4,"gold_loss":50},{"damage_healed":0,"gold_gain":0,"player_choice":"Success","damage_taken":3,"relics_obtained":["Mummified Hand"],"max_hp_gain":0,"max_hp_loss":0,"event_name":"Scrap Ooze","floor":12,"gold_loss":0},{"damage_healed":0,"gold_gain":0,"player_choice":"Inject Mutagens","damage_taken":0,"relics_obtained":["MutagenicStrength"],"max_hp_gain":0,"max_hp_loss":0,"event_name":"Drug Dealer","floor":20,"gold_loss":0},{"damage_healed":0,"gold_gain":0,"player_choice":"Damaged","damage_taken":9,"max_hp_gain":0,"max_hp_loss":0,"event_name":"Wheel of Change","floor":24,"gold_loss":0},{"damage_healed":0,"gold_gain":0,"player_choice":"Ignored","damage_taken":0,"max_hp_gain":0,"max_hp_loss":0,"event_name":"Ghosts","floor":29,"gold_loss":0},{"damage_healed":0,"gold_gain":0,"player_choice":"Ignored","damage_taken":0,"max_hp_gain":0,"max_hp_loss":0,"event_name":"Beggar","floor":30,"gold_loss":0}],"is_beta":false,"boss_relics":[{"not_picked":["Eternal Feather","Busted Crown"],"picked":"Tiny House"}],"items_purged_floors":[],"is_endless":false,"potions_floor_spawned":[16,19,22],"killed_by":"Centurion and Healer","ascension_level":0}