{"gold_per_floor":[111,111,111,125,125,125,153,173,173,173,500,500,533,552,552,623,623,623,281,281,281,281,281,281,281,281,18,18,18,18,18,18,18,18,18,18,18,18,18,18,0,0,0,0,0,0,0,0,0,0],"floor_reached":51,"playtime":2101,"items_purged":["Strike_B"],"score":1186,"play_id":"516cc5eb-928e-4ac7-9b90-d4531c7102e7","local_time":"20190408102957","is_ascension_mode":true,"campfire_choices":[{"floor":6.0,"key":"REST"},{"floor":10.0,"key":"REST"},{"data":"Genetic Algorithm","floor":12.0,"key":"SMITH"},{"floor":15.0,"key":"REST"},{"data":"Static Discharge","floor":23.0,"key":"SMITH"},{"floor":32.0,"key":"REST"},{"floor":40,"key":"REST"},{"floor":42,"key":"RECALL"},{"floor":49,"key":"REST"}],"neow_cost":"NONE","seed_source_timestamp":26730150363178,"circlet_count":0,"master_deck":["AscendersBane","Strike_B","Strike_B","Strike_B+1","Defend_B","Defend_B+1","Defend_B","Defend_B","Zap","Dualcast","Streamline","Genetic Algorithm+1","Leap","White Noise","Static Discharge+1","Compile Driver","Cold Snap+1","Genetic Algorithm","Compile Driver","Heatsinks","Loop","Defragment+1","Creative AI","Steam+1","Conserve Battery+1","Biased Cognition","Aggregate","Force Field","Darkness","Stack"],"special_seed":0,"relics":["Cracked Core","Gremlin Horn","Ornamental Fan","Old Coin","Shovel","Ectoplasm","Membership Card","Vajra","Anchor","Runic Capacitor","Prayer Wheel","Black Star","Pear","Red Mask","Oddly Smooth Stone","SsserpentHead"],"potions_floor_usage":[50,50],"damage_taken":[{"damage":4.0,"enemies":"Small Slimes","floor":1.0,"turns":4.0},{"damage":3.0,"enemies":"Jaw Worm","floor":4.0,"turns":4.0},{"damage":20.0,"enemies":"Gremlin Nob","floor":7.0,"turns":4.0},{"damage":4.0,"enemies":"2 Louse","floor":8.0,"turns":3.0},{"damage":18.0,"enemies":"Lagavulin","floor":11.0,"turns":8.0},{"damage":11.0,"enemies":"3 Sentries","floor":13.0,"turns":6.0},{"damage":12.0,"enemies":"Lots of Slimes","floor":14.0,"turns":3.0},{"damage":25.0,"enemies":"The Guardian","floor":16.0,"turns":13.0},{"damage":16.0,"enemies":"Shell Parasite","floor":18.0,"turns":6.0},{"damage":0.0,"enemies":"Spheric Guardian","floor":20.0,"turns":4.0},{"damage":9.0,"enemies":"3 Cultists","floor":22.0,"turns":5.0},{"damage":15.0,"enemies":"Book of Stabbing","floor":24.0,"turns":6.0},{"damage":13.0,"enemies":"Snake Plant","floor":25.0,"turns":4.0},{"damage":1.0,"enemies":"Centurion and Healer","floor":28.0,"turns":7.0},{"damage":0.0,"enemies":"Sentry and Sphere","floor":31.0,"turns":1.0},{"damage":38.0,"enemies":"Champ","floor":33.0,"turns":12.0},{"damage":1.0,"enemies":"Orb Walker","floor":35.0,"turns":5.0},{"damage":21,"enemies":"3 Darklings","floor":38,"turns":5},{"damage":23,"enemies":"Jaw Worm Horde","floor":39,"turns":6},{"damage":13,"enemies":"Writhing Mass","floor":44,"turns":6},{"damage":34,"enemies":"Sphere and 2 Shapes","floor":47,"turns":5},{"damage":39,"enemies":"Donu and Deca","floor":50,"turns":9}],"seed_played":"-5358453275214840818","potions_obtained":[{"floor":0.0,"key":"AttackPotion"},{"floor":0.0,"key":"Dexterity Potion"},{"floor":7.0,"key":"SmokeBomb"},{"floor":11.0,"key":"Fire Potion"},{"floor":13.0,"key":"Poison Potion"},{"floor":14.0,"key":"Fire Potion"},{"floor":22.0,"key":"PowerPotion"},{"floor":39,"key":"Explosive Potion"},{"floor":47,"key":"Block Potion"}],"is_trial":false,"path_per_floor":["M","?","?","M","?","R","E","M","T","R","E","R","E","M","R","B",null,"M","$","M","?","M","R","E","M","T","$","M","?","?","M","R","B",null,"M","?","T","M","M","R","?","R","T","M","?","$","M","?","R","B",null],"character_chosen":"DEFECT","items_purchased":["Membership Card","Vajra","Genetic Algorithm","Runic Capacitor","Loop","Prayer Wheel"],"campfire_rested":6,"item_purchase_floors":[19,19,19,27,27,27],"current_hp_per_floor":[60,65,65,62,39,61,41,37,37,59,41,41,30,18,40,15,61,45,45,45,86,77,77,62,49,49,49,48,23,23,23,50,12,71,70,70,80,59,36,66,66,66,66,53,53,53,19,19,49,10],"gold":0,"neow_bonus":"THREE_SMALL_POTIONS","is_prod":false,"is_daily":false,"chose_seed":false,"campfire_upgraded":2,"win_rate":0,"timestamp":1554733797,"path_taken":["M","?","?","M","?","R","E","?","T","R","E","R","E","M","R","BOSS","M","$","M","?","?","R","E","M","T","$","M","?","?","M","R","BOSS","M","?","?","?","M","R","?","R","T","M","?","$","M","?","R","BOSS"],"build_version":"2019-04-04","purchased_purges":1,"victory":true,"max_hp_per_floor":[71,76,76,76,76,76,76,76,76,76,76,76,76,76,76,76,76,76,76,76,86,86,86,86,86,86,86,86,91,91,91,91,91,91,91,91,101,101,101,101,101,101,101,101,101,101,101,101,101,101],"card_choices":[{"not_picked":["Gash","Leap"],"picked":"Streamline","floor":1.0},{"not_picked":["Gash","Storm"],"picked":"Genetic Algorithm","floor":4.0},{"not_picked":["Fusion","Turbo"],"picked":"Leap","floor":7.0},{"not_picked":["Stack","Hello World"],"picked":"White Noise","floor":8.0},{"not_picked":["White Noise","Streamline"],"picked":"Go for the Eyes","floor":11.0},{"not_picked":["Steam Power","Scrape"],"picked":"Static Discharge","floor":13.0},{"not_picked":["Static Discharge","Hello World"],"picked":"Compile Driver","floor":14.0},{"not_picked":["Rainbow","Amplify"],"picked":"Buffer","floor":16.0},{"not_picked":["Conserve Battery","Force Field"],"picked":"Cold Snap+1","floor":18.0},{"not_picked":["Stack","Rip and Tear"],"picked":"Compile Driver","floor":20.0},{"not_picked":["Hello World","Leap","Auto Shields"],"picked":"SKIP","floor":22.0},{"not_picked":["Stack","Sweeping Beam"],"picked":"Heatsinks","floor":24.0},{"not_picked":["Go for the Eyes","Steam","Blizzard"],"picked":"SKIP","floor":25.0},{"not_picked":["Stack","Sweeping Beam"],"picked":"Defragment+1","floor":28.0},{"not_picked":["FTL","Stack","Storm"],"picked":"SKIP","floor":28.0},{"not_picked":["Machine Learning","Biased Cognition"],"picked":"Creative AI","floor":33.0},{"not_picked":["Beam Cell","Compile Driver+1"],"picked":"Steam+1","floor":35.0},{"not_picked":["Blizzard+1","Gash","Tempest"],"picked":"SKIP","floor":35.0},{"not_picked":["Cold Snap","Hello World"],"picked":"Conserve Battery+1","floor":38},{"not_picked":["Ball Lightning+1","Leap","Beam Cell"],"picked":"SKIP","floor":38},{"not_picked":["Hologram+1","Static Discharge"],"picked":"Biased Cognition","floor":39},{"not_picked":["Rebound+1","Conserve Battery"],"picked":"Aggregate","floor":39},{"not_picked":["Compile Driver","Sweeping Beam"],"picked":"Force Field","floor":44},{"not_picked":["Redo","Ball Lightning+1"],"picked":"Darkness","floor":44},{"not_picked":["Ball Lightning","Conserve Battery+1"],"picked":"Stack","floor":47},{"not_picked":["Recycle","Redo","Conserve Battery"],"picked":"SKIP","floor":47}],"player_experience":922793,"relics_obtained":[{"floor":7.0,"key":"Gremlin Horn"},{"floor":9.0,"key":"Ornamental Fan"},{"floor":11.0,"key":"Old Coin"},{"floor":13.0,"key":"Shovel"},{"floor":24.0,"key":"Anchor"},{"floor":37,"key":"Pear"},{"floor":43,"key":"Oddly Smooth Stone"}],"event_choices":[{"damage_healed":0.0,"max_hp_gain":5.0,"max_hp_loss":0.0,"gold_gain":0.0,"event_name":"Big Fish","player_choice":"Donut","floor":2.0,"gold_loss":0.0,"damage_taken":0.0},{"damage_healed":0.0,"max_hp_gain":0.0,"max_hp_loss":0.0,"gold_gain":0.0,"event_name":"Liars Game","player_choice":"Ignored","floor":3.0,"gold_loss":0.0,"damage_taken":0.0},{"damage_healed":0.0,"max_hp_gain":0.0,"max_hp_loss":0.0,"gold_gain":0.0,"event_name":"Shining Light","player_choice":"Entered Light","floor":5.0,"gold_loss":0.0,"damage_taken":23.0,"cards_upgraded":["Strike_B","Defend_B"]},{"cards_removed":["Buffer"],"damage_healed":31.0,"max_hp_gain":10.0,"max_hp_loss":0.0,"gold_gain":0.0,"event_name":"Bonfire Elementals","player_choice":"Offered Rare","floor":21.0,"gold_loss":0.0,"damage_taken":0.0},{"damage_healed":0.0,"max_hp_gain":5.0,"max_hp_loss":0.0,"gold_gain":0.0,"event_name":"Forgotten Altar","player_choice":"Shed Blood","floor":29.0,"gold_loss":0.0,"damage_taken":30.0},{"damage_healed":0.0,"max_hp_gain":0.0,"max_hp_loss":0.0,"gold_gain":0.0,"event_name":"Cursed Tome","player_choice":"Ignored","floor":30.0,"gold_loss":0.0,"damage_taken":0.0},{"damage_healed":0,"gold_gain":0,"player_choice":"Ignored","damage_taken":0,"max_hp_gain":0,"max_hp_loss":0,"event_name":"Mysterious Sphere","floor":36,"gold_loss":0},{"damage_healed":0,"gold_gain":0,"player_choice":"Paid","damage_taken":0,"relics_obtained":["Red Mask"],"max_hp_gain":0,"max_hp_loss":0,"event_name":"Tomb of Lord Red Mask","floor":41,"gold_loss":18},{"cards_removed":["Go for the Eyes"],"damage_healed":0,"gold_gain":0,"player_choice":"Removed Attack","damage_taken":0,"max_hp_gain":0,"max_hp_loss":0,"event_name":"Falling","floor":45,"gold_loss":0},{"damage_healed":0,"gold_gain":0,"player_choice":"Trade","damage_taken":0,"relics_obtained":["SsserpentHead"],"max_hp_gain":0,"max_hp_loss":0,"event_name":"FaceTrader","floor":48,"gold_loss":0}],"is_beta":true,"boss_relics":[{"not_picked":["Lizard Tail","Orrery"],"picked":"Ectoplasm"},{"not_picked":["Coffee Dripper","Runic Dome"],"picked":"Black Star"}],"items_purged_floors":[19],"is_endless":false,"potions_floor_spawned":[7,11,13,14,22,28,31,39,47],"ascension_level":15}