{"gold_per_floor":[214,214,214,225,238,238,253,253,325,353,369,404,404,416,416,514,514,514,514,514,514,514,514,514,514,514,439,139,139,139,139,139,139,139,139,139,139,139,139,139,139,39,39,39,39,39,39,39,39,39],"floor_reached":51,"playtime":3511,"items_purged":["Strike_G","Strike_G+1"],"score":1020,"play_id":"6aeb8183-e1d8-4873-ae1a-63b53415dc4a","local_time":"20190413134906","is_ascension_mode":true,"campfire_choices":[{"data":"Bouncing Flask","floor":6,"key":"SMITH"},{"data":"Neutralize","floor":8,"key":"SMITH"},{"data":"Footwork","floor":15,"key":"SMITH"},{"data":"Cloak And Dagger","floor":23,"key":"SMITH"},{"floor":32,"key":"REST"},{"floor":44,"key":"RECALL"}],"neow_cost":"NONE","seed_source_timestamp":187609014131484,"circlet_count":0,"master_deck":["Defend_G+1","Defend_G+1","Defend_G+1","Defend_G+1","Defend_G+1","Strike_G+1","Strike_G+1","Survivor+1","Neutralize+1","Bouncing Flask+1","Backflip+1","Footwork+1","Cloak And Dagger+1","Die Die Die+1","Dash+1","Crippling Poison+1","Leg Sweep+1","Footwork+1","Envenom+1","Backflip+1","Dodge and Roll+1","Acrobatics+1","Catalyst+1","Cloak And Dagger+1"],"relics":["Ring of the Snake","Bag of Preparation","Letter Opener","Mummified Hand","Shuriken","Ectoplasm","MutagenicStrength","Dodecahedron","Bronze Scales","Bag of Marbles","War Paint","Ancient Tea Set","Coffee Dripper","Oddly Smooth Stone","Mark of the Bloom","Lantern","Turnip"],"potions_floor_usage":[16,18,22,22,31,36,37,40,50],"damage_taken":[{"damage":11,"enemies":"Small Slimes","floor":1,"turns":5},{"damage":3,"enemies":"Jaw Worm","floor":4,"turns":6},{"damage":1,"enemies":"Cultist","floor":5,"turns":3},{"damage":19,"enemies":"Exordium Wildlife","floor":7,"turns":8},{"damage":11,"enemies":"Lagavulin","floor":10,"turns":6},{"damage":0,"enemies":"Blue Slaver","floor":11,"turns":4},{"damage":3,"enemies":"3 Sentries","floor":12,"turns":9},{"damage":0,"enemies":"3 Louse","floor":14,"turns":4},{"damage":1,"enemies":"The Guardian","floor":16,"turns":10},{"damage":0,"enemies":"Spheric Guardian","floor":18,"turns":4},{"damage":0,"enemies":"3 Byrds","floor":21,"turns":6},{"damage":0,"enemies":"Sentry and Sphere","floor":22,"turns":6},{"damage":14,"enemies":"Shelled Parasite and Fungi","floor":24,"turns":5},{"damage":3,"enemies":"Snecko","floor":29,"turns":3},{"damage":0,"enemies":"Centurion and Healer","floor":30,"turns":8},{"damage":8,"enemies":"Gremlin Leader","floor":31,"turns":7},{"damage":9,"enemies":"Automaton","floor":33,"turns":12},{"damage":0,"enemies":"3 Shapes","floor":35,"turns":4},{"damage":0,"enemies":"3 Darklings","floor":36,"turns":5},{"damage":0,"enemies":"Transient","floor":37,"turns":5},{"damage":0,"enemies":"Maw","floor":39,"turns":7},{"damage":11,"enemies":"Reptomancer","floor":40,"turns":8},{"damage":0,"enemies":"2 Orb Walkers","floor":45,"turns":3},{"damage":0,"enemies":"4 Shapes","floor":47,"turns":4},{"damage":3,"enemies":"Jaw Worm Horde","floor":48,"turns":3},{"damage":0,"enemies":"Donu and Deca","floor":50,"turns":8}],"seed_played":"-4656854753135543211","potions_obtained":[{"floor":11,"key":"EssenceOfSteel"},{"floor":12,"key":"Explosive Potion"},{"floor":16,"key":"Block Potion"},{"floor":21,"key":"SkillPotion"},{"floor":30,"key":"Strength Potion"},{"floor":33,"key":"Energy Potion"},{"floor":35,"key":"GhostInAJar"},{"floor":37,"key":"Poison Potion"},{"floor":48,"key":"Energy Potion"}],"is_trial":false,"path_per_floor":["?","?","M","?","?","?","M","T","?","M","?","?","?","$"],"character_chosen":"THE_SILENT","items_purchased":["Footwork","War Paint"],"campfire_rested":1,"item_purchase_floors":[28,28],"current_hp_per_floor":[52,70,70,67,66,66,47,47,47,36,36,33,19,19,19,18,57,57,57,57,57,57,57,43,43,43,43,43,40,40,32,53,44,64,64,64,64,64,64,53,53,53,53,53,53,53,53,50,50,50],"gold":39,"neow_bonus":"HUNDRED_GOLD","is_prod":false,"is_daily":false,"chose_seed":false,"campfire_upgraded":4,"win_rate":0,"timestamp":1555181346,"path_taken":["M","?","?","M","M","R","M","R","T","E","?","E","?","M","R","BOSS","M","?","?","?","M","R","M","?","T","?","$","M","?","E","R","BOSS","M","M","M","?","M","E","?","$","T","R","?","?","M","M","R","BOSS"],"build_version":"2019-01-23","purchased_purges":2,"victory":true,"max_hp_per_floor":[70,70,70,70,70,70,70,70,70,70,70,70,70,70,70,70,70,70,70,70,70,70,70,70,70,70,70,70,70,70,70,70,70,70,70,70,70,70,70,70,70,70,70,70,70,70,70,70,70,70],"card_choices":[{"not_picked":["Dagger Throw","Prepared"],"picked":"Dagger Spray","floor":1},{"not_picked":["Eviscerate","Prepared"],"picked":"Bouncing Flask","floor":4},{"not_picked":["Blade Dance","Reflex","Bane"],"picked":"SKIP","floor":5},{"not_picked":["Bouncing Flask","Endless Agony"],"picked":"Backflip","floor":7},{"not_picked":["Concentrate","Flying Knee"],"picked":"Footwork","floor":10},{"not_picked":["Underhanded Strike","Distraction"],"picked":"Cloak And Dagger","floor":11},{"not_picked":["Blade Dance","Predator","Underhanded Strike"],"picked":"SKIP","floor":12},{"not_picked":["Deflect","Acrobatics","Underhanded Strike"],"picked":"SKIP","floor":14},{"not_picked":["Night Terror","Doppelganger"],"picked":"Die Die Die","floor":16},{"not_picked":["Outmaneuver","Quick Slash"],"picked":"Dash","floor":18},{"not_picked":["Cloak And Dagger","Dagger Throw+1"],"picked":"Crippling Poison","floor":21},{"not_picked":["Heel Hook","Deflect","All Out Attack"],"picked":"SKIP","floor":22},{"not_picked":["Dodge and Roll","Prepared"],"picked":"Leg Sweep+1","floor":24},{"not_picked":["Poisoned Stab+1","Storm of Steel","Dagger Throw+1"],"picked":"SKIP","floor":29},{"not_picked":["Bane","All Out Attack+1","Skewer"],"picked":"SKIP","floor":30},{"not_picked":["Outmaneuver","Eviscerate","Quick Slash"],"picked":"SKIP","floor":31},{"not_picked":["Corpse Explosion","Glass Knife"],"picked":"Envenom","floor":33},{"not_picked":["Dagger Spray+1","Well Laid Plans+1"],"picked":"Backflip+1","floor":35},{"not_picked":["Dagger Spray","Sucker Punch"],"picked":"Dodge and Roll+1","floor":36},{"not_picked":["Die Die Die","Outmaneuver+1","Finisher"],"picked":"SKIP","floor":37},{"not_picked":["Backflip","Backstab+1","Crippling Poison"],"picked":"SKIP","floor":39},{"not_picked":["Storm of Steel","Outmaneuver+1","Slice"],"picked":"SKIP","floor":40},{"not_picked":["Bane","All Out Attack+1"],"picked":"Acrobatics+1","floor":45},{"not_picked":["Prepared+1","PiercingWail"],"picked":"Catalyst+1","floor":47},{"not_picked":["Finisher","Dagger Throw+1"],"picked":"Cloak And Dagger+1","floor":48}],"player_experience":408015,"relics_obtained":[{"floor":9,"key":"Letter Opener"},{"floor":10,"key":"Mummified Hand"},{"floor":12,"key":"Shuriken"},{"floor":25,"key":"Bronze Scales"},{"floor":26,"key":"Bag of Marbles"},{"floor":31,"key":"Ancient Tea Set"},{"floor":40,"key":"Oddly Smooth Stone"},{"floor":43,"key":"Lantern"},{"floor":45,"key":"Turnip"}],"event_choices":[{"damage_healed":23,"gold_gain":0,"player_choice":"Banana","damage_taken":0,"max_hp_gain":0,"max_hp_loss":0,"event_name":"Big Fish","floor":2,"gold_loss":0},{"cards_removed":["Dagger Spray"],"damage_healed":0,"gold_gain":0,"player_choice":"Gave Card","damage_taken":0,"relics_obtained":["Bag of Preparation"],"max_hp_gain":0,"max_hp_loss":0,"event_name":"WeMeetAgain","floor":3,"gold_loss":0},{"damage_healed":0,"gold_gain":0,"player_choice":"Entered Light","damage_taken":14,"max_hp_gain":0,"max_hp_loss":0,"event_name":"Shining Light","floor":13,"gold_loss":0,"cards_upgraded":["Defend_G","Strike_G"]},{"damage_healed":0,"gold_gain":0,"player_choice":"Inject Mutagens","damage_taken":0,"relics_obtained":["MutagenicStrength"],"max_hp_gain":0,"max_hp_loss":0,"event_name":"Drug Dealer","floor":19,"gold_loss":0},{"damage_healed":0,"gold_gain":0,"player_choice":"Opened","damage_taken":0,"relics_obtained":["Dodecahedron"],"max_hp_gain":0,"max_hp_loss":0,"event_name":"The Mausoleum","floor":20,"gold_loss":0,"cards_obtained":["Writhe"]},{"cards_removed":["Writhe"],"damage_healed":0,"gold_gain":0,"player_choice":"Gave Gold","damage_taken":0,"max_hp_gain":0,"max_hp_loss":0,"event_name":"Beggar","floor":27,"gold_loss":75},{"cards_removed":["Strike_G"],"damage_healed":0,"gold_gain":0,"player_choice":"Removed Attack","damage_taken":0,"max_hp_gain":0,"max_hp_loss":0,"event_name":"Falling","floor":38,"gold_loss":0},{"damage_healed":0,"gold_gain":0,"player_choice":"Upgrade","damage_taken":0,"relics_obtained":["Mark of the Bloom"],"max_hp_gain":0,"max_hp_loss":0,"event_name":"MindBloom","floor":41,"gold_loss":0,"cards_upgraded":["Defend_G","Defend_G","Strike_G","Strike_G","Strike_G","Survivor","Backflip","Die Die Die","Dash","Crippling Poison","Footwork","Envenom"]},{"damage_healed":0,"gold_gain":0,"player_choice":"Fight","damage_taken":0,"max_hp_gain":0,"max_hp_loss":0,"event_name":"Mysterious Sphere","floor":45,"gold_loss":0}],"is_beta":false,"boss_relics":[{"not_picked":["Astrolabe","Snecko Eye"],"picked":"Ectoplasm"},{"not_picked":["Orrery","Velvet Choker"],"picked":"Coffee Dripper"}],"items_purged_floors":[28,42],"is_endless":false,"potions_floor_spawned":[11,12,16,21,30,33,35,37,48],"ascension_level":8}