{"path_per_floor":["M","M","?","?","$","R","M","$","T","M","R","E","M","?","R","B",null,"M","M"],"character_chosen":"DEFECT","items_purchased":["Gash","Capacitor","Explosive Potion"],"gold_per_floor":[113,129,129,129,43,43,57,9,9,27,27,53,70,70,70,175,175,186,200,200],"floor_reached":20,"campfire_rested":1,"playtime":523,"current_hp_per_floor":[62,56,56,49,49,49,43,43,43,34,56,56,48,48,48,12,59,46,26,26],"items_purged":[],"gold":200,"score":235,"play_id":"fcbea8e6-702c-4dbd-9e5c-3b842db20ae3","local_time":"20180505120120","is_prod":false,"is_daily":false,"chose_seed":false,"is_ascension_mode":true,"campfire_upgraded":2,"timestamp":1525492880,"path_taken":["M","M","?","?","$","R","M","$","T","M","R","E","?","?","R","BOSS","M","M","$"],"build_version":"2018-05-03","seed_source_timestamp":42936483067912,"purchased_purges":0,"victory":false,"master_deck":["Strike_B","Strike_B","Strike_B","Strike_B","Defend_B","Defend_B","Defend_B","Defend_B","Zap+1","Dualcast","Ball Lightning","Cold Snap","Gash+1","Capacitor","Coolheaded","Self Repair","Rebound","Sunder+1","Zap","Static Discharge","Good Instincts","Fission","Loop+1","Sweeping Beam"],"max_hp_per_floor":[75,75,75,75,75,75,75,75,75,75,75,75,75,75,75,75,75,75,75,75],"relics":["Inserter","Bird Faced Urn","Bottled Flame","Art of War","Velvet Choker"],"card_choices":[{"not_picked":["Cold Snap","Hologram"],"picked":"Ball Lightning","floor":1},{"not_picked":["Skim","Impulse"],"picked":"Cold Snap","floor":2},{"not_picked":["Capacitor","Barrage"],"picked":"Coolheaded","floor":7},{"not_picked":["Skim","Coolheaded"],"picked":"Self Repair","floor":10},{"not_picked":["Hologram","Recycle"],"picked":"Rebound","floor":12},{"not_picked":["Rebound","Sweeping Beam"],"picked":"Sunder","floor":13},{"not_picked":["Fusion","Rainbow"],"picked":"Fission","floor":16},{"not_picked":["Cold Snap","Stack"],"picked":"Loop","floor":18},{"not_picked":["Ball Lightning","Beam Cell"],"picked":"Sweeping Beam","floor":19}],"player_experience":945117,"potions_floor_usage":[12,12],"damage_taken":[{"damage":6,"enemies":"2 Louse","floor":1,"turns":2},{"damage":6,"enemies":"Cultist","floor":2,"turns":4},{"damage":6,"enemies":"Small Slimes","floor":7,"turns":3},{"damage":9,"enemies":"Blue Slaver","floor":10,"turns":3},{"damage":9,"enemies":"3 Sentries","floor":12,"turns":3},{"damage":17,"enemies":"3 Louse","floor":13,"turns":4},{"damage":49,"enemies":"The Guardian","floor":16,"turns":10},{"damage":26,"enemies":"Spheric Guardian","floor":18,"turns":4},{"damage":35,"enemies":"Shell Parasite","floor":19,"turns":6}],"event_choices":[{"event_name":"Upgrade Shrine","player_choice":"Upgraded","floor":3,"damage_taken":0},{"event_name":"Scrap Ooze","player_choice":"success","floor":4,"damage_taken":7},{"event_name":"Match and Keep!","player_choice":"3 cards matched","floor":14,"damage_taken":0}],"boss_relics":[{"not_picked":["Runic Pyramid","White Beast Statue"],"picked":"Velvet Choker"}],"potions_floor_spawned":[2,10,12,16,19],"seed_played":"-162436696634722425","ascension_level":7,"is_trial":false}