{"gold_per_floor":[119,119,135,155,132,157,174,201,201,201,201,215,233,264,264,363,363,376,53,53,53,13,13,30,63,63,63,92,107,61,79,79,181,181,201,201,49,49,149,175,192,212,238,254,264,264,295,295,295,295],"floor_reached":51,"playtime":3121,"items_purged":[],"score":930,"play_id":"39dadf91-e7c2-43c6-b0b3-52c5926b912e","local_time":"20190324191531","is_ascension_mode":true,"campfire_choices":[{"data":"Pommel Strike","floor":11.0,"key":"SMITH"},{"data":"Flame Barrier","floor":15.0,"key":"SMITH"},{"data":"Inflame","floor":23.0,"key":"SMITH"},{"data":"Shockwave","floor":27.0,"key":"SMITH"},{"data":"Metallicize","floor":32.0,"key":"SMITH"},{"data":"Demon Form","floor":46,"key":"SMITH"},{"floor":49,"key":"REST"}],"neow_cost":"NONE","seed_source_timestamp":0,"circlet_count":0,"master_deck":["Bash","Uppercut+1","Metallicize+1","Wild Strike","Thunderclap","Pommel Strike+1","Sword Boomerang","Clothesline","Dropkick","Flame Barrier+1","Battle Trance","Immolate","Shockwave+1","Inflame+1","Shrug It Off","Shame","Feel No Pain+1","Corruption+1","Shrug It Off","Inflame","Demon Form+1","Blood for Blood","Bloodletting","Brutality","Warcry","Inflame","Berserk","Combust","Carnage","Flame Barrier","Feel No Pain","Exhume","Apotheosis","Dark Shackles","Flame Barrier+1","Shrug It Off+1","Limit Break","Metallicize+1"],"special_seed":0,"relics":["Burning Blood","Bottled Tornado","Happy Flower","Question Card","Magic Flower","Snecko Eye","Turnip","Nunchaku","Boot","Mercury Hourglass","Centennial Puzzle","Pandora\u0027s Box","Thread and Needle","Paper Frog","Anchor","Self Forming Clay"],"potions_floor_usage":[50,50,50],"damage_taken":[{"damage":6.0,"enemies":"Cultist","floor":1.0,"turns":3.0},{"damage":11.0,"enemies":"Jaw Worm","floor":3.0,"turns":3.0},{"damage":0.0,"enemies":"2 Louse","floor":4.0,"turns":2.0},{"damage":18.0,"enemies":"Gremlin Nob","floor":6.0,"turns":4.0},{"damage":11.0,"enemies":"Looter","floor":7.0,"turns":3.0},{"damage":30.0,"enemies":"3 Sentries","floor":8.0,"turns":7.0},{"damage":6.0,"enemies":"Exordium Thugs","floor":12.0,"turns":4.0},{"damage":5.0,"enemies":"3 Louse","floor":13.0,"turns":3.0},{"damage":9.0,"enemies":"Gremlin Nob","floor":14.0,"turns":4.0},{"damage":35.0,"enemies":"Hexaghost","floor":16.0,"turns":10.0},{"damage":0.0,"enemies":"3 Byrds","floor":18.0,"turns":1.0},{"damage":0.0,"enemies":"Shell Parasite","floor":24.0,"turns":2.0},{"damage":31.0,"enemies":"Slavers","floor":25.0,"turns":4.0},{"damage":0.0,"enemies":"Gremlin Leader","floor":28.0,"turns":3.0},{"damage":0.0,"enemies":"Cultist and Chosen","floor":29.0,"turns":3.0},{"damage":10.0,"enemies":"Snake Plant","floor":31.0,"turns":2.0},{"damage":23.0,"enemies":"Champ","floor":33.0,"turns":8.0},{"damage":11.0,"enemies":"3 Shapes","floor":35.0,"turns":3.0},{"damage":6.0,"enemies":"Mind Bloom Boss Battle","floor":39.0,"turns":5.0},{"damage":2.0,"enemies":"Giant Head","floor":40.0,"turns":5.0},{"damage":0.0,"enemies":"Orb Walker","floor":41.0,"turns":3.0},{"damage":0.0,"enemies":"Spire Growth","floor":42.0,"turns":4.0},{"damage":0.0,"enemies":"3 Darklings","floor":44.0,"turns":3.0},{"damage":5,"enemies":"Jaw Worm Horde","floor":45,"turns":5},{"damage":29,"enemies":"Reptomancer","floor":47,"turns":4},{"damage":17,"enemies":"Time Eater","floor":50,"turns":8}],"seed_played":"1110600114066633692","potions_obtained":[{"floor":0.0,"key":"PowerPotion"},{"floor":0.0,"key":"GamblersBrew"},{"floor":0.0,"key":"Fire Potion"},{"floor":6.0,"key":"SmokeBomb"},{"floor":7.0,"key":"Block Potion"},{"floor":8.0,"key":"FearPotion"},{"floor":16.0,"key":"Dexterity Potion"},{"floor":25.0,"key":"Swift Potion"},{"floor":28.0,"key":"Strength Potion"},{"floor":35.0,"key":"Energy Potion"},{"floor":42.0,"key":"SkillPotion"}],"is_trial":false,"path_per_floor":["M","?","M","M","$","E","M","E","T","?","R","M","M","E","R","B",null,"M","$","?","?","?","R","M","E","T","R","E","M","$","M","R","B",null,"M","?","$","?","?","E","M","M","T","M","M","R","E","?","R","B",null],"character_chosen":"IRONCLAD","items_purchased":["Thunderclap","Inflame","Turnip","Shrug It Off","Feel No Pain","Exhume"],"campfire_rested":1,"item_purchase_floors":[5,19,19,30,37,37],"current_hp_per_floor":[80,80,75,80,80,68,63,39,39,39,39,39,40,37,37,11,80,80,80,80,80,80,80,80,58,58,58,67,76,76,75,75,61,80,78,76,76,66,69,76,76,76,76,76,76,76,56,56,76,68],"gold":295,"neow_bonus":"THREE_SMALL_POTIONS","is_prod":false,"is_daily":false,"chose_seed":false,"campfire_upgraded":6,"win_rate":0,"timestamp":1553451331,"path_taken":["M","?","M","M","$","E","?","E","T","?","R","M","M","E","R","BOSS","M","$","?","?","?","R","?","E","T","R","E","M","$","M","R","BOSS","M","?","$","?","?","E","M","M","T","M","M","R","E","?","R","BOSS"],"build_version":"2019-01-23","purchased_purges":0,"victory":true,"max_hp_per_floor":[80,80,80,80,80,80,80,80,80,80,80,80,80,80,80,80,80,80,80,80,80,80,80,80,80,80,80,80,80,80,80,80,80,80,80,76,76,76,76,76,76,76,76,76,76,76,76,76,76,76],"card_choices":[{"not_picked":["Clash","Cleave"],"picked":"Uppercut","floor":1.0},{"not_picked":["Iron Wave","Offering"],"picked":"Metallicize","floor":3.0},{"not_picked":["Perfected Strike","Sword Boomerang"],"picked":"Wild Strike","floor":4.0},{"not_picked":["Flex","Dual Wield"],"picked":"Pommel Strike","floor":6.0},{"not_picked":["Havoc","Carnage"],"picked":"Sword Boomerang","floor":7.0},{"not_picked":["Iron Wave","Uppercut"],"picked":"Clothesline","floor":8.0},{"not_picked":["Rage","Armaments","Rupture"],"picked":"Dropkick","floor":12.0},{"not_picked":["Body Slam","Anger","Havoc"],"picked":"Flame Barrier","floor":13.0},{"not_picked":["Power Through","Iron Wave","Cleave"],"picked":"Battle Trance","floor":14.0},{"not_picked":["Offering","Feed","Berserk"],"picked":"Immolate","floor":16.0},{"not_picked":["Intimidate","Sword Boomerang+1","Seeing Red"],"picked":"Shockwave","floor":18.0},{"not_picked":["Flex+1","Thunderclap","Reckless Charge"],"picked":"Feel No Pain+1","floor":24.0},{"not_picked":["Uppercut+1","Blood for Blood+1","Armaments","Clash"],"picked":"SKIP","floor":25.0},{"not_picked":["Sentinel","Twin Strike+1","Perfected Strike"],"picked":"Corruption+1","floor":28.0},{"not_picked":["True Grit","Heavy Blade","Evolve","Whirlwind"],"picked":"SKIP","floor":29.0},{"not_picked":["Rampage","Sword Boomerang","Pommel Strike"],"picked":"Inflame","floor":31.0},{"not_picked":["Impervious","Immolate","Limit Break"],"picked":"Demon Form","floor":33.0},{"not_picked":["Warcry","Seeing Red","Clash"],"picked":"Flame Barrier","floor":35.0},{"not_picked":["Violence","Finesse","Sadistic Nature"],"picked":"Apotheosis","floor":38.0},{"not_picked":["Good Instincts","Jack Of All Trades","Bandage Up"],"picked":"Dark Shackles","floor":38.0},{"not_picked":["Seeing Red","Whirlwind","Headbutt+1"],"picked":"Flame Barrier+1","floor":40.0},{"not_picked":["Entrench","Armaments","True Grit","Wild Strike"],"picked":"SKIP","floor":41.0},{"not_picked":["Carnage+1","Flex","Inflame"],"picked":"Shrug It Off+1","floor":42.0},{"not_picked":["Searing Blow","Pommel Strike","Second Wind+1","Thunderclap"],"picked":"SKIP","floor":44.0},{"not_picked":["Dark Embrace","Havoc+1","Cleave","Pommel Strike"],"picked":"SKIP","floor":45},{"not_picked":["Demon Form","Perfected Strike+1","Iron Wave+1"],"picked":"Limit Break","floor":47}],"player_experience":224718,"relics_obtained":[{"floor":6.0,"key":"Bottled Tornado"},{"floor":8.0,"key":"Happy Flower"},{"floor":9.0,"key":"Question Card"},{"floor":14.0,"key":"Magic Flower"},{"floor":25.0,"key":"Boot"},{"floor":26.0,"key":"Mercury Hourglass"},{"floor":28.0,"key":"Centennial Puzzle"},{"floor":39.0,"key":"Thread and Needle"},{"floor":40.0,"key":"Paper Frog"},{"floor":43.0,"key":"Anchor"},{"floor":47,"key":"Self Forming Clay"}],"event_choices":[{"cards_removed":["Strike_R"],"damage_healed":0.0,"max_hp_gain":0.0,"max_hp_loss":0.0,"gold_gain":0.0,"event_name":"Bonfire Elementals","player_choice":"Offered Basic","floor":2.0,"gold_loss":0.0,"damage_taken":0.0},{"damage_healed":0.0,"max_hp_gain":0.0,"max_hp_loss":0.0,"gold_gain":0.0,"event_name":"Living Wall","player_choice":"Grow","floor":10.0,"gold_loss":0.0,"damage_taken":0.0,"cards_upgraded":["Uppercut"]},{"damage_healed":0.0,"max_hp_gain":0.0,"max_hp_loss":0.0,"gold_gain":0.0,"event_name":"The Library","player_choice":"Read","floor":20.0,"gold_loss":0.0,"damage_taken":0.0,"cards_obtained":["Shrug It Off"]},{"damage_healed":0.0,"max_hp_gain":0.0,"max_hp_loss":0.0,"gold_gain":0.0,"event_name":"Addict","player_choice":"Stole Relic","floor":21.0,"gold_loss":0.0,"damage_taken":0.0,"relics_obtained":["Nunchaku"],"cards_obtained":["Shame"]},{"damage_healed":0.0,"max_hp_gain":0.0,"max_hp_loss":0.0,"gold_gain":0.0,"event_name":"The Woman in Blue","player_choice":"Bought 3 Potions","floor":22.0,"gold_loss":0.0,"damage_taken":0.0},{"damage_healed":0.0,"max_hp_gain":0.0,"max_hp_loss":4.0,"gold_gain":0.0,"event_name":"Winding Halls","player_choice":"Max HP","floor":36.0,"gold_loss":0.0,"damage_taken":0.0},{"damage_healed":0.0,"max_hp_gain":0.0,"max_hp_loss":0.0,"gold_gain":0.0,"event_name":"SensoryStone","player_choice":"Memory 3","floor":38.0,"gold_loss":0.0,"damage_taken":10.0},{"damage_healed":0.0,"max_hp_gain":0.0,"max_hp_loss":0.0,"gold_gain":0.0,"event_name":"MindBloom","player_choice":"Fight","floor":39.0,"gold_loss":0.0,"damage_taken":0.0},{"damage_healed":0,"gold_gain":0,"player_choice":"Copied","damage_taken":0,"max_hp_gain":0,"max_hp_loss":0,"event_name":"Duplicator","floor":48,"gold_loss":0,"cards_obtained":["Metallicize"]}],"is_beta":false,"boss_relics":[{"not_picked":["Cursed Key","Fusion Hammer"],"picked":"Snecko Eye"},{"not_picked":["Calling Bell","Empty Cage"],"picked":"Pandora\u0027s Box"}],"items_purged_floors":[],"is_endless":false,"potions_floor_spawned":[6,7,8,13,16,25,28,35,42],"ascension_level":3}