{"gold_per_floor":[113,38,51,51,51,79,79,107,132,132,172,172,196,221,221,319,319,339,353,156,180,105,105],"floor_reached":23,"playtime":1001,"items_purged":["Normality"],"score":366,"play_id":"a293707a-9591-4533-adf8-7a630bfc2991","local_time":"20190322194227","is_ascension_mode":true,"campfire_choices":[{"floor":7.0,"key":"REST"},{"floor":12.0,"key":"REST"},{"data":"Feed","floor":15.0,"key":"SMITH"}],"neow_cost":"CURSE","seed_source_timestamp":2419720862179262,"circlet_count":0,"master_deck":["AscendersBane","Bash","Uppercut","True Grit+1","Whirlwind","Dropkick","Anger","Feed+1","Evolve","True Grit","Flame Barrier","Impervious","Flex","Dark Embrace","Juggernaut","Bloodletting","Hemokinesis","Warcry","Carnage","Havoc","Ghostly Armor","Shrug It Off","Spot Weakness","Inflame","Feel No Pain"],"special_seed":0,"relics":["Burning Blood","Bag of Preparation","Dream Catcher","Smiling Mask","War Paint","Golden Idol","Charon\u0027s Ashes","Pandora\u0027s Box"],"potions_floor_usage":[23,23],"damage_taken":[{"damage":6.0,"enemies":"2 Louse","floor":1.0,"turns":4.0},{"damage":12.0,"enemies":"Small Slimes","floor":3.0,"turns":4.0},{"damage":27.0,"enemies":"Lagavulin","floor":6.0,"turns":8.0},{"damage":16.0,"enemies":"Gremlin Nob","floor":8.0,"turns":3.0},{"damage":33.0,"enemies":"Lagavulin","floor":11.0,"turns":10.0},{"damage":0.0,"enemies":"Jaw Worm","floor":13.0,"turns":2.0},{"damage":4.0,"enemies":"Blue Slaver","floor":14.0,"turns":6.0},{"damage":45.0,"enemies":"Hexaghost","floor":16.0,"turns":14.0},{"damage":6.0,"enemies":"Chosen","floor":18.0,"turns":6.0},{"damage":0.0,"enemies":"3 Byrds","floor":19.0,"turns":4.0},{"damage":65.0,"enemies":"Shelled Parasite and Fungi","floor":21.0,"turns":9.0},{"damage":22,"enemies":"Book of Stabbing","floor":23,"turns":4}],"seed_played":"8377388782617992130","potions_obtained":[{"floor":1.0,"key":"SpeedPotion"},{"floor":6.0,"key":"AttackPotion"},{"floor":16.0,"key":"LiquidBronze"},{"floor":19.0,"key":"Poison Potion"}],"is_trial":false,"path_per_floor":["M","$","M","?","?","E","R","E","T","?","E","R","M","M","R","B",null,"M","M","$","M","?","E"],"character_chosen":"IRONCLAD","items_purchased":["Shrug It Off","Spot Weakness","Inflame"],"campfire_rested":2,"item_purchase_floors":[20,20,20],"current_hp_per_floor":[82,82,76,71,44,23,49,39,39,39,12,36,42,47,47,8,65,65,75,75,20,20,0],"gold":105,"neow_bonus":"TWENTY_PERCENT_HP_BONUS","is_prod":false,"is_daily":false,"chose_seed":false,"campfire_upgraded":1,"win_rate":0,"timestamp":1553298147,"path_taken":["M","$","M","?","?","E","R","E","T","?","E","R","M","M","R","BOSS","M","M","$","M","?","E"],"build_version":"2019-03-15","purchased_purges":1,"victory":false,"max_hp_per_floor":[89,89,89,89,89,89,89,89,89,81,81,81,81,84,84,84,84,84,88,88,92,92,92],"card_choices":[{"not_picked":["Clash","Feel No Pain"],"picked":"Uppercut","floor":1.0},{"not_picked":["Iron Wave","Headbutt"],"picked":"True Grit","floor":3.0},{"not_picked":["Sentinel","Anger"],"picked":"Whirlwind","floor":6.0},{"not_picked":["True Grit","Searing Blow"],"picked":"Dropkick","floor":7.0},{"not_picked":["Clash","Carnage"],"picked":"Anger","floor":8.0},{"not_picked":["Exhume","Fire Breathing"],"picked":"Feed","floor":11.0},{"not_picked":["Anger","Perfected Strike"],"picked":"Evolve","floor":12.0},{"not_picked":["Headbutt","Entrench"],"picked":"True Grit","floor":13.0},{"not_picked":["Armaments","Uppercut"],"picked":"Flame Barrier","floor":14.0},{"not_picked":["Limit Break","Bludgeon"],"picked":"Impervious","floor":16.0},{"not_picked":["Metallicize","Rampage"],"picked":"Ghostly Armor","floor":18.0},{"not_picked":["Cleave","Pommel Strike","Sword Boomerang"],"picked":"SKIP","floor":19.0},{"not_picked":["Entrench","Armaments+1"],"picked":"Feel No Pain","floor":21.0}],"player_experience":843212,"relics_obtained":[{"floor":6.0,"key":"Dream Catcher"},{"floor":8.0,"key":"Smiling Mask"},{"floor":9.0,"key":"War Paint"},{"floor":11.0,"key":"Charon\u0027s Ashes"}],"event_choices":[{"damage_healed":0.0,"max_hp_gain":0.0,"max_hp_loss":0.0,"gold_gain":0.0,"event_name":"Scrap Ooze","player_choice":"Success","floor":4.0,"gold_loss":0.0,"damage_taken":5.0,"relics_obtained":["Bag of Preparation"]},{"damage_healed":0.0,"max_hp_gain":0.0,"max_hp_loss":0.0,"gold_gain":0.0,"event_name":"Shining Light","player_choice":"Entered Light","floor":5.0,"gold_loss":0.0,"damage_taken":27.0,"cards_upgraded":["Strike_R","Defend_R"]},{"damage_healed":0.0,"max_hp_gain":0.0,"max_hp_loss":8.0,"gold_gain":0.0,"event_name":"Golden Idol","player_choice":"Lose Max HP","floor":10.0,"gold_loss":0.0,"damage_taken":0.0,"relics_obtained":["Golden Idol"]},{"cards_removed":["Berserk"],"damage_healed":0.0,"max_hp_gain":0.0,"max_hp_loss":0.0,"gold_gain":0.0,"event_name":"Beggar","player_choice":"Gave Gold","floor":22.0,"gold_loss":75.0,"damage_taken":0.0}],"is_beta":true,"boss_relics":[{"not_picked":["Tiny House","Empty Cage"],"picked":"Pandora\u0027s Box"}],"items_purged_floors":[2],"is_endless":false,"potions_floor_spawned":[1,6,16,19],"killed_by":"Book of Stabbing","ascension_level":15}