{"gold_per_floor":[111,111,125,135,149,180,198,214,214,214,239,249,278,289,289,392,392,404,417,433,39,54,54,88,99,99,134,134,134,134,146,146,242,242,254,11,11,11,28,28,56,56,83,102,133,133,162,175,175,175,175,175,24,87,87],"floor_reached":55,"playtime":15727,"items_purged":["Defend_G","Strike_G"],"score":936,"play_id":"e233f61e-e6cb-490c-aa19-6099d153d4cc","local_time":"20190316221618","is_ascension_mode":true,"campfire_choices":[{"floor":10.0,"key":"REST"},{"floor":15.0,"key":"REST"},{"floor":23.0,"key":"RECALL"},{"floor":28.0,"key":"REST"},{"data":"Footwork","floor":30.0,"key":"SMITH"},{"floor":32.0,"key":"REST"},{"data":"Corpse Explosion","floor":40.0,"key":"SMITH"},{"data":"A Thousand Cuts","floor":42.0,"key":"SMITH"},{"data":"Footwork","floor":46.0,"key":"SMITH"},{"data":"Leg Sweep","floor":49.0,"key":"SMITH"},{"data":"Catalyst","floor":52.0,"key":"SMITH"}],"neow_cost":"NONE","seed_source_timestamp":0,"circlet_count":0,"master_deck":["Defend_G","Defend_G","Defend_G","Strike_G","Strike_G","Strike_G","Survivor","Neutralize+1","Leg Sweep+1","Dodge and Roll","Heel Hook","A Thousand Cuts+1","Backstab+1","Crippling Poison","Footwork+1","Adrenaline","Catalyst+1","Adrenaline","Infinite Blades+1","Caltrops+1","Dramatic Entrance+1","Infinite Blades","Dodge and Roll+1","Unload","Blur","Footwork+1","Well Laid Plans+1","Corpse Explosion+1","Catalyst+1","Bandage Up","Heel Hook+1","Leg Sweep+1","Dash+1","Terror"],"special_seed":0,"relics":["Ring of the Snake","Potion Belt","Happy Flower","Tough Bandages","Gremlin Horn","Empty Cage","Vajra","PreservedInsect","Bottled Flame","Whetstone","Molten Egg 2","Orichalcum","Anchor","Pantograph","Paper Crane","Tiny Chest"],"potions_floor_usage":[55,55,55],"damage_taken":[{"damage":0.0,"enemies":"2 Louse","floor":1.0,"turns":4.0},{"damage":0.0,"enemies":"Cultist","floor":3.0,"turns":5.0},{"damage":0.0,"enemies":"Small Slimes","floor":4.0,"turns":3.0},{"damage":4.0,"enemies":"3 Louse","floor":5.0,"turns":6.0},{"damage":13.0,"enemies":"Lagavulin","floor":6.0,"turns":11.0},{"damage":2.0,"enemies":"Lots of Slimes","floor":7.0,"turns":5.0},{"damage":3.0,"enemies":"Exordium Thugs","floor":8.0,"turns":4.0},{"damage":28.0,"enemies":"Gremlin Nob","floor":11.0,"turns":7.0},{"damage":0.0,"enemies":"Blue Slaver","floor":12.0,"turns":5.0},{"damage":8.0,"enemies":"Lagavulin","floor":13.0,"turns":10.0},{"damage":0.0,"enemies":"Looter","floor":14.0,"turns":3.0},{"damage":24.0,"enemies":"The Guardian","floor":16.0,"turns":19.0},{"damage":1.0,"enemies":"3 Byrds","floor":18.0,"turns":6.0},{"damage":2.0,"enemies":"2 Thieves","floor":19.0,"turns":3.0},{"damage":7.0,"enemies":"Centurion and Healer","floor":20.0,"turns":14.0},{"damage":9.0,"enemies":"3 Cultists","floor":22.0,"turns":4.0},{"damage":9.0,"enemies":"Book of Stabbing","floor":24.0,"turns":5.0},{"damage":8.0,"enemies":"Shelled Parasite and Fungi","floor":25.0,"turns":6.0},{"damage":5.0,"enemies":"Slavers","floor":27.0,"turns":5.0},{"damage":19.0,"enemies":"Sentry and Sphere","floor":31.0,"turns":6.0},{"damage":14.0,"enemies":"Collector","floor":33.0,"turns":14.0},{"damage":0.0,"enemies":"3 Darklings","floor":35.0,"turns":2.0},{"damage":2.0,"enemies":"3 Shapes","floor":39.0,"turns":5.0},{"damage":34.0,"enemies":"Nemesis","floor":41.0,"turns":7.0},{"damage":10.0,"enemies":"Transient","floor":44.0,"turns":5.0},{"damage":3.0,"enemies":"Giant Head","floor":45.0,"turns":6.0},{"damage":0.0,"enemies":"Reptomancer","floor":47.0,"turns":5.0},{"damage":0.0,"enemies":"Jaw Worm Horde","floor":48.0,"turns":1.0},{"damage":30.0,"enemies":"Donu and Deca","floor":50.0,"turns":7.0},{"damage":5.0,"enemies":"Shield and Spear","floor":54.0,"turns":6.0},{"damage":77,"enemies":"The Heart","floor":55,"turns":11}],"seed_played":"7154373556883302059","potions_obtained":[{"floor":1.0,"key":"Ancient Potion"},{"floor":4.0,"key":"SmokeBomb"},{"floor":8.0,"key":"Weak Potion"},{"floor":13.0,"key":"SkillPotion"},{"floor":16.0,"key":"Energy Potion"},{"floor":18.0,"key":"SteroidPotion"},{"floor":27.0,"key":"GamblersBrew"},{"floor":31.0,"key":"GamblersBrew"},{"floor":33.0,"key":"Swift Potion"},{"floor":41.0,"key":"Swift Potion"},{"floor":47.0,"key":"SkillPotion"},{"floor":48.0,"key":"FearPotion"},{"floor":54.0,"key":"Block Potion"}],"is_trial":false,"path_per_floor":["M","?","M","M","M","E","M","M","T","R","E","M","E","M","R","B",null,"M","M","M","$","M","R","E","M","T","E","R","?","R","M","R","B",null,"M","$","?","?","M","R","E","R","T","M","E","R","E","M","R","B",null,"R","$","E","B"],"character_chosen":"THE_SILENT","items_purchased":["Vajra","Dramatic Entrance","Well Laid Plans","Molten Egg 2","Energy Potion"],"campfire_rested":4,"item_purchase_floors":[21,21,21,36,53],"current_hp_per_floor":[70,70,70,70,66,53,51,48,48,69,41,41,33,33,54,30,70,69,67,60,60,51,51,42,34,34,29,50,50,50,31,52,38,70,70,70,70,70,70,70,40,40,40,34,35,35,39,39,39,38,70,70,70,69,0],"gold":87,"neow_bonus":"RANDOM_COMMON_RELIC","is_prod":false,"is_daily":false,"chose_seed":false,"campfire_upgraded":6,"win_rate":1,"timestamp":1552788978,"path_taken":["M","?","?","M","M","E","M","M","T","R","E","M","E","M","R","BOSS","M","M","M","$","M","R","E","M","T","E","R","?","R","M","R","BOSS","M","$","?","?","M","R","E","R","T","M","E","R","E","M","R","BOSS","R","$","E","BOSS"],"build_version":"2018-11-15","purchased_purges":2,"victory":false,"max_hp_per_floor":[70,70,70,70,70,70,70,70,70,70,70,70,70,70,70,70,70,70,70,70,70,70,70,70,70,70,70,70,70,70,70,70,70,70,70,70,70,70,70,70,70,70,70,70,70,70,70,70,70,70,70,70,70,70,70],"card_choices":[{"not_picked":["Backflip","Underhanded Strike"],"picked":"Leg Sweep","floor":1.0},{"not_picked":["Poisoned Stab","Expertise"],"picked":"Dodge and Roll","floor":3.0},{"not_picked":["Dagger Spray","Deadly Poison"],"picked":"Heel Hook","floor":4.0},{"not_picked":["Underhanded Strike","Blade Dance"],"picked":"A Thousand Cuts","floor":5.0},{"not_picked":["Prepared","Slice"],"picked":"Backstab","floor":6.0},{"not_picked":["PiercingWail","Tactician"],"picked":"Crippling Poison","floor":7.0},{"not_picked":["Blur","Riddle With Holes"],"picked":"Footwork","floor":8.0},{"not_picked":["Bane","Deadly Poison"],"picked":"Adrenaline","floor":11.0},{"not_picked":["Outmaneuver","Bouncing Flask"],"picked":"Catalyst","floor":12.0},{"not_picked":["Bane","Sucker Punch","Quick Slash"],"picked":"SKIP","floor":13.0},{"not_picked":["Deflect","Prepared","Quick Slash"],"picked":"SKIP","floor":14.0},{"not_picked":["Die Die Die","A Thousand Cuts"],"picked":"Adrenaline","floor":16.0},{"not_picked":["Bane","Blade Dance","Flying Knee"],"picked":"SKIP","floor":18.0},{"not_picked":["Dagger Spray","Outmaneuver+1"],"picked":"Infinite Blades+1","floor":19.0},{"not_picked":["Prepared","Dodge and Roll"],"picked":"Caltrops+1","floor":20.0},{"not_picked":["Dagger Throw+1","Eviscerate"],"picked":"Infinite Blades","floor":22.0},{"not_picked":["Bane","Finisher"],"picked":"Dodge and Roll+1","floor":24.0},{"not_picked":["Endless Agony","Calculated Gamble"],"picked":"Unload","floor":25.0},{"not_picked":["Eviscerate","Dagger Spray+1"],"picked":"Blur","floor":27.0},{"not_picked":["Bane","Poisoned Stab"],"picked":"Well Laid Plans+1","floor":31.0},{"not_picked":["Venomology","Tools of the Trade"],"picked":"Corpse Explosion","floor":33.0},{"not_picked":["Deflect","Reflex+1"],"picked":"Catalyst+1","floor":35.0},{"not_picked":["Secret Technique","Secret Weapon"],"picked":"Bandage Up","floor":38.0},{"not_picked":["Blade Dance","Deadly Poison","Flying Knee+1"],"picked":"SKIP","floor":39.0},{"not_picked":["Skewer+1","Deflect","Phantasmal Killer"],"picked":"SKIP","floor":41.0},{"not_picked":["Skewer+1","Deflect","Phantasmal Killer"],"picked":"SKIP","floor":41.0},{"not_picked":["Acrobatics","Flechettes+1"],"picked":"Heel Hook+1","floor":44.0},{"not_picked":["All Out Attack+1","Deadly Poison+1"],"picked":"Leg Sweep+1","floor":45.0},{"not_picked":["PiercingWail+1","Flying Knee+1"],"picked":"Dash+1","floor":47.0},{"not_picked":["Prepared+1","Dash+1"],"picked":"Terror","floor":48.0},{"not_picked":["Dash+1","Flying Knee+1","Flechettes+1"],"picked":"SKIP","floor":54.0}],"player_experience":236180,"relics_obtained":[{"floor":6.0,"key":"Happy Flower"},{"floor":11.0,"key":"Tough Bandages"},{"floor":13.0,"key":"Gremlin Horn"},{"floor":24.0,"key":"PreservedInsect"},{"floor":26.0,"key":"Bottled Flame"},{"floor":27.0,"key":"Whetstone"},{"floor":41.0,"key":"Orichalcum"},{"floor":43.0,"key":"Anchor"},{"floor":45.0,"key":"Pantograph"},{"floor":47.0,"key":"Paper Crane"},{"floor":54.0,"key":"Tiny Chest"}],"event_choices":[{"damage_healed":0.0,"max_hp_gain":0.0,"max_hp_loss":0.0,"gold_gain":0.0,"event_name":"Upgrade Shrine","player_choice":"Upgraded","floor":2.0,"gold_loss":0.0,"damage_taken":0.0,"cards_upgraded":["Neutralize"]},{"damage_healed":0.0,"max_hp_gain":0.0,"max_hp_loss":0.0,"gold_gain":0.0,"event_name":"Duplicator","player_choice":"Copied","floor":29.0,"gold_loss":0.0,"damage_taken":0.0,"cards_obtained":["Footwork"]},{"cards_removed":["Well Laid Plans"],"damage_healed":0.0,"max_hp_gain":0.0,"max_hp_loss":0.0,"gold_gain":0.0,"event_name":"Falling","player_choice":"Removed Power","floor":37.0,"gold_loss":0.0,"damage_taken":0.0},{"damage_healed":0.0,"max_hp_gain":0.0,"max_hp_loss":0.0,"gold_gain":0.0,"event_name":"SensoryStone","player_choice":"Memory 1","floor":38.0,"gold_loss":0.0,"damage_taken":0.0}],"is_beta":false,"boss_relics":[{"not_picked":["Ring of the Serpent","Orrery"],"picked":"Empty Cage"},{"not_picked":["Snecko Eye","Calling Bell","HoveringKite"]}],"items_purged_floors":[21,53],"is_endless":false,"potions_floor_spawned":[1,4,8,13,16,18,27,31,33,41,47,48,54],"killed_by":"The Heart","ascension_level":2}