{"gold_per_floor":[115,115,165,188,1,37,37,37,37,57,57,77,117,42,42,42],"floor_reached":16,"playtime":599,"items_purged":["Strike_R"],"score":266,"play_id":"cd648d72-e262-4f6e-b996-7b323ba75d61","local_time":"20190418073022","is_ascension_mode":true,"campfire_choices":[{"data":"Metallicize","floor":8.0,"key":"SMITH"},{"data":"Immolate","floor":15.0,"key":"SMITH"}],"neow_cost":"NONE","seed_source_timestamp":599616033019059,"circlet_count":0,"master_deck":["AscendersBane","Strike_R","Strike_R","Strike_R","Defend_R","Defend_R","Defend_R","Defend_R","Bash","Armaments+1","Twin Strike","Clothesline+1","Metallicize+1","Iron Wave","Immolate+1"],"special_seed":0,"relics":["Burning Blood","NeowsBlessing","Golden Idol","Bag of Preparation","Ice Cream","Dodecahedron"],"potions_floor_usage":[],"damage_taken":[{"damage":0.0,"enemies":"Small Slimes","floor":1.0,"turns":1.0},{"damage":0.0,"enemies":"Cultist","floor":4.0,"turns":1.0},{"damage":0.0,"enemies":"Gremlin Nob","floor":6.0,"turns":1.0},{"damage":0.0,"enemies":"2 Louse","floor":10.0,"turns":3.0},{"damage":7.0,"enemies":"Lots of Slimes","floor":12.0,"turns":5.0},{"damage":7.0,"enemies":"3 Sentries","floor":13.0,"turns":7.0},{"damage":55,"enemies":"Slime Boss","floor":16,"turns":11}],"seed_played":"7578239874181253128","potions_obtained":[{"floor":6.0,"key":"Strength Potion"},{"floor":10.0,"key":"Energy Potion"},{"floor":12.0,"key":"FearPotion"}],"is_trial":false,"path_per_floor":["?","?","M","?","?","M","?"],"character_chosen":"IRONCLAD","items_purchased":["Clothesline","Metallicize"],"campfire_rested":0,"item_purchase_floors":[5,5],"current_hp_per_floor":[74,48,41,47,47,53,53,53,53,59,59,58,57,57,57,2],"gold":42,"neow_bonus":"THREE_ENEMY_KILL","is_prod":false,"is_daily":false,"chose_seed":false,"campfire_upgraded":2,"win_rate":0,"timestamp":1555590622,"path_taken":["M","?","?","?","$","E","?","R","T","M","?","?","E","?","R","BOSS"],"build_version":"2019-01-23","purchased_purges":1,"victory":false,"max_hp_per_floor":[75,75,75,75,75,75,75,75,75,75,75,75,75,75,75,75],"card_choices":[{"not_picked":["Fire Breathing","Wild Strike"],"picked":"Armaments","floor":1.0},{"not_picked":["Havoc","Wild Strike"],"picked":"Twin Strike","floor":4.0},{"not_picked":["Pommel Strike","Perfected Strike"],"picked":"Iron Wave","floor":6.0},{"not_picked":["Armaments","Berserk","Twin Strike"],"picked":"SKIP","floor":10.0},{"not_picked":["Disarm","Wild Strike","Dual Wield"],"picked":"SKIP","floor":12.0},{"not_picked":["Clothesline","Power Through"],"picked":"Immolate","floor":13.0}],"player_experience":444605,"relics_obtained":[{"floor":6.0,"key":"Bag of Preparation"},{"floor":9.0,"key":"Ice Cream"},{"floor":13.0,"key":"Dodecahedron"}],"event_choices":[{"damage_healed":0.0,"max_hp_gain":0.0,"max_hp_loss":0.0,"gold_gain":0.0,"event_name":"Golden Idol","player_choice":"Take Damage","floor":2.0,"gold_loss":0.0,"damage_taken":26.0,"relics_obtained":["Golden Idol"]},{"damage_healed":0.0,"max_hp_gain":0.0,"max_hp_loss":0.0,"gold_gain":50.0,"event_name":"FaceTrader","player_choice":"Touch","floor":3.0,"gold_loss":0.0,"damage_taken":7.0},{"damage_healed":0.0,"max_hp_gain":0.0,"max_hp_loss":0.0,"gold_gain":0.0,"event_name":"Living Wall","player_choice":"Grow","floor":7.0,"gold_loss":0.0,"damage_taken":0.0,"cards_upgraded":["Armaments"]},{"damage_healed":0.0,"max_hp_gain":0.0,"max_hp_loss":0.0,"gold_gain":0.0,"event_name":"Accursed Blacksmith","player_choice":"Forge","floor":11.0,"gold_loss":0.0,"damage_taken":0.0,"cards_upgraded":["Clothesline"]},{"cards_removed":["Strike_R"],"damage_healed":0.0,"max_hp_gain":0.0,"max_hp_loss":0.0,"gold_gain":0.0,"event_name":"The Cleric","player_choice":"Card Removal","floor":14.0,"gold_loss":75.0,"damage_taken":0.0}],"is_beta":false,"boss_relics":[],"items_purged_floors":[5],"is_endless":false,"potions_floor_spawned":[6,10,12],"killed_by":"Slime Boss","ascension_level":20}