{"gold_per_floor":[115,40,40,56,56,89,89,113,113,129,142,142,166,66,66,189,189,202,202,202,215,240,240,258,91,91,91,115,115,153,68,68,196,196,209,542,558,585,599,599,0,0,0,12,37,49,75,106,118,130],"floor_reached":50,"playtime":2391,"items_purged":["Defend_B","Injury"],"score":514,"play_id":"c27482a2-7f3f-4b30-bd07-969baa08df91","local_time":"20190126235420","is_ascension_mode":false,"campfire_choices":[{"data":"Defragment","floor":7,"key":"SMITH"},{"data":"Chaos","floor":12,"key":"SMITH"},{"data":"Chaos","floor":15,"key":"SMITH"},{"floor":23,"key":"REST"},{"floor":29,"key":"REST"},{"data":"Defragment","floor":32,"key":"SMITH"},{"floor":40,"key":"REST"},{"data":"Creative AI","floor":42,"key":"SMITH"},{"data":"Dualcast","floor":44,"key":"SMITH"},{"floor":49,"key":"REST"}],"neow_cost":"NONE","seed_source_timestamp":281600021367671,"circlet_count":0,"master_deck":["Strike_B+1","Strike_B+1","Strike_B+1","Defend_B+1","Defend_B+1","Defend_B+1","Zap","Dualcast+1","Defragment+1","Cold Snap","Chaos+1","Capacitor","Chaos+1","Ball Lightning","Rainbow+1","Ball Lightning","Compile Driver","Defragment+1","Metamorphosis+1","Lockon+1","Fusion+1","Creative AI+1","Redo+1","Machine Learning","Parasite","Barrage"],"relics":["Cracked Core","Happy Flower","FossilizedHelix","Bird Faced Urn","Inserter","Letter Opener","Matryoshka","War Paint","White Beast Statue","Boot","Ancient Tea Set","Red Mask","MawBank","Blood Vial"],"potions_floor_usage":[6,16,30,33,33,33,39,50,50,50],"damage_taken":[{"damage":0,"enemies":"2 Louse","floor":1,"turns":2},{"damage":0,"enemies":"Cultist","floor":4,"turns":2},{"damage":14,"enemies":"Gremlin Nob","floor":6,"turns":4},{"damage":0,"enemies":"Jaw Worm","floor":8,"turns":3},{"damage":6,"enemies":"Looter","floor":10,"turns":4},{"damage":3,"enemies":"Red Slaver","floor":11,"turns":4},{"damage":0,"enemies":"Blue Slaver","floor":13,"turns":4},{"damage":12,"enemies":"Hexaghost","floor":16,"turns":9},{"damage":5,"enemies":"Chosen","floor":18,"turns":4},{"damage":0,"enemies":"Spheric Guardian","floor":21,"turns":3},{"damage":21,"enemies":"Centurion and Healer","floor":22,"turns":7},{"damage":0,"enemies":"Cultist and Chosen","floor":24,"turns":4},{"damage":14,"enemies":"Sentry and Sphere","floor":28,"turns":4},{"damage":0,"enemies":"Book of Stabbing","floor":30,"turns":5},{"damage":18,"enemies":"Collector","floor":33,"turns":7},{"damage":7,"enemies":"Orb Walker","floor":35,"turns":3},{"damage":30,"enemies":"3 Darklings","floor":37,"turns":4},{"damage":0,"enemies":"Maw","floor":39,"turns":5},{"damage":0,"enemies":"Jaw Worm Horde","floor":45,"turns":4},{"damage":52,"enemies":"Sphere and 2 Shapes","floor":47,"turns":5},{"damage":26,"enemies":"Writhing Mass","floor":48,"turns":5},{"damage":52,"enemies":"Donu and Deca","floor":50,"turns":4}],"seed_played":"-3186506270426936401","potions_obtained":[{"floor":1,"key":"Block Potion"},{"floor":8,"key":"Block Potion"},{"floor":10,"key":"Fire Potion"},{"floor":13,"key":"EssenceOfSteel"},{"floor":21,"key":"SkillPotion"},{"floor":30,"key":"EssenceOfSteel"},{"floor":35,"key":"Regen Potion"},{"floor":37,"key":"Strength Potion"},{"floor":39,"key":"EssenceOfSteel"},{"floor":45,"key":"Poison Potion"}],"is_trial":false,"path_per_floor":["M","$","?","M","?","E","R","M","T","M","M","R","M","$","R","B",null,"M","?","?","M","M","R","M","$","T","?","M","R","E","?","R","B",null,"M","?","M","T","M","R","?","R","T","R","M","$","M","M","R","B"],"character_chosen":"DEFECT","items_purchased":["Metamorphosis"],"campfire_rested":4,"item_purchase_floors":[25],"current_hp_per_floor":[75,75,75,75,75,61,61,61,61,57,58,58,62,62,62,54,75,72,72,65,69,50,72,75,75,75,75,61,75,75,75,75,61,75,68,68,42,42,58,75,75,75,75,75,75,75,29,15,37,0],"gold":130,"neow_bonus":"RANDOM_COMMON_RELIC","is_prod":false,"is_daily":false,"chose_seed":false,"campfire_upgraded":6,"win_rate":0.0,"timestamp":1548564860,"path_taken":["M","$","?","?","?","E","R","M","T","M","M","R","M","$","R","BOSS","M","?","?","?","M","R","M","$","T","?","M","R","E","?","R","BOSS","M","?","M","?","?","R","?","R","T","R","M","$","M","M","R","BOSS"],"build_version":"2019-01-23","purchased_purges":2,"victory":false,"max_hp_per_floor":[75,75,75,75,75,75,75,75,75,75,75,75,75,75,75,75,75,75,75,75,75,75,75,75,75,75,75,75,75,75,75,75,75,75,75,75,75,75,75,75,75,75,75,75,75,75,75,75,75,75],"card_choices":[{"not_picked":["Stack","Barrage"],"picked":"Defragment","floor":1},{"not_picked":["Go for the Eyes","Melter"],"picked":"Cold Snap","floor":4},{"not_picked":["Coolheaded","Force Field"],"picked":"Chaos","floor":6},{"not_picked":["Beam Cell","Leap","Heatsinks"],"picked":"SKIP","floor":8},{"not_picked":["Chill","Consume"],"picked":"Capacitor","floor":10},{"not_picked":["Coolheaded","Streamline"],"picked":"Chaos","floor":11},{"not_picked":["Hologram","Streamline"],"picked":"Ball Lightning","floor":13},{"not_picked":["Reboot","Amplify"],"picked":"Rainbow","floor":16},{"not_picked":["Conserve Battery","Capacitor+1"],"picked":"Ball Lightning","floor":18},{"not_picked":["Ball Lightning+1","Heatsinks"],"picked":"Compile Driver","floor":21},{"not_picked":["Rip and Tear+1","Hologram","Aggregate"],"picked":"SKIP","floor":22},{"not_picked":["Reinforced Body","Steam"],"picked":"Defragment","floor":24},{"not_picked":["Hologram","Leap"],"picked":"Lockon+1","floor":28},{"not_picked":["Conserve Battery","Amplify"],"picked":"Fusion+1","floor":30},{"not_picked":["Machine Learning","All For One"],"picked":"Creative AI","floor":33},{"not_picked":["Conserve Battery+1","Loop"],"picked":"Redo+1","floor":35},{"not_picked":["Coolheaded","Glacier+1","Auto Shields+1"],"picked":"SKIP","floor":37},{"not_picked":["Conserve Battery+1","Beam Cell","Scrape+1"],"picked":"SKIP","floor":39},{"not_picked":["Streamline","Reprogram","Glacier"],"picked":"SKIP","floor":45},{"not_picked":["Hello World+1","Genetic Algorithm+1"],"picked":"Machine Learning","floor":47},{"not_picked":["Leap","Chill"],"picked":"Barrage","floor":48}],"player_experience":145012,"relics_obtained":[{"floor":6,"key":"FossilizedHelix"},{"floor":9,"key":"Bird Faced Urn"},{"floor":26,"key":"Letter Opener"},{"floor":30,"key":"Matryoshka"},{"floor":38,"key":"Boot"},{"floor":38,"key":"Ancient Tea Set"},{"floor":43,"key":"MawBank"},{"floor":43,"key":"Blood Vial"}],"event_choices":[{"cards_removed":["Strike_B"],"damage_healed":0,"gold_gain":0,"player_choice":"Offered Basic","damage_taken":0,"max_hp_gain":0,"max_hp_loss":0,"event_name":"Bonfire Elementals","floor":3,"gold_loss":0},{"damage_healed":0,"gold_gain":0,"player_choice":"Take Wound","damage_taken":0,"relics_obtained":["Golden Idol"],"max_hp_gain":0,"max_hp_loss":0,"event_name":"Golden Idol","floor":5,"gold_loss":0,"cards_obtained":["Injury"]},{"damage_healed":0,"gold_gain":0,"player_choice":"Simplicity","damage_taken":0,"max_hp_gain":0,"max_hp_loss":0,"event_name":"Back to Basics","floor":19,"gold_loss":0,"cards_upgraded":["Strike_B","Strike_B","Strike_B","Defend_B","Defend_B","Defend_B"]},{"damage_healed":0,"gold_gain":0,"player_choice":"Damaged","damage_taken":7,"max_hp_gain":0,"max_hp_loss":0,"event_name":"Wheel of Change","floor":20,"gold_loss":0},{"damage_healed":0,"gold_gain":0,"player_choice":"Ignored","damage_taken":0,"max_hp_gain":0,"max_hp_loss":0,"event_name":"Cursed Tome","floor":27,"gold_loss":0},{"damage_healed":0,"gold_gain":0,"player_choice":"Obtained Relic","damage_taken":0,"relics_obtained":["War Paint"],"max_hp_gain":0,"max_hp_loss":0,"event_name":"Addict","floor":31,"gold_loss":85},{"damage_healed":0,"gold_gain":333,"player_choice":"Gave Idol","damage_taken":0,"max_hp_gain":0,"max_hp_loss":0,"event_name":"The Moai Head","floor":36,"relics_lost":["Golden Idol"],"gold_loss":0},{"damage_healed":0,"gold_gain":0,"player_choice":"Paid","damage_taken":0,"relics_obtained":["Red Mask"],"max_hp_gain":0,"max_hp_loss":0,"event_name":"Tomb of Lord Red Mask","floor":41,"gold_loss":599}],"is_beta":false,"boss_relics":[{"not_picked":["Nuclear Battery","Empty Cage"],"picked":"Inserter"},{"not_picked":["Black Star","Philosopher\u0027s Stone"],"picked":"White Beast Statue"}],"items_purged_floors":[2,14],"is_endless":false,"potions_floor_spawned":[1,8,10,13,21,22,24,30,35,37,39,45,47,48],"killed_by":"Donu and Deca","ascension_level":0}