{"gold_per_floor":[112,124,143,143,222,222,257,10,10,10,10,24,37,55,55,159,159,169,268,303,152,152],"floor_reached":22,"playtime":990,"items_purged":[],"score":218,"play_id":"d53578a5-1d01-436f-9f90-9a2bdfb9bcfd","local_time":"20190421155916","is_ascension_mode":true,"campfire_choices":[{"data":"Feed","floor":6,"key":"SMITH"},{"floor":15,"key":"REST"}],"neow_cost":"NONE","seed_source_timestamp":0,"circlet_count":0,"master_deck":["Strike_R","Strike_R","Strike_R","Defend_R","Defend_R","Defend_R","Bash","Feed+1","Battle Trance","Shrug It Off","Demon Form+1","Barricade+1","Rupture+1","Blood for Blood+1","Flex+1"],"special_seed":0,"relics":["Burning Blood","Frozen Egg 2","Gambling Chip","Matryoshka","Pantograph","Kunai","Astrolabe","Red Mask","Dream Catcher"],"potions_floor_usage":[7,16,16,20],"damage_taken":[{"damage":0,"enemies":"Small Slimes","floor":1,"turns":3},{"damage":6,"enemies":"Jaw Worm","floor":2,"turns":3},{"damage":5,"enemies":"2 Louse","floor":3,"turns":2},{"damage":42,"enemies":"Lagavulin","floor":7,"turns":7},{"damage":3,"enemies":"2 Fungi Beasts","floor":12,"turns":4},{"damage":4,"enemies":"Blue Slaver","floor":13,"turns":6},{"damage":7,"enemies":"Large Slime","floor":14,"turns":8},{"damage":78,"enemies":"Hexaghost","floor":16,"turns":10},{"damage":37,"enemies":"3 Byrds","floor":18,"turns":5},{"damage":60,"enemies":"Masked Bandits","floor":20,"turns":4},{"damage":17,"enemies":"Shell Parasite","floor":22,"turns":6}],"seed_played":"-7588615355769937462","potions_obtained":[{"floor":1,"key":"Block Potion"},{"floor":12,"key":"Strength Potion"},{"floor":13,"key":"SteroidPotion"},{"floor":16,"key":"LiquidBronze"},{"floor":20,"key":"Weak Potion"}],"is_trial":false,"path_per_floor":["M","M","M","?","T","R","E","$","T","?","?","M","M","M","R","B",null,"M","?","?","$","M"],"character_chosen":"IRONCLAD","items_purchased":["Matryoshka","Dream Catcher"],"campfire_rested":1,"item_purchase_floors":[8,21],"current_hp_per_floor":[80,83,86,86,86,86,50,50,50,50,38,45,51,54,83,26,98,71,71,21,21,4],"gold":152,"neow_bonus":"ONE_RANDOM_RARE_CARD","is_prod":false,"is_daily":false,"chose_seed":false,"campfire_upgraded":1,"win_rate":0,"timestamp":1555876756,"path_taken":["M","M","M","?","?","R","E","$","T","?","?","M","M","M","R","BOSS","M","?","?","$","M"],"build_version":"2019-01-23","purchased_purges":0,"victory":false,"max_hp_per_floor":[80,83,86,86,86,86,86,86,86,86,86,90,94,98,98,98,98,102,102,106,106,106],"card_choices":[{"not_picked":["Rupture","Perfected Strike","Clothesline"],"picked":"SKIP","floor":1},{"not_picked":["Pommel Strike","Hemokinesis","Power Through"],"picked":"SKIP","floor":2},{"not_picked":["Thunderclap","Perfected Strike"],"picked":"Battle Trance","floor":3},{"not_picked":["Dropkick","Wild Strike","Havoc"],"picked":"SKIP","floor":7},{"not_picked":["Armaments","Flex"],"picked":"Shrug It Off","floor":12},{"not_picked":["Armaments","Anger"],"picked":"Demon Form+1","floor":13},{"not_picked":["Blood for Blood","True Grit","Cleave"],"picked":"SKIP","floor":14},{"not_picked":["Exhume","Bludgeon"],"picked":"Barricade+1","floor":16},{"not_picked":["Infernal Blade","Cleave+1","Pommel Strike"],"picked":"SKIP","floor":18}],"player_experience":194796,"relics_obtained":[{"floor":5,"key":"Frozen Egg 2"},{"floor":7,"key":"Gambling Chip"},{"floor":9,"key":"Pantograph"},{"floor":20,"key":"Red Mask"}],"event_choices":[{"damage_healed":0,"gold_gain":0,"player_choice":"Ignored","damage_taken":0,"max_hp_gain":0,"max_hp_loss":0,"event_name":"Liars Game","floor":4,"gold_loss":0},{"damage_healed":0,"gold_gain":0,"player_choice":"Ignored","damage_taken":0,"max_hp_gain":0,"max_hp_loss":0,"event_name":"Shining Light","floor":10,"gold_loss":0},{"damage_healed":0,"gold_gain":0,"player_choice":"Success","damage_taken":12,"relics_obtained":["Kunai"],"max_hp_gain":0,"max_hp_loss":0,"event_name":"Scrap Ooze","floor":11,"gold_loss":0},{"damage_healed":0,"gold_gain":99,"player_choice":"Stole From Cult","damage_taken":0,"max_hp_gain":0,"max_hp_loss":0,"event_name":"Nest","floor":19,"gold_loss":0},{"damage_healed":0,"gold_gain":0,"player_choice":"Fought Bandits","damage_taken":0,"max_hp_gain":0,"max_hp_loss":0,"event_name":"Masked Bandits","floor":20,"gold_loss":0}],"is_beta":false,"boss_relics":[{"not_picked":["Lizard Tail","Philosopher\u0027s Stone"],"picked":"Astrolabe"}],"items_purged_floors":[],"is_endless":false,"potions_floor_spawned":[1,12,13,16,20],"killed_by":"Shell Parasite","ascension_level":1}