{"gold_per_floor":[114,36,49,64,79,79,105,105,105,135,34,53,53],"floor_reached":13,"playtime":658,"items_purged":["Strike_B"],"score":114,"play_id":"3cdfbd5c-3609-42e4-b69b-bba87d92fa5c","local_time":"20190301135058","is_ascension_mode":true,"campfire_choices":[{"data":"Defragment","floor":6,"key":"SMITH"},{"floor":8,"key":"REST"}],"neow_cost":"TEN_PERCENT_HP_LOSS","seed_source_timestamp":51499215675004,"circlet_count":0,"master_deck":["Strike_B","Strike_B","Strike_B","Defend_B","Defend_B","Defend_B","Defend_B","Zap","Dualcast","Loop","Static Discharge","Sweeping Beam","Coolheaded","Defragment+1","Genetic Algorithm","Seek","Ball Lightning"],"relics":["Cracked Core","Torii","Dodecahedron","Cables","Mummified Hand"],"potions_floor_usage":[],"damage_taken":[{"damage":1,"enemies":"Jaw Worm","floor":1,"turns":3},{"damage":1,"enemies":"Cultist","floor":3,"turns":3},{"damage":13,"enemies":"2 Louse","floor":4,"turns":2},{"damage":9,"enemies":"Looter","floor":5,"turns":3},{"damage":14,"enemies":"3 Sentries","floor":7,"turns":5},{"damage":29,"enemies":"Gremlin Nob","floor":10,"turns":3},{"damage":15,"enemies":"3 Louse","floor":12,"turns":2},{"damage":11,"enemies":"3 Sentries","floor":13,"turns":2}],"seed_played":"-424351769797961279","potions_obtained":[{"floor":3,"key":"SteroidPotion"},{"floor":10,"key":"Poison Potion"}],"is_trial":false,"path_per_floor":["M","$","M","M","M","R","E","R","T","E","$","M","E"],"character_chosen":"DEFECT","items_purchased":["Static Discharge","Ball Lightning"],"campfire_rested":1,"item_purchase_floors":[2,11],"current_hp_per_floor":[67,67,66,53,44,44,30,50,50,21,21,6,0],"gold":53,"neow_bonus":"ONE_RARE_RELIC","is_prod":false,"is_daily":false,"chose_seed":false,"campfire_upgraded":1,"win_rate":0,"timestamp":1551444658,"path_taken":["M","$","M","M","M","R","E","R","T","E","$","M","E"],"build_version":"2019-01-23","purchased_purges":1,"victory":false,"max_hp_per_floor":[68,68,68,68,68,68,68,68,68,68,68,68,68],"card_choices":[{"not_picked":["Steam","Barrage"],"picked":"Loop","floor":1},{"not_picked":["Force Field","Hologram"],"picked":"Sweeping Beam","floor":3},{"not_picked":["Sweeping Beam","Steam"],"picked":"Coolheaded","floor":4},{"not_picked":["Cold Snap","Rebound"],"picked":"Defragment","floor":5},{"not_picked":["Stack","Static Discharge"],"picked":"Genetic Algorithm","floor":7},{"not_picked":["Hologram","Streamline"],"picked":"Seek","floor":10},{"not_picked":["Turbo","Redo","Tempest"],"picked":"SKIP","floor":12}],"player_experience":169364,"relics_obtained":[{"floor":7,"key":"Dodecahedron"},{"floor":9,"key":"Cables"},{"floor":10,"key":"Mummified Hand"}],"event_choices":[],"is_beta":false,"boss_relics":[],"items_purged_floors":[11],"is_endless":false,"potions_floor_spawned":[3,10],"killed_by":"3 Sentries","ascension_level":4}