{"gold_per_floor":[119,69,84,98,273,300,300,300,327,353,408,408,408,421,421,545,545,565,581,3,24,44,110,110,110,137,137,152,31,31,63,63,163,163,173,173,186,1185,344,372,6,6,61,110,135,0,17,48,60,72],"floor_reached":50,"playtime":4876,"items_purged":["Normality"],"score":753,"play_id":"311307a4-7612-46f2-a0a9-510c0794b0d2","local_time":"20190218044115","is_ascension_mode":true,"campfire_choices":[{"data":"Leg Sweep","floor":7,"key":"SMITH"},{"floor":15,"key":"REST"},{"data":"Footwork","floor":25,"key":"SMITH"},{"data":"Noxious Fumes","floor":32,"key":"SMITH"},{"data":"Blind","floor":49,"key":"SMITH"}],"neow_cost":"NONE","seed_source_timestamp":370482125309342,"circlet_count":0,"master_deck":["Survivor+1","Neutralize","Leg Sweep+1","Flying Knee","Deadly Poison","Doubt","Crippling Poison","Neutralize","Blind+1","Blur","Deadly Poison","Injury","Tools of the Trade","Tools of the Trade","Phantasmal Killer","Backstab","Phantasmal Killer","Escape Plan","Flechettes","Dodge and Roll","Finisher","Noxious Fumes+1","Prepared","Dodge and Roll+1","Bane+1","Corpse Explosion","Noxious Fumes+1","Catalyst+1","Dagger Spray","Footwork+1","Outmaneuver+1","Bite","Bite","Bite","Bite","Bite","Distraction","Doppelganger","Backflip+1","Madness","Madness","PiercingWail+1","Normality","Terror+1","Dark Shackles","Outmaneuver+1","Escape Plan+1","Leg Sweep+1"],"relics":["Ring of the Snake","Juzu Bracelet","Lantern","War Paint","Du-Vu Doll","Bloody Idol","Pandora\u0027s Box","Lee\u0027s Waffle","Oddly Smooth Stone","Tiny Chest","Vajra","Art of War","Black Star","Tough Bandages","HandDrill","Pear","Bag of Preparation","The Courier","Omamori","PreservedInsect","Anchor","Happy Flower","Blood Vial","Blue Candle","Red Mask","Regal Pillow","MawBank"],"potions_floor_usage":[11,21,21,22,31,31,33,33,40,50],"damage_taken":[{"damage":2,"enemies":"2 Louse","floor":1,"turns":3},{"damage":5,"enemies":"Small Slimes","floor":3,"turns":5},{"damage":0,"enemies":"Cultist","floor":4,"turns":4},{"damage":15,"enemies":"Gremlin Nob","floor":6,"turns":5},{"damage":17,"enemies":"3 Sentries","floor":10,"turns":13},{"damage":31,"enemies":"Lagavulin Event","floor":11,"turns":11},{"damage":2,"enemies":"Looter","floor":14,"turns":3},{"damage":10,"enemies":"The Guardian","floor":16,"turns":11},{"damage":27,"enemies":"Chosen","floor":18,"turns":5},{"damage":7,"enemies":"Spheric Guardian","floor":19,"turns":4},{"damage":11,"enemies":"Shelled Parasite and Fungi","floor":21,"turns":5},{"damage":18,"enemies":"Snecko","floor":22,"turns":5},{"damage":31,"enemies":"Gremlin Leader","floor":23,"turns":6},{"damage":11,"enemies":"Centurion and Healer","floor":28,"turns":4},{"damage":8,"enemies":"Book of Stabbing","floor":31,"turns":4},{"damage":26,"enemies":"Champ","floor":33,"turns":11},{"damage":6,"enemies":"Orb Walker","floor":35,"turns":4},{"damage":10,"enemies":"3 Shapes","floor":37,"turns":5},{"damage":21,"enemies":"Reptomancer","floor":40,"turns":9},{"damage":20,"enemies":"Giant Head","floor":45,"turns":6},{"damage":10,"enemies":"Jaw Worm Horde","floor":47,"turns":4},{"damage":25,"enemies":"Reptomancer","floor":48,"turns":5},{"damage":70,"enemies":"Donu and Deca","floor":50,"turns":6}],"seed_played":"-2128928609856265903","potions_obtained":[{"floor":6,"key":"SpeedPotion"},{"floor":10,"key":"SneckoOil"},{"floor":11,"key":"Weak Potion"},{"floor":18,"key":"FearPotion"},{"floor":19,"key":"AttackPotion"},{"floor":21,"key":"Poison Potion"},{"floor":31,"key":"Weak Potion"},{"floor":35,"key":"Block Potion"},{"floor":45,"key":"Fire Potion"}],"is_trial":false,"path_per_floor":["M","?","M","M","?","E","R","?","T","E","?","?","?","M","R","B",null,"M","M","$","M","M","E","?","R","T","?","M","$","?","E","R","B",null,"M","?","M","?","$","E","$","?","T","T","E","?","M","E","R","B"],"character_chosen":"THE_SILENT","items_purchased":["Corpse Explosion","Noxious Fumes","Lee\u0027s Waffle","Oddly Smooth Stone","GhostInAJar","AttackPotion","Tough Bandages","HandDrill","Pear","Omamori","PreservedInsect","Anchor"],"campfire_rested":1,"item_purchase_floors":[20,20,20,20,29,29,39,39,39,41,41,41],"current_hp_per_floor":[75,75,70,70,70,55,55,55,55,38,7,7,4,2,25,15,77,50,43,84,73,55,24,24,24,24,24,18,18,18,21,21,14,58,58,51,54,58,68,54,54,54,59,64,55,55,60,46,51,0],"gold":72,"neow_bonus":"TEN_PERCENT_HP_BONUS","is_prod":false,"is_daily":false,"chose_seed":false,"campfire_upgraded":4,"win_rate":0,"timestamp":1550482875,"path_taken":["M","?","M","M","?","E","R","?","T","E","?","?","?","M","R","BOSS","M","M","$","M","M","E","?","R","T","?","M","$","?","E","R","BOSS","M","?","M","?","$","E","$","?","T","?","E","?","M","E","R","BOSS"],"build_version":"2019-01-23","purchased_purges":1,"victory":false,"max_hp_per_floor":[77,77,77,77,77,77,77,77,77,77,77,77,77,77,77,77,77,77,77,84,84,84,84,84,84,84,84,84,84,58,58,58,58,58,58,58,58,58,68,68,68,68,68,68,68,68,68,68,68,68],"card_choices":[{"not_picked":["Cloak And Dagger","Quick Slash"],"picked":"Leg Sweep","floor":1},{"not_picked":["Finisher","Blade Dance"],"picked":"Flying Knee","floor":3},{"not_picked":["Tactician","Prepared"],"picked":"Deadly Poison","floor":4},{"not_picked":["Accuracy","Dagger Throw"],"picked":"Crippling Poison","floor":6},{"not_picked":["Acrobatics","Flying Knee"],"picked":"Blur","floor":10},{"not_picked":["Concentrate","Blade Dance"],"picked":"Deadly Poison","floor":11},{"not_picked":["Caltrops","Backflip"],"picked":"Tools of the Trade","floor":14},{"not_picked":["Night Terror","A Thousand Cuts"],"picked":"Tools of the Trade","floor":16},{"not_picked":["Slice","Outmaneuver"],"picked":"Dodge and Roll+1","floor":18},{"not_picked":["Caltrops+1","Dagger Throw"],"picked":"Bane+1","floor":19},{"not_picked":["Bouncing Flask","Leg Sweep"],"picked":"Catalyst+1","floor":21},{"not_picked":["Dagger Throw","Quick Slash"],"picked":"Dagger Spray","floor":22},{"not_picked":["Deflect","Night Terror"],"picked":"Footwork","floor":23},{"not_picked":["Acrobatics","Dodge and Roll"],"picked":"Outmaneuver+1","floor":28},{"not_picked":["Poisoned Stab+1","Caltrops"],"picked":"Distraction","floor":31},{"not_picked":["Night Terror","Grand Finale"],"picked":"Doppelganger","floor":33},{"not_picked":["Infinite Blades+1","Poisoned Stab+1"],"picked":"Backflip+1","floor":35},{"not_picked":["Prepared+1","Quick Slash"],"picked":"PiercingWail+1","floor":37},{"not_picked":["Skewer+1","All Out Attack+1"],"picked":"Terror+1","floor":40},{"not_picked":["HandOfGreed","Master of Strategy"],"picked":"Dark Shackles","floor":42},{"not_picked":["Sucker Punch","Prepared"],"picked":"Outmaneuver+1","floor":45},{"not_picked":["Quick Slash","Distraction"],"picked":"Escape Plan+1","floor":47},{"not_picked":["Prepared","Flying Knee"],"picked":"Leg Sweep+1","floor":48}],"player_experience":95592,"relics_obtained":[{"floor":6,"key":"Juzu Bracelet"},{"floor":9,"key":"Lantern"},{"floor":10,"key":"War Paint"},{"floor":23,"key":"Tiny Chest"},{"floor":26,"key":"Vajra"},{"floor":31,"key":"Art of War"},{"floor":40,"key":"Bag of Preparation"},{"floor":40,"key":"The Courier"},{"floor":44,"key":"Happy Flower"},{"floor":45,"key":"Blood Vial"},{"floor":45,"key":"Blue Candle"},{"floor":48,"key":"Regal Pillow"},{"floor":48,"key":"MawBank"}],"event_choices":[{"cards_removed":["Defend_G"],"damage_healed":0,"gold_gain":0,"player_choice":"Card Removal","damage_taken":0,"max_hp_gain":0,"max_hp_loss":0,"event_name":"The Cleric","floor":2,"gold_loss":50},{"damage_healed":0,"gold_gain":175,"player_choice":"AGREE","damage_taken":0,"max_hp_gain":0,"max_hp_loss":0,"event_name":"Liars Game","floor":5,"gold_loss":0,"cards_obtained":["Doubt"]},{"damage_healed":0,"gold_gain":0,"player_choice":"2 cards matched","damage_taken":0,"max_hp_gain":0,"max_hp_loss":0,"event_name":"Match and Keep!","floor":8,"gold_loss":0,"cards_obtained":["Neutralize","Blind"]},{"damage_healed":0,"gold_gain":0,"player_choice":"Searched \u00272\u0027 times","damage_taken":0,"relics_obtained":["Du-Vu Doll"],"max_hp_gain":0,"max_hp_loss":0,"event_name":"Dead Adventurer","floor":11,"gold_loss":0},{"damage_healed":0,"gold_gain":0,"player_choice":"Take Wound","damage_taken":0,"relics_obtained":["Golden Idol"],"max_hp_gain":0,"max_hp_loss":0,"event_name":"Golden Idol","floor":12,"gold_loss":0,"cards_obtained":["Injury"]},{"damage_healed":0,"gold_gain":0,"player_choice":"Fled","damage_taken":3,"max_hp_gain":0,"max_hp_loss":0,"event_name":"Scrap Ooze","floor":13,"gold_loss":0},{"damage_healed":0,"gold_gain":0,"player_choice":"Upgraded","damage_taken":0,"max_hp_gain":0,"max_hp_loss":0,"event_name":"Upgrade Shrine","floor":24,"gold_loss":0,"cards_upgraded":["Noxious Fumes"]},{"damage_healed":0,"gold_gain":0,"player_choice":"Gave Idol","damage_taken":0,"relics_obtained":["Bloody Idol"],"max_hp_gain":0,"max_hp_loss":0,"event_name":"Forgotten Altar","floor":27,"relics_lost":["Golden Idol"],"gold_loss":0},{"damage_healed":0,"gold_gain":0,"player_choice":"Became a vampire","damage_taken":0,"max_hp_gain":0,"max_hp_loss":26,"event_name":"Vampires","floor":30,"gold_loss":0,"cards_obtained":["Bite","Bite","Bite","Bite","Bite"]},{"damage_healed":0,"gold_gain":0,"player_choice":"Embrace Madness","damage_taken":7,"max_hp_gain":0,"max_hp_loss":0,"event_name":"Winding Halls","floor":36,"gold_loss":0,"cards_obtained":["Madness","Madness"]},{"damage_healed":0,"gold_gain":999,"player_choice":"Gold","damage_taken":0,"max_hp_gain":0,"max_hp_loss":0,"event_name":"MindBloom","floor":38,"gold_loss":0,"cards_obtained":["Normality","Normality"]},{"damage_healed":0,"gold_gain":0,"player_choice":"Memory 1","damage_taken":0,"max_hp_gain":0,"max_hp_loss":0,"event_name":"SensoryStone","floor":42,"gold_loss":0},{"damage_healed":0,"gold_gain":0,"player_choice":"Paid","damage_taken":0,"relics_obtained":["Red Mask"],"max_hp_gain":0,"max_hp_loss":0,"event_name":"Tomb of Lord Red Mask","floor":46,"gold_loss":135}],"is_beta":false,"boss_relics":[{"not_picked":["Ring of the Serpent","Eternal Feather"],"picked":"Pandora\u0027s Box"},{"not_picked":["White Beast Statue","HoveringKite"],"picked":"Black Star"}],"items_purged_floors":[39],"is_endless":false,"potions_floor_spawned":[6,10,11,18,19,21,31,35,45],"killed_by":"Donu and Deca","ascension_level":1}