{"gold_per_floor":[213,230,230,249,263,263,279,279,279,47,62,62,95,113,113,189,189,199,211,62,73,73,107,121,145,145,32,66,116,126,126,126,199,199,211,5,22,38,58,58,58],"floor_reached":41,"playtime":1860,"items_purged":["Writhe"],"score":765,"play_id":"53e7557f-b00c-417a-ade5-38a0b89aff35","local_time":"20190407155707","is_ascension_mode":true,"campfire_choices":[{"data":"Inflame","floor":6.0,"key":"SMITH"},{"data":"Apotheosis","floor":15.0,"key":"SMITH"},{"floor":32.0,"key":"REST"},{"floor":40.0,"key":"REST"}],"neow_cost":"NONE","seed_source_timestamp":3787543181432419,"circlet_count":0,"master_deck":["AscendersBane","Strike_R","Strike_R","Strike_R","Defend_R","Defend_R","Defend_R","Defend_R","Bash","Inflame","Iron Wave","Heavy Blade","Inflame+1","Metallicize","Apotheosis+1","Evolve","Heavy Blade","Brutality","True Grit","Double Tap","Whirlwind","Burning Pact","Feel No Pain","Shrug It Off","Battle Trance","Uppercut","Feed","Shrug It Off","Shrug It Off","Metallicize+1","Feel No Pain"],"special_seed":0,"relics":["Burning Blood","Happy Flower","Pocketwatch","Mark of Pain","PreservedInsect","Shuriken","Red Skull","Peace Pipe","Bag of Preparation","Empty Cage","Frozen Eye"],"potions_floor_usage":[41,41],"damage_taken":[{"damage":7.0,"enemies":"Small Slimes","floor":1.0,"turns":4.0},{"damage":3.0,"enemies":"2 Louse","floor":2.0,"turns":4.0},{"damage":13.0,"enemies":"Jaw Worm","floor":4.0,"turns":4.0},{"damage":11.0,"enemies":"Looter","floor":5.0,"turns":4.0},{"damage":15.0,"enemies":"Gremlin Gang","floor":7.0,"turns":5.0},{"damage":2.0,"enemies":"2 Fungi Beasts","floor":11.0,"turns":4.0},{"damage":8.0,"enemies":"3 Sentries","floor":13.0,"turns":6.0},{"damage":11.0,"enemies":"Looter","floor":14.0,"turns":5.0},{"damage":14.0,"enemies":"Hexaghost","floor":16.0,"turns":8.0},{"damage":9.0,"enemies":"Shell Parasite","floor":18.0,"turns":3.0},{"damage":0.0,"enemies":"3 Byrds","floor":19.0,"turns":4.0},{"damage":16.0,"enemies":"3 Cultists","floor":21.0,"turns":4.0},{"damage":20.0,"enemies":"Book of Stabbing","floor":23.0,"turns":4.0},{"damage":25.0,"enemies":"Shelled Parasite and Fungi","floor":24.0,"turns":4.0},{"damage":19.0,"enemies":"Slavers","floor":28.0,"turns":5.0},{"damage":6.0,"enemies":"Snake Plant","floor":30.0,"turns":4.0},{"damage":29.0,"enemies":"Automaton","floor":33.0,"turns":7.0},{"damage":22.0,"enemies":"Orb Walker","floor":35.0,"turns":3.0},{"damage":2.0,"enemies":"3 Shapes","floor":37.0,"turns":5.0},{"damage":20.0,"enemies":"Transient","floor":38.0,"turns":5.0},{"damage":10.0,"enemies":"Sphere and 2 Shapes","floor":39.0,"turns":5.0},{"damage":70,"enemies":"Reptomancer","floor":41,"turns":4}],"seed_played":"8665960251927908598","potions_obtained":[{"floor":1.0,"key":"EssenceOfSteel"},{"floor":7.0,"key":"PowerPotion"},{"floor":16.0,"key":"FearPotion"},{"floor":28.0,"key":"FearPotion"},{"floor":30.0,"key":"GamblersBrew"},{"floor":33.0,"key":"Strength Potion"},{"floor":39.0,"key":"Poison Potion"}],"is_trial":false,"path_per_floor":["M","M","$","M","M","R","M","$","T","$","M","?","E","M","R","B",null,"M","M","$","M","?","E","M","T","T","$","E","?","M","?","R","B",null,"M","$","M","M","M","R","E"],"character_chosen":"IRONCLAD","items_purchased":["Apotheosis","Evolve","PreservedInsect","Battle Trance","Frozen Eye"],"campfire_rested":2,"item_purchase_floors":[10,10,20,27,36],"current_hp_per_floor":[67,70,70,63,58,58,49,49,49,49,53,42,40,35,35,27,63,60,66,66,56,56,42,23,23,23,23,10,10,10,10,32,9,59,43,43,51,37,33,56,0],"gold":58,"neow_bonus":"HUNDRED_GOLD","is_prod":false,"is_daily":false,"chose_seed":false,"campfire_upgraded":2,"win_rate":0,"timestamp":1554667027,"path_taken":["M","M","$","M","M","R","M","$","T","$","M","?","E","M","R","BOSS","M","M","$","M","?","E","M","?","T","$","E","?","M","?","R","BOSS","M","$","M","?","M","R","E"],"build_version":"2019-04-04","purchased_purges":1,"victory":false,"max_hp_per_floor":[75,75,75,75,75,75,75,75,75,75,75,75,75,75,75,75,75,75,75,75,75,75,75,75,75,75,75,75,75,75,75,75,75,75,75,75,79,79,79,79,79],"card_choices":[{"not_picked":["Havoc","Heavy Blade"],"picked":"Inflame","floor":1.0},{"not_picked":["Thunderclap","Combust"],"picked":"Iron Wave","floor":2.0},{"not_picked":["True Grit","Twin Strike"],"picked":"Heavy Blade","floor":4.0},{"not_picked":["Rage","Flex"],"picked":"Inflame","floor":5.0},{"not_picked":["Burning Pact","Infernal Blade"],"picked":"Metallicize","floor":7.0},{"not_picked":["Havoc","Intimidate"],"picked":"Heavy Blade","floor":11.0},{"not_picked":["Armaments","Clothesline"],"picked":"Brutality","floor":13.0},{"not_picked":["Headbutt","Armaments"],"picked":"True Grit","floor":14.0},{"not_picked":["Bludgeon","Fiend Fire"],"picked":"Double Tap","floor":16.0},{"not_picked":["Perfected Strike","Havoc+1"],"picked":"Whirlwind","floor":18.0},{"not_picked":["Seeing Red","Cleave","Perfected Strike"],"picked":"SKIP","floor":19.0},{"not_picked":["Flex","Twin Strike"],"picked":"Burning Pact","floor":21.0},{"not_picked":["Iron Wave+1","Warcry"],"picked":"Feel No Pain","floor":23.0},{"not_picked":["Burning Pact","Battle Trance"],"picked":"Shrug It Off","floor":24.0},{"not_picked":["Twin Strike","Hemokinesis"],"picked":"Uppercut","floor":28.0},{"not_picked":["Sever Soul","Clash+1","Thunderclap"],"picked":"SKIP","floor":30.0},{"not_picked":["Offering","Brutality"],"picked":"Feed","floor":33.0},{"not_picked":["Thunderclap","Dropkick"],"picked":"Shrug It Off","floor":35.0},{"not_picked":["Fire Breathing","Uppercut+1"],"picked":"Shrug It Off","floor":37.0},{"not_picked":["Feel No Pain","Fire Breathing"],"picked":"Metallicize+1","floor":38.0},{"not_picked":["Iron Wave","Perfected Strike+1"],"picked":"Feel No Pain","floor":39.0}],"player_experience":915670,"relics_obtained":[{"floor":13.0,"key":"Pocketwatch"},{"floor":25.0,"key":"Red Skull"},{"floor":26.0,"key":"Peace Pipe"},{"floor":28.0,"key":"Bag of Preparation"}],"event_choices":[{"damage_healed":0.0,"max_hp_gain":0.0,"max_hp_loss":0.0,"gold_gain":0.0,"event_name":"Scrap Ooze","player_choice":"Success","floor":12.0,"gold_loss":0.0,"damage_taken":11.0,"relics_obtained":["Happy Flower"]},{"damage_healed":0.0,"max_hp_gain":0.0,"max_hp_loss":0.0,"gold_gain":0.0,"event_name":"The Mausoleum","player_choice":"Opened","floor":22.0,"gold_loss":0.0,"damage_taken":0.0,"relics_obtained":["Shuriken"],"cards_obtained":["Writhe"]},{"damage_healed":0.0,"max_hp_gain":0.0,"max_hp_loss":0.0,"gold_gain":50.0,"event_name":"Nest","player_choice":"Stole From Cult","floor":29.0,"gold_loss":0.0,"damage_taken":0.0},{"damage_healed":0.0,"max_hp_gain":0.0,"max_hp_loss":0.0,"gold_gain":0.0,"event_name":"FaceTrader","player_choice":"Leave","floor":31.0,"gold_loss":0.0,"damage_taken":0.0}],"is_beta":true,"boss_relics":[{"not_picked":["Astrolabe","Velvet Choker"],"picked":"Mark of Pain"},{"not_picked":["Lizard Tail","Orrery"],"picked":"Empty Cage"}],"items_purged_floors":[27],"is_endless":false,"potions_floor_spawned":[1,7,11,16,21,28,30,33,39],"killed_by":"Reptomancer","ascension_level":15}