{"path_per_floor":["M","M","$","?","M","E","R","M","T","M","?","E","R","$","R","B",null,"M","M","$","?","$","R","E","?","T","R","E","R","M","M","R","B",null,"M","M","$","?","M","R","E","M","T","R","E","?","E","M","R","B"],"character_chosen":"DEFECT","items_purchased":["Capacitor","Cold Snap","Thread and Needle","PowerPotion","Storm","Skim","Magnetism"],"gold_per_floor":[213,228,158,158,178,212,212,232,314,331,331,357,357,4,4,81,81,97,114,20,20,20,20,49,49,75,75,107,107,121,132,132,207,207,218,234,39,0,13,13,13,26,26,26,61,61,95,105,105,105],"floor_reached":51,"campfire_rested":5,"playtime":2278,"current_hp_per_floor":[68,68,68,68,68,19,41,40,40,40,40,19,41,41,41,6,58,58,45,45,37,37,37,19,19,19,30,23,34,24,15,26,26,34,34,34,34,34,34,34,34,34,34,34,34,34,34,34,34,34],"items_purged":[],"gold":105,"score":1598,"play_id":"bbb58742-2480-436e-970f-85278e5da20e","local_time":"20180513213004","is_prod":false,"is_daily":false,"chose_seed":false,"is_ascension_mode":true,"campfire_upgraded":3,"timestamp":1526218204,"path_taken":["M","M","$","?","M","E","R","M","T","M","?","E","R","$","R","BOSS","M","M","$","?","?","R","E","?","T","R","E","R","?","M","R","BOSS","M","M","$","?","?","R","E","M","T","R","E","?","E","M","R","BOSS"],"build_version":"2018-05-12v2","seed_source_timestamp":0,"purchased_purges":0,"victory":true,"master_deck":["Strike_B","Strike_B","Defend_B","Defend_B","Defend_B","Zap","Dualcast","AscendersBane","Leap","Defragment","Capacitor","Cold Snap","BootSequence","Fission","Go for the Eyes","Chill","Turbo","Defragment+1","Buffer","Heatsinks","White Noise","Sweeping Beam","Leap","Barrage","Coolheaded","Gash+1","Storm","Skim","Ghostly","Ghostly","Ghostly","Ghostly","Ghostly","Echo Form","Darkness","Rebound+1","Cold Snap+1","Buffer","Reprogram","Coolheaded+1","Magnetism","Hologram","Undo","Creative AI","Defragment+1","Go for the Eyes+1"],"max_hp_per_floor":[75,75,75,75,75,75,75,75,75,75,75,75,75,75,75,75,75,75,75,75,37,37,37,37,37,37,37,37,37,37,37,37,37,37,37,37,37,37,37,37,37,37,37,37,37,37,37,37,37,37],"relics":["Cracked Core","Shovel","Symbiotic Virus","Bronze Scales","Thread and Needle","Happy Flower","Orrery","Molten Egg 2","DataDisk","Ornamental Fan","Runic Dome","Red Mask","Kunai","Girya","Sundial","Prayer Wheel"],"card_choices":[{"not_picked":["Capacitor","Barrage"],"picked":"Leap","floor":1.0},{"not_picked":["Capacitor","Skim"],"picked":"Defragment","floor":2.0},{"not_picked":["Skim","Self Repair"],"picked":"Fission","floor":5.0},{"not_picked":["Rebound","Conserve Battery"],"picked":"Go for the Eyes","floor":6.0},{"not_picked":["Stack","Hologram"],"picked":"Chill","floor":8.0},{"not_picked":["Lockon","Steam"],"picked":"Turbo","floor":10.0},{"not_picked":["Blizzard","Self Repair"],"picked":"Defragment","floor":12.0},{"not_picked":["Nova","Meteor Strike"],"picked":"Buffer","floor":16.0},{"not_picked":["Turbo","Coolheaded"],"picked":"Heatsinks","floor":17},{"not_picked":["Streamline","Sweeping Beam"],"picked":"White Noise","floor":17},{"not_picked":["Aggregate","Capacitor"],"picked":"Sweeping Beam","floor":17},{"not_picked":["Hologram","Scrape"],"picked":"Leap","floor":17},{"not_picked":["Leap","Axe Kick"],"picked":"Barrage","floor":17},{"not_picked":["Leap","Biased Cognition"],"picked":"Coolheaded","floor":18},{"not_picked":["Cold Snap","Streamline"],"picked":"Gash","floor":19},{"not_picked":["Double Energy","Loop"],"picked":"Echo Form","floor":24},{"not_picked":["Sweeping Beam+1","Barrage+1"],"picked":"Darkness","floor":28},{"not_picked":["Rebound+1","Axe Kick+1","Hello World"],"picked":"SKIP","floor":30},{"not_picked":["Axe Kick+1","Hello World"],"picked":"Rebound+1","floor":30},{"not_picked":["Beam Cell+1","Axe Kick+1"],"picked":"Cold Snap+1","floor":31},{"not_picked":["Amplify","Rainbow"],"picked":"Buffer","floor":33},{"not_picked":["Beam Cell+1","Skim"],"picked":"Reprogram","floor":35},{"not_picked":["Lockon+1","Rebound+1"],"picked":"Coolheaded+1","floor":36},{"not_picked":["Lockon+1","Beam Cell+1"],"picked":"Hologram","floor":39},{"not_picked":["Coolheaded","Melter+1"],"picked":"Undo","floor":42},{"not_picked":["Auto Shields","Steam Power"],"picked":"Creative AI","floor":45},{"not_picked":["Barrage+1","BootSequence"],"picked":"Defragment","floor":47},{"not_picked":["Steam Power","Blizzard+1"],"picked":"Go for the Eyes+1","floor":48}],"player_experience":980398,"potions_floor_usage":[19,24,41,50,50,50,50],"damage_taken":[{"damage":0.0,"enemies":"Small Slimes","floor":1.0,"turns":2.0},{"damage":0.0,"enemies":"Cultist","floor":2.0,"turns":4.0},{"damage":0.0,"enemies":"Jaw Worm","floor":5.0,"turns":4.0},{"damage":49.0,"enemies":"Gremlin Nob","floor":6.0,"turns":5.0},{"damage":1.0,"enemies":"Large Slime","floor":8.0,"turns":8.0},{"damage":0.0,"enemies":"Red Slaver","floor":10.0,"turns":2.0},{"damage":21.0,"enemies":"Lagavulin","floor":12.0,"turns":10.0},{"damage":35.0,"enemies":"Slime Boss","floor":16.0,"turns":11.0},{"damage":0,"enemies":"Shell Parasite","floor":18,"turns":5},{"damage":13,"enemies":"Chosen","floor":19,"turns":6},{"damage":18,"enemies":"Gremlin Leader","floor":24,"turns":8},{"damage":7,"enemies":"Book of Stabbing","floor":28,"turns":5},{"damage":10,"enemies":"Snecko","floor":30,"turns":8},{"damage":9,"enemies":"3 Cultists","floor":31,"turns":6},{"damage":0,"enemies":"Collector","floor":33,"turns":13},{"damage":0,"enemies":"3 Shapes","floor":35,"turns":5},{"damage":0,"enemies":"Orb Walker","floor":36,"turns":4},{"damage":0,"enemies":"Maw","floor":39,"turns":7},{"damage":0,"enemies":"2 Orb Walkers","floor":41,"turns":1},{"damage":0,"enemies":"Sphere and 2 Shapes","floor":42,"turns":8},{"damage":0,"enemies":"Nemesis","floor":45,"turns":13},{"damage":0,"enemies":"Giant Head","floor":47,"turns":9},{"damage":25,"enemies":"4 Shapes","floor":48,"turns":6},{"damage":0,"enemies":"Time Eater","floor":50,"turns":9}],"event_choices":[{"event_name":"Transmorgrifier","player_choice":"Transform","floor":4.0,"damage_taken":0.0},{"event_name":"Bonfire Elementals","player_choice":"BASIC","floor":11.0,"damage_taken":0.0},{"event_name":"Ghosts","player_choice":"Became a Ghost","floor":21,"damage_taken":0},{"event_name":"Cursed Tome","player_choice":"Ignored","floor":25,"damage_taken":0},{"event_name":"Tomb of Lord Red Mask","player_choice":"Paid","floor":38,"damage_taken":0}],"boss_relics":[{"not_picked":["Lizard Tail","Astrolabe"],"picked":"Orrery"},{"not_picked":["Sozu","White Beast Statue"],"picked":"Runic Dome"}],"potions_floor_spawned":[2,6,12,16,19,28,33,35,39,41,48],"seed_played":"-5099585593980259325","ascension_level":13,"is_trial":false}