{"gold_per_floor":[117,135,155,9,23,57,57,10,63,81,81,98,98,131,131,207,207,177,177,177,177,177,177,177,10,10,10,10,10,10,10,10,10,10,10,10,10,10,10,10,10,10,10,10,10,10,10,10,10,10,10,10,10,10,10],"floor_reached":55,"playtime":2751,"items_purged":[],"score":1339,"play_id":"fd363d66-e5a3-4ec8-ba12-8ff27ff18dea","local_time":"20190324184730","is_ascension_mode":true,"campfire_choices":[{"data":"Skewer","floor":7.0,"key":"SMITH"},{"floor":11.0,"key":"REST"},{"floor":15.0,"key":"REST"},{"data":"Malaise","floor":24.0,"key":"SMITH"},{"data":"Well Laid Plans","floor":30.0,"key":"SMITH"},{"data":"PiercingWail","floor":32.0,"key":"SMITH"},{"floor":40.0,"key":"RECALL"},{"floor":42.0,"key":"REST"},{"floor":49.0,"key":"REST"},{"floor":52,"key":"REST"}],"neow_cost":"NONE","seed_source_timestamp":2587184157415809,"circlet_count":0,"master_deck":["AscendersBane","Defend_G","Defend_G","Defend_G","Defend_G","Strike_G","Strike_G","Strike_G","Strike_G","Strike_G","Survivor","Neutralize","Poisoned Stab","Skewer+1","Endless Agony","Malaise+1","PiercingWail","Cloak And Dagger","Dodge and Roll","Leg Sweep","Bane+1","Terror","Die Die Die+1","Acrobatics","PiercingWail","Quick Slash+1","Sucker Punch+1","Skewer+1","Well Laid Plans+1","Bandage Up","Corpse Explosion","Leg Sweep+1","PiercingWail+1","Burst+1","Expertise+1","Leg Sweep+1","Blur+1"],"special_seed":0,"relics":["Ring of the Snake","Molten Egg 2","Potion Belt","Orichalcum","PreservedInsect","Ectoplasm","Pocketwatch","Ancient Tea Set","Pear","The Courier","Fusion Hammer","Shuriken","Gremlin Horn"],"potions_floor_usage":[54,54,55,55],"damage_taken":[{"damage":0.0,"enemies":"Cultist","floor":1.0,"turns":5.0},{"damage":2.0,"enemies":"Jaw Worm","floor":2.0,"turns":7.0},{"damage":2.0,"enemies":"2 Louse","floor":3.0,"turns":2.0},{"damage":5.0,"enemies":"Gremlin Gang","floor":5.0,"turns":5.0},{"damage":24.0,"enemies":"Gremlin Nob","floor":6.0,"turns":5.0},{"damage":0.0,"enemies":"2 Fungi Beasts","floor":10.0,"turns":3.0},{"damage":0.0,"enemies":"Red Slaver","floor":12.0,"turns":5.0},{"damage":21.0,"enemies":"Lagavulin","floor":14.0,"turns":10.0},{"damage":19.0,"enemies":"Slime Boss","floor":16.0,"turns":6.0},{"damage":5.0,"enemies":"2 Thieves","floor":18.0,"turns":2.0},{"damage":0.0,"enemies":"3 Byrds","floor":19.0,"turns":6.0},{"damage":4.0,"enemies":"Snecko","floor":21.0,"turns":5.0},{"damage":0.0,"enemies":"Snake Plant","floor":22.0,"turns":6.0},{"damage":8.0,"enemies":"Book of Stabbing","floor":23.0,"turns":5.0},{"damage":3.0,"enemies":"Gremlin Leader","floor":27.0,"turns":5.0},{"damage":0.0,"enemies":"Centurion and Healer","floor":28.0,"turns":5.0},{"damage":5.0,"enemies":"Sentry and Sphere","floor":29.0,"turns":4.0},{"damage":4.0,"enemies":"Snecko","floor":31.0,"turns":5.0},{"damage":47.0,"enemies":"Collector","floor":33.0,"turns":9.0},{"damage":0.0,"enemies":"Orb Walker","floor":35.0,"turns":3.0},{"damage":6.0,"enemies":"3 Darklings","floor":37.0,"turns":3.0},{"damage":11.0,"enemies":"4 Shapes","floor":38.0,"turns":7.0},{"damage":10.0,"enemies":"Sphere and 2 Shapes","floor":39.0,"turns":7.0},{"damage":0.0,"enemies":"Maw","floor":41.0,"turns":8.0},{"damage":0.0,"enemies":"Nemesis","floor":44.0,"turns":9.0},{"damage":41,"enemies":"Time Eater","floor":50,"turns":16},{"damage":45,"enemies":"Shield and Spear","floor":54,"turns":6},{"damage":46,"enemies":"The Heart","floor":55,"turns":8}],"seed_played":"2420761044293512944","potions_obtained":[{"floor":1.0,"key":"Dexterity Potion"},{"floor":10.0,"key":"SpeedPotion"},{"floor":12.0,"key":"PowerPotion"},{"floor":16.0,"key":"EssenceOfSteel"},{"floor":21.0,"key":"PowerPotion"},{"floor":27.0,"key":"Block Potion"},{"floor":28.0,"key":"PowerPotion"},{"floor":31.0,"key":"Ancient Potion"},{"floor":33.0,"key":"SteroidPotion"}],"is_trial":false,"path_per_floor":["M","M","M","$","M","E","R","$","T","M","R","M","?","E","R","B",null,"M","M","?","M","M","E","R","$","T","E","M","M","R","M","R","B",null,"M","?","M","M","M","R","M","R","T","E","?","?","$","$","R","B",null,"R","$","E","B"],"character_chosen":"THE_SILENT","items_purchased":["Malaise","Dodge and Roll","Well Laid Plans","Bandage Up"],"campfire_rested":5,"item_purchase_floors":[4,8,25,25],"current_hp_per_floor":[65,63,61,61,56,32,32,32,32,32,53,53,48,27,48,29,61,56,56,56,52,52,44,44,44,54,55,59,58,58,58,58,15,65,65,65,59,52,46,46,50,74,74,78,78,78,78,78,82,45,73,82,82,41,0],"gold":10,"neow_bonus":"TEN_PERCENT_HP_BONUS","is_prod":false,"is_daily":false,"chose_seed":false,"campfire_upgraded":4,"win_rate":0,"timestamp":1553467650,"path_taken":["M","M","M","$","?","E","R","$","T","?","R","M","?","E","R","BOSS","M","M","?","M","?","E","R","$","T","E","M","M","R","M","R","BOSS","M","?","M","?","M","R","M","R","T","E","?","?","?","$","R","BOSS","R","$","E","BOSS"],"build_version":"2019-03-15","purchased_purges":0,"victory":false,"max_hp_per_floor":[72,72,72,72,72,72,72,72,72,72,72,72,72,72,72,72,72,72,72,72,72,72,72,72,72,82,82,82,82,82,82,82,82,82,82,82,82,82,82,82,82,82,82,82,82,82,82,82,82,82,82,82,82,82,82],"card_choices":[{"not_picked":["Distraction","Expertise"],"picked":"Poisoned Stab","floor":1.0},{"not_picked":["Setup","Underhanded Strike"],"picked":"Skewer","floor":2.0},{"not_picked":["Underhanded Strike","Outmaneuver"],"picked":"Endless Agony","floor":3.0},{"not_picked":["Outmaneuver","Dodge and Roll"],"picked":"PiercingWail","floor":5.0},{"not_picked":["Blade Dance","Acrobatics"],"picked":"Cloak And Dagger","floor":6.0},{"not_picked":["Heel Hook+1","Masterful Stab+1"],"picked":"Leg Sweep","floor":10.0},{"not_picked":["Tactician","Reflex"],"picked":"Bane+1","floor":12.0},{"not_picked":["Adrenaline","Poisoned Stab+1"],"picked":"Terror","floor":14.0},{"not_picked":["Phantasmal Killer","Burst"],"picked":"Die Die Die+1","floor":16.0},{"not_picked":["Dagger Spray+1","Dagger Throw+1"],"picked":"Acrobatics","floor":18.0},{"not_picked":["Dodge and Roll","Choke+1"],"picked":"PiercingWail","floor":19.0},{"not_picked":["Accuracy","Dagger Throw+1"],"picked":"Quick Slash+1","floor":21.0},{"not_picked":["Acrobatics","Bouncing Flask"],"picked":"Sucker Punch+1","floor":22.0},{"not_picked":["Deadly Poison","Phantasmal Killer"],"picked":"Skewer+1","floor":23.0},{"not_picked":["Outmaneuver","Escape Plan"],"picked":"Corpse Explosion","floor":27.0},{"not_picked":["Flying Knee+1","Cloak And Dagger","Quick Slash+1"],"picked":"SKIP","floor":28.0},{"not_picked":["Cloak And Dagger","Backflip"],"picked":"Leg Sweep+1","floor":29.0},{"not_picked":["Escape Plan","Dodge and Roll"],"picked":"PiercingWail","floor":31.0},{"not_picked":["Envenom","Bullet Time"],"picked":"Burst","floor":33.0},{"not_picked":["Terror","Masterful Stab+1","Underhanded Strike+1"],"picked":"SKIP","floor":35.0},{"not_picked":["Prepared","Backstab+1"],"picked":"Expertise+1","floor":37.0},{"not_picked":["Sucker Punch+1","Flying Knee+1","Eviscerate+1"],"picked":"SKIP","floor":38.0},{"not_picked":["Backstab+1","Riddle With Holes+1","Finisher+1"],"picked":"SKIP","floor":39.0},{"not_picked":["Bane+1","Prepared","Underhanded Strike+1"],"picked":"SKIP","floor":41.0},{"not_picked":["PiercingWail","Grand Finale+1"],"picked":"Leg Sweep+1","floor":44.0},{"not_picked":["Bouncing Flask+1","Corpse Explosion"],"picked":"Blur+1","floor":54}],"player_experience":847504,"relics_obtained":[{"floor":6.0,"key":"Molten Egg 2"},{"floor":9.0,"key":"Potion Belt"},{"floor":14.0,"key":"PreservedInsect"},{"floor":23.0,"key":"Ancient Tea Set"},{"floor":26.0,"key":"Pear"},{"floor":27.0,"key":"The Courier"},{"floor":44.0,"key":"Shuriken"},{"floor":54,"key":"Gremlin Horn"}],"event_choices":[{"damage_healed":0.0,"max_hp_gain":0.0,"max_hp_loss":0.0,"gold_gain":0.0,"event_name":"Scrap Ooze","player_choice":"Success","floor":13.0,"gold_loss":0.0,"damage_taken":5.0,"relics_obtained":["Orichalcum"]},{"damage_healed":0.0,"max_hp_gain":0.0,"max_hp_loss":0.0,"gold_gain":0.0,"event_name":"WeMeetAgain","player_choice":"Gave Potion","floor":20.0,"gold_loss":0.0,"damage_taken":0.0,"relics_obtained":["Pocketwatch"]},{"damage_healed":0.0,"max_hp_gain":0.0,"max_hp_loss":0.0,"gold_gain":0.0,"event_name":"Accursed Blacksmith","player_choice":"Forge","floor":36.0,"gold_loss":0.0,"damage_taken":0.0,"cards_upgraded":["Burst"]},{"cards_removed":["Defend_G"],"damage_healed":0.0,"max_hp_gain":0.0,"max_hp_loss":0.0,"gold_gain":0.0,"event_name":"Falling","player_choice":"Removed Skill","floor":45.0,"gold_loss":0.0,"damage_taken":0.0},{"damage_healed":0.0,"max_hp_gain":0.0,"max_hp_loss":0.0,"gold_gain":0.0,"event_name":"SensoryStone","player_choice":"Memory 1","floor":46.0,"gold_loss":0.0,"damage_taken":0.0}],"is_beta":true,"boss_relics":[{"not_picked":["Ring of the Serpent","Philosopher\u0027s Stone"],"picked":"Ectoplasm"},{"not_picked":["Black Star","Runic Dome"],"picked":"Fusion Hammer"}],"items_purged_floors":[],"is_endless":false,"potions_floor_spawned":[1,10,12,16,21,27,28,29,31,33,35,39,44],"killed_by":"The Heart","ascension_level":15}