{"gold_per_floor":[111,129,129,146,165,228,228,284,284,284,298,298,298,315,315,418,418,433,433,98,98,110,110,138,138,138,138,158,158,158,158,158,261,261,278,278,278,106,106,106,106,122,122,122,149,49,49,64,64,64],"floor_reached":51,"playtime":1874,"items_purged":["Strike_B","Normality","Shame"],"score":1002,"play_id":"f9a6541b-aeaf-4545-bc17-dd39cbf280d1","local_time":"20180821222423","is_ascension_mode":true,"campfire_choices":[{"data":"Zap","floor":7,"key":"SMITH"},{"data":"Defragment","floor":13,"key":"SMITH"},{"data":"Go for the Eyes","floor":15,"key":"SMITH"},{"data":"Coolheaded","floor":23,"key":"SMITH"},{"data":"Seek","floor":25,"key":"SMITH"},{"data":"Hologram","floor":32,"key":"SMITH"},{"data":"Capacitor","floor":40,"key":"SMITH"},{"data":"Beam Cell","floor":49,"key":"SMITH"}],"neow_cost":"NONE","seed_source_timestamp":46034741870845,"circlet_count":0,"master_deck":["Strike_B","Strike_B","Defend_B","Defend_B","Defend_B","Defend_B","Zap+1","Dualcast","Coolheaded+1","Ball Lightning+1","Go for the Eyes+1","Conserve Battery","Conserve Battery","Defragment+1","Genetic Algorithm","Hologram+1","Electrodynamics","Auto Shields","Hologram+1","Seek+1","Doubt","Cold Snap+1","Defragment+1","Core Surge","Leap+1","Decay","Capacitor+1","Defragment+1","Loop+1","Beam Cell+1"],"relics":["Cracked Core","Blood Vial","Tiny Chest","Cables","Juzu Bracelet","Cursed Key","FaceOfCleric","Meat on the Bone","Bottled Tornado","Oddly Smooth Stone","Ornamental Fan","Bag of Preparation","Mercury Hourglass","Lizard Tail","Calipers","The Courier"],"potions_floor_usage":[8,8,24,50],"damage_taken":[{"damage":0,"enemies":"Cultist","floor":1,"turns":3},{"damage":2,"enemies":"Small Slimes","floor":2,"turns":3},{"damage":7,"enemies":"Jaw Worm","floor":4,"turns":3},{"damage":7,"enemies":"3 Louse","floor":5,"turns":4},{"damage":24,"enemies":"Gremlin Nob","floor":6,"turns":4},{"damage":20,"enemies":"Lagavulin Event","floor":8,"turns":6},{"damage":0,"enemies":"2 Fungi Beasts","floor":11,"turns":3},{"damage":0,"enemies":"Large Slime","floor":14,"turns":3},{"damage":19,"enemies":"Slime Boss","floor":16,"turns":12},{"damage":2,"enemies":"Shell Parasite","floor":18,"turns":5},{"damage":0,"enemies":"Spheric Guardian","floor":22,"turns":3},{"damage":21,"enemies":"Gremlin Leader","floor":24,"turns":8},{"damage":4,"enemies":"Snecko","floor":28,"turns":6},{"damage":17,"enemies":"Collector","floor":33,"turns":10},{"damage":4,"enemies":"3 Shapes","floor":35,"turns":3},{"damage":18,"enemies":"3 Darklings","floor":42,"turns":4},{"damage":39,"enemies":"Nemesis","floor":45,"turns":9},{"damage":0,"enemies":"Sphere and 2 Shapes","floor":48,"turns":2},{"damage":53,"enemies":"Donu and Deca","floor":50,"turns":10}],"seed_played":"7906430658887967505","potions_obtained":[{"floor":2,"key":"Fire Potion"},{"floor":4,"key":"Ancient Potion"},{"floor":6,"key":"Dexterity Potion"},{"floor":8,"key":"SteroidPotion"},{"floor":28,"key":"SteroidPotion"},{"floor":42,"key":"GamblersBrew"},{"floor":48,"key":"LiquidBronze"}],"is_trial":false,"path_per_floor":["M","M","?","M","M","E","R","?","T","?","M","?","R","M","R","B",null,"M","?","$","T","M","R","E","R","T","T","M","?","?","T","R","B",null,"M","?","T","$","?","R","?","M","T","T","E","$","?","M","R","B"],"character_chosen":"DEFECT","items_purchased":["Meat on the Bone","Capacitor"],"campfire_rested":0,"item_purchase_floors":[20,38],"current_hp_per_floor":[70,70,70,65,60,38,38,20,20,20,22,22,22,24,24,7,58,58,58,58,58,61,61,43,43,43,43,42,42,42,42,42,40,69,68,68,68,68,68,68,68,53,53,53,29,29,72,73,73,33],"gold":64,"neow_bonus":"RANDOM_COMMON_RELIC","is_prod":false,"is_daily":false,"chose_seed":false,"campfire_upgraded":8,"win_rate":0,"timestamp":1534870463,"path_taken":["M","M","?","M","M","E","R","?","T","?","M","?","R","M","R","BOSS","M","?","$","?","M","R","E","R","T","?","M","?","?","?","R","BOSS","M","?","?","$","?","R","?","M","T","?","E","?","?","M","R","BOSS"],"build_version":"2018-08-20","purchased_purges":3,"victory":true,"max_hp_per_floor":[75,75,75,75,75,75,75,75,75,75,75,75,75,75,75,75,75,75,75,75,75,76,76,77,77,77,77,78,78,78,78,78,79,79,80,80,80,80,80,80,80,81,81,81,82,82,72,73,73,74],"card_choices":[{"not_picked":["Turbo","Self Repair"],"picked":"Coolheaded","floor":1},{"not_picked":["Doom and Gloom","Self Repair"],"picked":"Ball Lightning","floor":2},{"not_picked":["Beam Cell","Barrage"],"picked":"Go for the Eyes","floor":4},{"not_picked":["Beam Cell","Sweeping Beam"],"picked":"Conserve Battery","floor":5},{"not_picked":["Cold Snap","Ball Lightning"],"picked":"Conserve Battery","floor":6},{"not_picked":["BootSequence","Hologram"],"picked":"Defragment","floor":8},{"not_picked":["Capacitor","Seek"],"picked":"Genetic Algorithm","floor":11},{"not_picked":["Turbo","Conserve Battery","Storm"],"picked":"SKIP","floor":14},{"not_picked":["Seek","Core Surge"],"picked":"Electrodynamics","floor":16},{"not_picked":["Gash","Reprogram"],"picked":"Auto Shields","floor":18},{"not_picked":["Lockon","Static Discharge"],"picked":"Hologram+1","floor":22},{"not_picked":["Coolheaded","Reinforced Body"],"picked":"Seek","floor":24},{"not_picked":["Ball Lightning","Go for the Eyes+1"],"picked":"Cold Snap+1","floor":28},{"not_picked":["All For One","Hyperbeam"],"picked":"Core Surge","floor":33},{"not_picked":["Sweeping Beam+1","Steam"],"picked":"Leap+1","floor":35},{"not_picked":["BootSequence+1","Genetic Algorithm"],"picked":"Defragment+1","floor":42},{"not_picked":["Reboot","Cold Snap"],"picked":"Loop+1","floor":45},{"not_picked":["Rebound+1","Steam+1"],"picked":"Beam Cell","floor":48}],"player_experience":457460,"relics_obtained":[{"floor":6,"key":"Tiny Chest"},{"floor":8,"key":"Cables"},{"floor":9,"key":"Juzu Bracelet"},{"floor":21,"key":"Bottled Tornado"},{"floor":24,"key":"Oddly Smooth Stone"},{"floor":26,"key":"Ornamental Fan"},{"floor":27,"key":"Bag of Preparation"},{"floor":31,"key":"Mercury Hourglass"},{"floor":37,"key":"Calipers"},{"floor":45,"key":"The Courier"}],"event_choices":[{"event_name":"Liars Game","player_choice":"disagreed","floor":3,"damage_taken":0},{"event_name":"Dead Adventurer","player_choice":"Searched \u00273\u0027 times","floor":8,"damage_taken":0},{"event_name":"Shining Light","player_choice":"Ignored","floor":10,"damage_taken":0},{"event_name":"Transmorgrifier","player_choice":"Transform","floor":12,"damage_taken":0},{"event_name":"FaceTrader","player_choice":"Trade","floor":19,"damage_taken":0},{"event_name":"Back to Basics","player_choice":"Elegance","floor":29,"damage_taken":0},{"event_name":"Duplicator","player_choice":"One dupe","floor":30,"damage_taken":0},{"event_name":"Tomb of Lord Red Mask","player_choice":"Ignored","floor":36,"damage_taken":0},{"event_name":"Mysterious Sphere","player_choice":"Ignore","floor":39,"damage_taken":0},{"event_name":"Accursed Blacksmith","player_choice":"Forge","floor":41,"damage_taken":0},{"event_name":"The Moai Head","player_choice":"Heal","floor":47,"damage_taken":0}],"is_beta":true,"boss_relics":[{"not_picked":["Snecko Eye","Fusion Hammer"],"picked":"Cursed Key"},{"not_picked":["Runic Dome","Busted Crown"],"picked":"Lizard Tail"}],"items_purged_floors":[20,38,46],"is_endless":false,"potions_floor_spawned":[2,4,6,8,28,42,48],"ascension_level":9}