{"gold_per_floor":[367,379,454,61,81,81,415,425,501,527,544,555,555,596,608,698,710,710,710,660,585,169,169,169,22,22,22,22,22,22,22,22,22,22,22,0,0,0,0,0,0,0,0,0,0,0,0,0,0,0],"floor_reached":51,"playtime":3511,"items_purged":["Strike_G"],"score":1485,"play_id":"842365a0-126a-444f-8b77-3c2b5085916b","local_time":"20190413103109","is_ascension_mode":true,"campfire_choices":[{"data":"Apotheosis","floor":6.0,"key":"SMITH"},{"floor":15.0,"key":"REST"},{"data":"After Image","floor":27,"key":"SMITH"},{"data":"Terror","floor":29,"key":"SMITH"},{"data":"Neutralize","floor":32,"key":"SMITH"},{"data":"Blade Dance","floor":41,"key":"SMITH"},{"data":"Leg Sweep","floor":45,"key":"SMITH"},{"floor":49,"key":"REST"}],"neow_cost":"TEN_PERCENT_HP_LOSS","seed_source_timestamp":175669449429151,"circlet_count":0,"master_deck":["AscendersBane","Defend_G","Defend_G","Defend_G","Defend_G","Defend_G","Strike_G","Strike_G","Strike_G","Survivor","Neutralize+1","Flying Knee","Deadly Poison","Apotheosis+1","Leg Sweep+1","Unload","Wraith Form v2","PiercingWail","Blade Dance+1","Escape Plan","Terror+1","After Image+1","Leg Sweep","Blade Dance+1","Backflip+1","Venomology+1","Dodge and Roll+1","Footwork+1","After Image"],"special_seed":0,"relics":["Ring of the Snake","Blood Vial","Old Coin","Kunai","Potion Belt","MawBank","Dodecahedron","Ectoplasm","Lee\u0027s Waffle","PreservedInsect","Sundial","Bronze Scales","Toxic Egg 2","MutagenicStrength","Gremlin Horn","Black Star","Red Mask","Question Card","Art of War","Paper Crane","Ice Cream","Centennial Puzzle","Regal Pillow","Prayer Wheel"],"potions_floor_usage":[24,33,33,33,33,33,33,37,39,40,40,42,44,46,50,50,50,50,50,50],"damage_taken":[{"damage":0.0,"enemies":"Small Slimes","floor":1.0,"turns":4.0},{"damage":0.0,"enemies":"2 Louse","floor":2.0,"turns":4.0},{"damage":0.0,"enemies":"Jaw Worm","floor":5.0,"turns":4.0},{"damage":7.0,"enemies":"Gremlin Nob","floor":7.0,"turns":3.0},{"damage":2.0,"enemies":"Looter","floor":8.0,"turns":5.0},{"damage":17.0,"enemies":"3 Sentries","floor":10.0,"turns":9.0},{"damage":6.0,"enemies":"Red Slaver","floor":11.0,"turns":3.0},{"damage":1.0,"enemies":"2 Fungi Beasts","floor":12.0,"turns":3.0},{"damage":11.0,"enemies":"Gremlin Nob","floor":14.0,"turns":4.0},{"damage":17.0,"enemies":"Hexaghost","floor":16.0,"turns":10.0},{"damage":0.0,"enemies":"Shell Parasite","floor":18.0,"turns":4.0},{"damage":4,"enemies":"2 Thieves","floor":21,"turns":5},{"damage":15,"enemies":"Book of Stabbing","floor":23,"turns":6},{"damage":12,"enemies":"Sentry and Sphere","floor":24,"turns":6},{"damage":12,"enemies":"Slavers","floor":30,"turns":5},{"damage":0,"enemies":"Snake Plant","floor":31,"turns":4},{"damage":0,"enemies":"Automaton","floor":33,"turns":13},{"damage":0,"enemies":"3 Shapes","floor":35,"turns":6},{"damage":12,"enemies":"3 Darklings","floor":37,"turns":9},{"damage":6,"enemies":"4 Shapes","floor":39,"turns":8},{"damage":5,"enemies":"Nemesis","floor":40,"turns":7},{"damage":4,"enemies":"Reptomancer","floor":42,"turns":7},{"damage":0,"enemies":"Sphere and 2 Shapes","floor":44,"turns":5},{"damage":14,"enemies":"Spire Growth","floor":46,"turns":5},{"damage":0,"enemies":"Nemesis","floor":47,"turns":7},{"damage":4,"enemies":"Donu and Deca","floor":50,"turns":20}],"seed_played":"-5218461429702978521","potions_obtained":[{"floor":1.0,"key":"FearPotion"},{"floor":8.0,"key":"SteroidPotion"},{"floor":10.0,"key":"Weak Potion"},{"floor":11.0,"key":"SpeedPotion"},{"floor":16.0,"key":"AttackPotion"},{"floor":21,"key":"Weak Potion"},{"floor":30,"key":"SteroidPotion"},{"floor":31,"key":"EntropicBrew"},{"floor":35,"key":"Poison Potion"},{"floor":39,"key":"Poison Potion"}],"is_trial":false,"path_per_floor":["?","?","?","?","M","?","?","?","M","?"],"character_chosen":"THE_SILENT","items_purchased":["Apotheosis","Leg Sweep","Blood Vial","Lee\u0027s Waffle","PreservedInsect","Bronze Scales"],"campfire_rested":2,"item_purchase_floors":[4,4,4,22,22,25],"current_hp_per_floor":[59,59,48,48,50,50,45,45,45,30,26,27,16,7,25,10,48,50,50,50,48,67,52,42,42,42,42,42,42,32,34,34,51,63,65,65,55,55,51,48,48,46,46,48,48,36,38,38,64,60],"gold":0,"neow_bonus":"TWO_FIFTY_GOLD","is_prod":false,"is_daily":false,"chose_seed":false,"campfire_upgraded":6,"win_rate":0,"timestamp":1555169469,"path_taken":["M","M","?","$","M","R","E","M","T","E","M","M","?","E","R","BOSS","M","?","?","M","$","E","?","$","T","R","?","R","E","M","R","BOSS","M","?","M","?","M","E","R","E","T","M","R","?","E","?","R","BOSS"],"build_version":"2019-01-23","purchased_purges":1,"victory":true,"max_hp_per_floor":[60,60,60,60,60,60,60,60,60,60,60,60,60,60,60,60,60,60,60,60,60,67,67,67,67,67,67,67,67,67,67,67,67,67,67,67,67,67,67,67,67,67,67,67,67,67,67,64,64,64],"card_choices":[{"not_picked":["Escape Plan","Acrobatics"],"picked":"Flying Knee","floor":1.0},{"not_picked":["Dodge and Roll","Slice"],"picked":"Deadly Poison","floor":2.0},{"not_picked":["Cloak And Dagger","Blur"],"picked":"Unload","floor":5.0},{"not_picked":["Calculated Gamble","Cloak And Dagger"],"picked":"Wraith Form v2","floor":7.0},{"not_picked":["Poisoned Stab","Predator"],"picked":"PiercingWail","floor":8.0},{"not_picked":["Bouncing Flask","Phantasmal Killer","Bane"],"picked":"SKIP","floor":10.0},{"not_picked":["Deflect","Tactician"],"picked":"Blade Dance","floor":11.0},{"not_picked":["Blade Dance","Prepared"],"picked":"Escape Plan","floor":12.0},{"not_picked":["Envenom","Poisoned Stab"],"picked":"Terror","floor":14.0},{"not_picked":["Burst","Glass Knife"],"picked":"After Image","floor":16.0},{"not_picked":["Dagger Throw","Finisher","Slice"],"picked":"SKIP","floor":18.0},{"not_picked":["Setup","Poisoned Stab","Eviscerate"],"picked":"SKIP","floor":21},{"not_picked":["Leg Sweep","Dash","Phantasmal Killer"],"picked":"SKIP","floor":23},{"not_picked":["Finisher","Acrobatics","Eviscerate"],"picked":"SKIP","floor":24},{"not_picked":["Outmaneuver+1","Wraith Form v2"],"picked":"Blade Dance+1","floor":30},{"not_picked":["Sucker Punch+1","Underhanded Strike"],"picked":"Backflip+1","floor":31},{"not_picked":["After Image","Bullet Time+1"],"picked":"Venomology+1","floor":33},{"not_picked":["Dagger Throw","PiercingWail+1","Tactician+1"],"picked":"SKIP","floor":35},{"not_picked":["Slice","Catalyst+1"],"picked":"Dodge and Roll+1","floor":37},{"not_picked":["Outmaneuver+1","Sucker Punch+1","Poisoned Stab"],"picked":"SKIP","floor":39},{"not_picked":["Finisher","Predator","Doppelganger+1"],"picked":"SKIP","floor":40},{"not_picked":["Dash+1","Backflip+1","Acrobatics+1","Catalyst+1"],"picked":"SKIP","floor":42},{"not_picked":["Bane+1","Dagger Spray+1","Finisher"],"picked":"Footwork+1","floor":44},{"not_picked":["Outmaneuver+1","Dagger Throw","Deadly Poison+1","Noxious Fumes"],"picked":"SKIP","floor":46},{"not_picked":["Glass Knife","Grand Finale","Sucker Punch"],"picked":"After Image","floor":47}],"player_experience":404504,"relics_obtained":[{"floor":7.0,"key":"Old Coin"},{"floor":9.0,"key":"Kunai"},{"floor":10.0,"key":"Potion Belt"},{"floor":14.0,"key":"Dodecahedron"},{"floor":23,"key":"Sundial"},{"floor":26,"key":"Toxic Egg 2"},{"floor":30,"key":"Gremlin Horn"},{"floor":40,"key":"Question Card"},{"floor":40,"key":"Art of War"},{"floor":42,"key":"Paper Crane"},{"floor":42,"key":"Ice Cream"},{"floor":43,"key":"Centennial Puzzle"},{"floor":47,"key":"Regal Pillow"},{"floor":47,"key":"Prayer Wheel"}],"event_choices":[{"damage_healed":0.0,"max_hp_gain":0.0,"max_hp_loss":0.0,"gold_gain":75.0,"event_name":"World of Goop","player_choice":"Gather Gold","floor":3.0,"gold_loss":0.0,"damage_taken":11.0},{"damage_healed":0.0,"max_hp_gain":0.0,"max_hp_loss":0.0,"gold_gain":0.0,"event_name":"Scrap Ooze","player_choice":"Success","floor":13.0,"gold_loss":0.0,"damage_taken":11.0,"relics_obtained":["MawBank"]},{"damage_healed":0.0,"max_hp_gain":0.0,"max_hp_loss":0.0,"gold_gain":0.0,"event_name":"The Library","player_choice":"Read","floor":19.0,"gold_loss":0.0,"damage_taken":0.0,"cards_obtained":["Leg Sweep"]},{"damage_healed":0.0,"max_hp_gain":0.0,"max_hp_loss":0.0,"gold_gain":100.0,"event_name":"The Joust","player_choice":"Bet on Murderer","floor":20.0,"gold_loss":50.0,"damage_taken":0.0},{"damage_healed":0,"gold_gain":0,"player_choice":"Inject Mutagens","damage_taken":0,"relics_obtained":["MutagenicStrength"],"max_hp_gain":0,"max_hp_loss":0,"event_name":"Drug Dealer","floor":28,"gold_loss":0},{"damage_healed":0,"gold_gain":0,"player_choice":"Paid","damage_taken":0,"relics_obtained":["Red Mask"],"max_hp_gain":0,"max_hp_loss":0,"event_name":"Tomb of Lord Red Mask","floor":36,"gold_loss":22},{"cards_removed":["Strike_G"],"damage_healed":0,"gold_gain":0,"player_choice":"Purged","damage_taken":0,"max_hp_gain":0,"max_hp_loss":0,"event_name":"Purifier","floor":38,"gold_loss":0},{"damage_healed":0,"gold_gain":0,"player_choice":"Max HP","damage_taken":0,"max_hp_gain":0,"max_hp_loss":3,"event_name":"Winding Halls","floor":48,"gold_loss":0}],"is_beta":false,"boss_relics":[{"not_picked":["Coffee Dripper","Tiny House"],"picked":"Ectoplasm"},{"not_picked":["Runic Dome","Velvet Choker"],"picked":"Black Star"}],"items_purged_floors":[22],"is_endless":false,"potions_floor_spawned":[1,8,10,11,16,21,30,31,35,39],"ascension_level":15}