{"gold_per_floor":[109,129,145,70,84,84,112,128,128,128,128,143,143,153,153,254,254,224,224,17,17,17,17,17,17,17,17,17,17,17,17,17,17,17,17,17,0,0,0,0,0,0,0,0,0,0,0,0,0,0],"floor_reached":51,"playtime":2722,"items_purged":["Streamline"],"score":735,"play_id":"bc74d330-5910-4b04-8e12-4cb65b76e8a7","local_time":"20180716132341","is_ascension_mode":true,"campfire_choices":[{"data":"Zap","floor":6,"key":"SMITH"},{"data":"Beam Cell","floor":10,"key":"SMITH"},{"data":"Ball Lightning","floor":13,"key":"SMITH"},{"data":"Defragment","floor":15,"key":"SMITH"},{"data":"Hologram","floor":23,"key":"SMITH"},{"floor":28,"key":"REST"},{"data":"Dualcast","floor":30,"key":"SMITH"},{"data":"Hologram","floor":32,"key":"SMITH"},{"data":"Ball Lightning","floor":40,"key":"SMITH"},{"floor":46,"key":"REST"},{"data":"Apotheosis","floor":49,"key":"SMITH"}],"neow_cost":"NONE","seed_source_timestamp":39745969378706,"circlet_count":0,"master_deck":["Strike_B+1","Defend_B","Defend_B","Defend_B","Defend_B","Zap+1","Dualcast+1","Streamline+1","Beam Cell+1","Ball Lightning+1","Leap","Auto Shields","Ball Lightning+1","Defragment+1","All For One","Gash","Conserve Battery","Hologram+1","Hologram+1","Coolheaded+1","Defragment+1","Gash","Core Surge","Defragment+1","Go for the Eyes+1","Apotheosis+1","Glacier"],"relics":["Cracked Core","Centennial Puzzle","Boot","Whetstone","Ectoplasm","Juzu Bracelet","Pen Nib","Bag of Marbles","Mummified Hand","White Beast Statue","Red Mask","Bottled Tornado","CultistMask"],"potions_floor_usage":[5,10,16,24,25,33,50,50],"damage_taken":[{"damage":0,"enemies":"Cultist","floor":1,"turns":3},{"damage":2,"enemies":"2 Louse","floor":2,"turns":2},{"damage":2,"enemies":"Jaw Worm","floor":3,"turns":2},{"damage":23,"enemies":"Exordium Thugs","floor":5,"turns":5},{"damage":15,"enemies":"Lagavulin","floor":7,"turns":5},{"damage":6,"enemies":"Gremlin Gang","floor":8,"turns":3},{"damage":0,"enemies":"Red Slaver","floor":12,"turns":3},{"damage":0,"enemies":"Large Slime","floor":14,"turns":3},{"damage":9,"enemies":"Hexaghost","floor":16,"turns":5},{"damage":22,"enemies":"2 Thieves","floor":18,"turns":2},{"damage":23,"enemies":"3 Byrds","floor":19,"turns":4},{"damage":5,"enemies":"Snecko","floor":21,"turns":6},{"damage":15,"enemies":"Snake Plant","floor":24,"turns":3},{"damage":10,"enemies":"Book of Stabbing","floor":25,"turns":5},{"damage":0,"enemies":"Centurion and Healer","floor":31,"turns":4},{"damage":10,"enemies":"Champ","floor":33,"turns":5},{"damage":0,"enemies":"3 Shapes","floor":35,"turns":3},{"damage":13,"enemies":"Flame Bruiser 1 Orb","floor":38,"turns":3},{"damage":7,"enemies":"Spire Growth","floor":42,"turns":3},{"damage":21,"enemies":"Maw","floor":44,"turns":4},{"damage":3,"enemies":"Time Eater","floor":50,"turns":8}],"seed_played":"-7618290261385962763","potions_obtained":[{"floor":3,"key":"EssenceOfSteel"},{"floor":7,"key":"FocusPotion"},{"floor":8,"key":"Fruit Juice"},{"floor":14,"key":"PowerPotion"},{"floor":16,"key":"Ancient Potion"},{"floor":19,"key":"Poison Potion"},{"floor":24,"key":"FocusPotion"},{"floor":25,"key":"GamblersBrew"},{"floor":35,"key":"Fire Potion"},{"floor":38,"key":"PowerPotion"}],"is_trial":false,"path_per_floor":["M","M","M","$","M","R","E","M","T","R","?","M","R","M","R","B",null,"M","M","$","M","?","R","M","E","T","T","R","?","R","M","R","B",null,"M","?","?","M","?","R","$","M","T","M","?","R","?","?","R","B"],"character_chosen":"DEFECT","items_purchased":["Juzu Bracelet","Hologram"],"campfire_rested":2,"item_purchase_floors":[20,20],"current_hp_per_floor":[75,73,71,71,48,48,33,27,27,32,25,25,25,25,25,16,80,58,35,35,30,30,30,15,5,5,5,29,55,55,55,55,45,80,80,80,80,67,67,67,67,60,60,39,29,53,53,53,53,50],"gold":0,"neow_bonus":"RANDOM_COMMON_RELIC","is_prod":false,"is_daily":false,"chose_seed":false,"campfire_upgraded":9,"win_rate":0,"timestamp":1531727621,"path_taken":["M","M","M","?","M","R","E","M","T","R","?","M","R","M","R","BOSS","M","?","?","M","?","R","M","E","T","?","R","?","R","M","R","BOSS","M","?","?","M","?","R","$","M","T","M","?","R","?","?","R","BOSS"],"build_version":"2018-07-13","purchased_purges":1,"victory":true,"max_hp_per_floor":[75,75,75,75,75,75,75,75,75,80,80,80,80,80,80,80,80,80,80,80,80,80,80,80,80,80,80,80,80,80,80,80,80,80,80,80,80,80,80,80,80,80,80,80,80,80,80,80,80,80],"card_choices":[{"not_picked":["Beam Cell","Undo"],"picked":"Streamline","floor":1},{"not_picked":["Stack","Barrage"],"picked":"Beam Cell","floor":2},{"not_picked":["Genetic Algorithm","Rainbow"],"picked":"Streamline","floor":3},{"not_picked":["Leap","Coolheaded"],"picked":"Ball Lightning","floor":5},{"not_picked":["Barrage","Beam Cell"],"picked":"Leap","floor":7},{"not_picked":["Steam","Leap"],"picked":"Auto Shields","floor":8},{"not_picked":["Genetic Algorithm","Leap"],"picked":"Ball Lightning","floor":12},{"not_picked":["Self Repair","Redo"],"picked":"Defragment","floor":14},{"not_picked":["Amplify","Hyperbeam"],"picked":"All For One","floor":16},{"not_picked":["Lockon","Skim"],"picked":"Gash","floor":18},{"not_picked":["Compile Driver","Auto Shields"],"picked":"Conserve Battery","floor":19},{"not_picked":["Stack","Sweeping Beam"],"picked":"Hologram","floor":21},{"not_picked":["Blizzard","Machine Learning"],"picked":"Coolheaded+1","floor":24},{"not_picked":["Double Energy","Loop+1"],"picked":"Defragment+1","floor":25},{"not_picked":["Storm","Compile Driver"],"picked":"Gash","floor":31},{"not_picked":["All For One","Meteor Strike"],"picked":"Core Surge","floor":33},{"not_picked":["Redo","Doom and Gloom+1","Ball Lightning"],"picked":"SKIP","floor":35},{"not_picked":["Redo+1","Reinforced Body","Stack+1"],"picked":"SKIP","floor":38},{"not_picked":["Ball Lightning","Barrage+1","Redo+1"],"picked":"SKIP","floor":42},{"not_picked":["Core Surge","Consume"],"picked":"Go for the Eyes+1","floor":44},{"not_picked":["Jack Of All Trades","Good Instincts"],"picked":"Apotheosis","floor":45}],"player_experience":222282,"relics_obtained":[{"floor":7,"key":"Boot"},{"floor":9,"key":"Whetstone"},{"floor":25,"key":"Pen Nib"},{"floor":26,"key":"Bag of Marbles"},{"floor":27,"key":"Mummified Hand"},{"floor":43,"key":"Bottled Tornado"}],"event_choices":[{"event_name":"Golden Wing","player_choice":"Card Removal","floor":11,"damage_taken":0},{"event_name":"Addict","player_choice":"Ignored","floor":22,"damage_taken":0},{"event_name":"The Library","player_choice":"Heal","floor":29,"damage_taken":0},{"event_name":"Duplicator","player_choice":"One dupe","floor":36,"damage_taken":0},{"event_name":"Tomb of Lord Red Mask","player_choice":"Paid","floor":37,"damage_taken":0},{"event_name":"Bonfire Elementals","player_choice":"BASIC","floor":39,"damage_taken":0},{"event_name":"SensoryStone","player_choice":"Memory 3","floor":45,"damage_taken":0},{"event_name":"FaceTrader","player_choice":"Trade","floor":47,"damage_taken":0},{"event_name":"Transmorgrifier","player_choice":"Transform","floor":48,"damage_taken":0}],"boss_relics":[{"not_picked":["Runic Dome","Coffee Dripper"],"picked":"Ectoplasm"},{"not_picked":["Runic Pyramid","Nuclear Battery"],"picked":"White Beast Statue"}],"items_purged_floors":[4],"is_endless":false,"potions_floor_spawned":[3,7,8,14,16,19,24,25,35,38,42,44],"ascension_level":3}