{"gold_per_floor":[111,127,142,159,174,174,205,205,258,335,335,351,108,108,108,211,211,225,244,244,255,271,271,296,3,29,29,29,0,35,35],"floor_reached":31,"playtime":1089,"items_purged":["Strike_R"],"score":355,"play_id":"aa0f049f-c3f7-42b3-aed3-71394c1abbb2","local_time":"20190325211634","is_ascension_mode":true,"campfire_choices":[{"data":"Bloodletting","floor":6,"key":"SMITH"},{"data":"Inflame","floor":8,"key":"SMITH"},{"data":"Pummel","floor":15,"key":"SMITH"},{"floor":23,"key":"REST"},{"data":"Limit Break","floor":27,"key":"SMITH"}],"neow_cost":"NONE","seed_source_timestamp":244919174060788,"circlet_count":0,"master_deck":["Strike_R+1","Strike_R+1","Strike_R+1","Defend_R+1","Defend_R+1","Defend_R+1","Defend_R+1","Bash+1","Anger","Pommel Strike","Bloodletting+1","Shrug It Off","Inflame+1","Pummel+1","Shrug It Off","Mayhem+1","Barricade+1","Flame Barrier+1","Headbutt","Shrug It Off+1","Seeing Red","Shrug It Off+1","Limit Break+1","Fiend Fire","Seeing Red+1"],"relics":["Burning Blood","Mango","Happy Flower","Frozen Egg 2","Philosopher\u0027s Stone","Shuriken","Boot","War Paint"],"potions_floor_usage":[21,24,24,30],"damage_taken":[{"damage":1,"enemies":"Cultist","floor":1,"turns":3},{"damage":8,"enemies":"2 Louse","floor":2,"turns":2},{"damage":0,"enemies":"Small Slimes","floor":3,"turns":3},{"damage":9,"enemies":"Looter","floor":4,"turns":2},{"damage":16,"enemies":"Red Slaver","floor":5,"turns":3},{"damage":25,"enemies":"Lagavulin","floor":7,"turns":5},{"damage":20,"enemies":"Gremlin Gang","floor":12,"turns":3},{"damage":30,"enemies":"Hexaghost","floor":16,"turns":6},{"damage":14,"enemies":"Shell Parasite","floor":18,"turns":4},{"damage":37,"enemies":"2 Thieves","floor":19,"turns":4},{"damage":1,"enemies":"Cultist and Chosen","floor":21,"turns":5},{"damage":40,"enemies":"Shelled Parasite and Fungi","floor":22,"turns":5},{"damage":9,"enemies":"Gremlin Leader","floor":24,"turns":6},{"damage":44,"enemies":"Slavers","floor":30,"turns":6},{"damage":18,"enemies":"Snake Plant","floor":31,"turns":1}],"seed_played":"-1686683376287232641","potions_obtained":[{"floor":3,"key":"Block Potion"},{"floor":7,"key":"SteroidPotion"},{"floor":12,"key":"Weak Potion"},{"floor":22,"key":"EssenceOfSteel"}],"is_trial":false,"path_per_floor":["M","M","M","M","M","R","E","R","T","T","?","M","$","?","R","B",null,"M","M","?","M","M","R","E","$","T","R","?","?","E","M"],"character_chosen":"IRONCLAD","items_purchased":["Mayhem+1","Limit Break","Fiend Fire"],"campfire_rested":1,"item_purchase_floors":[13,25,25],"current_hp_per_floor":[80,78,80,77,67,67,62,62,62,62,62,48,48,48,48,24,94,86,55,55,60,26,54,51,51,51,51,51,51,13,0],"gold":35,"neow_bonus":"UPGRADE_CARD","is_prod":false,"is_daily":false,"chose_seed":false,"campfire_upgraded":4,"win_rate":0,"timestamp":1553544994,"path_taken":["M","M","M","M","?","R","E","R","T","?","?","?","$","?","R","BOSS","M","M","?","?","?","R","E","$","T","R","?","?","E","M"],"build_version":"2019-01-23","purchased_purges":1,"victory":false,"max_hp_per_floor":[80,80,80,80,80,80,94,94,94,94,94,94,94,94,94,94,94,94,94,94,94,94,94,94,94,94,94,94,94,94,94],"card_choices":[{"not_picked":["True Grit","Perfected Strike"],"picked":"Anger","floor":1},{"not_picked":["Intimidate","Bloodletting"],"picked":"Pommel Strike","floor":2},{"not_picked":["Sword Boomerang","Armaments"],"picked":"Bloodletting","floor":3},{"not_picked":["Iron Wave","Pommel Strike"],"picked":"Shrug It Off","floor":4},{"not_picked":["Disarm","Impervious"],"picked":"Inflame","floor":5},{"not_picked":["Bloodletting","Body Slam"],"picked":"Pummel","floor":7},{"not_picked":["Wild Strike","Twin Strike"],"picked":"Shrug It Off","floor":12},{"not_picked":["Double Tap","Dark Embrace+1"],"picked":"Barricade+1","floor":16},{"not_picked":["Flex","Rupture+1"],"picked":"Flame Barrier","floor":18},{"not_picked":["Iron Wave","Thunderclap"],"picked":"Headbutt","floor":19},{"not_picked":["Cleave","Headbutt"],"picked":"Shrug It Off","floor":21},{"not_picked":["Pommel Strike","Twin Strike"],"picked":"Seeing Red","floor":22},{"not_picked":["Body Slam","Headbutt"],"picked":"Shrug It Off+1","floor":24},{"not_picked":["Whirlwind","Sever Soul+1"],"picked":"Seeing Red","floor":30}],"player_experience":231266,"relics_obtained":[{"floor":7,"key":"Mango"},{"floor":9,"key":"Happy Flower"},{"floor":10,"key":"Frozen Egg 2"},{"floor":24,"key":"Shuriken"},{"floor":26,"key":"Boot"},{"floor":30,"key":"War Paint"}],"event_choices":[{"cards_removed":["Strike_R"],"damage_healed":0,"gold_gain":0,"player_choice":"Purged","damage_taken":0,"max_hp_gain":0,"max_hp_loss":0,"event_name":"Purifier","floor":11,"gold_loss":0},{"damage_healed":0,"gold_gain":0,"player_choice":"Ignored","damage_taken":0,"max_hp_gain":0,"max_hp_loss":0,"event_name":"Liars Game","floor":14,"gold_loss":0},{"damage_healed":0,"gold_gain":0,"player_choice":"Upgraded","damage_taken":0,"max_hp_gain":0,"max_hp_loss":0,"event_name":"Upgrade Shrine","floor":20,"gold_loss":0,"cards_upgraded":["Flame Barrier"]},{"damage_healed":0,"gold_gain":0,"player_choice":"Simplicity","damage_taken":0,"max_hp_gain":0,"max_hp_loss":0,"event_name":"Back to Basics","floor":28,"gold_loss":0,"cards_upgraded":["Strike_R","Strike_R","Strike_R","Defend_R","Defend_R","Defend_R","Defend_R"]},{"damage_healed":0,"gold_gain":0,"player_choice":"Paid Fearfully","damage_taken":0,"max_hp_gain":0,"max_hp_loss":0,"event_name":"Masked Bandits","floor":29,"gold_loss":29}],"is_beta":false,"boss_relics":[{"not_picked":["Cursed Key","Busted Crown"],"picked":"Philosopher\u0027s Stone"}],"items_purged_floors":[13],"is_endless":false,"potions_floor_spawned":[3,7,12,19,22],"killed_by":"Snake Plant","ascension_level":4}