{"gold_per_floor":[117,117,92,39,56,56,88,88,114,188,7,18,18],"floor_reached":13,"playtime":392,"items_purged":["Strike_B"],"score":162,"play_id":"4e2fa894-9e9f-4066-a044-b0cae276108a","local_time":"20190205155939","is_ascension_mode":true,"campfire_choices":[{"data":"Zap","floor":6.0,"key":"SMITH"},{"data":"Loop","floor":8.0,"key":"SMITH"}],"neow_cost":"NONE","seed_source_timestamp":5837131490336144,"circlet_count":0,"master_deck":["AscendersBane","Strike_B","Strike_B","Strike_B","Defend_B","Defend_B","Defend_B","Defend_B","Zap+1","Dualcast","Go for the Eyes","Capacitor","Barrage","All For One","Loop+1","Defragment","Ball Lightning","Conserve Battery","Echo Form"],"special_seed":0,"relics":["Cracked Core","SsserpentHead","Singing Bowl","Potion Belt","Odd Mushroom"],"potions_floor_usage":[13],"damage_taken":[{"damage":7.0,"enemies":"Small Slimes","floor":1.0,"turns":2.0},{"damage":4.0,"enemies":"Cultist","floor":5.0,"turns":3.0},{"damage":21.0,"enemies":"Gremlin Nob","floor":7.0,"turns":4.0},{"damage":22.0,"enemies":"The Mushroom Lair","floor":10.0,"turns":4.0},{"damage":8.0,"enemies":"2 Louse","floor":12.0,"turns":2.0},{"damage":12,"enemies":"Exordium Wildlife","floor":13,"turns":1}],"seed_played":"4921907780104398535","potions_obtained":[{"floor":0.0,"key":"FocusPotion"},{"floor":0.0,"key":"PowerPotion"},{"floor":12.0,"key":"SpeedPotion"}],"is_trial":false,"path_per_floor":["M","?","$","$","M","R","E","R","T","?","$","M","M"],"character_chosen":"DEFECT","items_purchased":["Capacitor","Barrage","Defragment","Ball Lightning","Conserve Battery"],"campfire_rested":0,"item_purchase_floors":[3,4,11,11,11],"current_hp_per_floor":[57,57,57,57,53,53,32,32,32,12,12,4,0],"gold":18,"neow_bonus":"THREE_SMALL_POTIONS","is_prod":false,"is_daily":false,"chose_seed":false,"campfire_upgraded":2,"win_rate":0,"timestamp":1549400379,"path_taken":["M","?","?","$","M","R","E","R","T","?","?","M","M"],"build_version":"2019-01-23","purchased_purges":1,"victory":false,"max_hp_per_floor":[71,71,71,71,71,71,71,71,71,73,73,73,73],"card_choices":[{"not_picked":["Force Field","Gash"],"picked":"Go for the Eyes","floor":1.0},{"not_picked":["Melter","Sweeping Beam"],"picked":"All For One","floor":5.0},{"not_picked":["Coolheaded","Storm"],"picked":"Loop","floor":7.0},{"not_picked":["Leap","Conserve Battery","Sweeping Beam"],"picked":"Singing Bowl","floor":10.0},{"not_picked":["Auto Shields","Stack"],"picked":"Echo Form","floor":12.0}],"player_experience":714822,"relics_obtained":[{"floor":7.0,"key":"Singing Bowl"},{"floor":9.0,"key":"Potion Belt"},{"floor":10.0,"key":"Odd Mushroom"}],"event_choices":[{"damage_healed":0.0,"max_hp_gain":0.0,"max_hp_loss":0.0,"gold_gain":0.0,"event_name":"FaceTrader","player_choice":"Trade","floor":2.0,"gold_loss":0.0,"damage_taken":0.0,"relics_obtained":["SsserpentHead"]},{"damage_healed":0.0,"max_hp_gain":0.0,"max_hp_loss":0.0,"gold_gain":0.0,"event_name":"Mushrooms","player_choice":"Fought Mushrooms","floor":10.0,"gold_loss":0.0,"damage_taken":0.0}],"is_beta":true,"boss_relics":[],"items_purged_floors":[11],"is_endless":false,"potions_floor_spawned":[1,12],"killed_by":"Exordium Wildlife","ascension_level":20}