{"gold_per_floor":[116,116,131,156,173,205,35,35,35,61,26,26,42,60,60,133,133,146,156,156,168,186,186,204,204,230,34,34,68,68,78,78,153,153,164,191,207,225,144,144,170,188,212,244,244,244,128,128,128,128,128,128,42,72,72],"floor_reached":56,"playtime":2382,"items_purged":["Regret"],"score":2005,"play_id":"66c222b7-33d6-43d4-837d-0ab8c40fdd5f","local_time":"20190325114937","is_ascension_mode":true,"campfire_choices":[{"floor":8.0,"key":"REST"},{"data":"Neutralize","floor":12.0,"key":"SMITH"},{"data":"Skewer","floor":15.0,"key":"SMITH"},{"data":"Concentrate","floor":25.0,"key":"SMITH"},{"data":"Terror","floor":28.0,"key":"SMITH"},{"data":"PiercingWail","floor":30.0,"key":"SMITH"},{"data":"Envenom","floor":32.0,"key":"SMITH"},{"floor":40.0,"key":"REST"},{"data":"Footwork","floor":45.0,"key":"SMITH"},{"floor":49.0,"key":"RECALL"},{"data":"Leg Sweep","floor":52.0,"key":"SMITH"}],"neow_cost":"NONE","seed_source_timestamp":2649064643624924,"circlet_count":0,"master_deck":["AscendersBane","Defend_G","Defend_G","Defend_G","Defend_G","Defend_G","Strike_G","Survivor","Neutralize+1","Terror+1","Acrobatics","Skewer+1","Die Die Die","Bandage Up","Poisoned Stab","Crippling Poison","Poisoned Stab","Adrenaline","Deflect","Catalyst+1","Acrobatics","Concentrate+1","Deadly Poison+1","PiercingWail+1","Bouncing Flask+1","Envenom+1","Malaise","Leg Sweep+1","Backflip+1","Footwork+1","Catalyst","Blur","Footwork","PiercingWail","Dodge and Roll"],"special_seed":0,"relics":["Ring of the Snake","NeowsBlessing","Blue Candle","Snake Skull","Pantograph","Question Card","Mercury Hourglass","Runic Pyramid","PreservedInsect","OrangePellets","Ornamental Fan","Empty Cage","Oddly Smooth Stone","Regal Pillow","Boot","Bag of Preparation"],"potions_floor_usage":[54,55],"damage_taken":[{"damage":0.0,"enemies":"Small Slimes","floor":1.0,"turns":1.0},{"damage":0.0,"enemies":"Jaw Worm","floor":3.0,"turns":1.0},{"damage":0.0,"enemies":"Cultist","floor":5.0,"turns":1.0},{"damage":38.0,"enemies":"3 Sentries","floor":6.0,"turns":16.0},{"damage":35.0,"enemies":"Lagavulin","floor":10.0,"turns":11.0},{"damage":4.0,"enemies":"Red Slaver","floor":13.0,"turns":4.0},{"damage":7.0,"enemies":"Looter","floor":14.0,"turns":4.0},{"damage":11.0,"enemies":"The Guardian","floor":16.0,"turns":11.0},{"damage":0.0,"enemies":"Chosen","floor":18.0,"turns":4.0},{"damage":13.0,"enemies":"2 Thieves","floor":19.0,"turns":3.0},{"damage":11.0,"enemies":"Snecko","floor":21.0,"turns":5.0},{"damage":0.0,"enemies":"3 Cultists","floor":22.0,"turns":3.0},{"damage":3.0,"enemies":"Cultist and Chosen","floor":24.0,"turns":5.0},{"damage":0.0,"enemies":"Gremlin Leader","floor":29.0,"turns":3.0},{"damage":1.0,"enemies":"Chosen and Byrds","floor":31.0,"turns":4.0},{"damage":28.0,"enemies":"Collector","floor":33.0,"turns":7.0},{"damage":18.0,"enemies":"Orb Walker","floor":35.0,"turns":4.0},{"damage":9.0,"enemies":"3 Shapes","floor":37.0,"turns":3.0},{"damage":7.0,"enemies":"Maw","floor":38.0,"turns":6.0},{"damage":9.0,"enemies":"Giant Head","floor":41.0,"turns":7.0},{"damage":23.0,"enemies":"Sphere and 2 Shapes","floor":42.0,"turns":5.0},{"damage":9.0,"enemies":"Nemesis","floor":44.0,"turns":7.0},{"damage":48.0,"enemies":"Time Eater","floor":50.0,"turns":9.0},{"damage":15,"enemies":"Shield and Spear","floor":54,"turns":7},{"damage":46,"enemies":"The Heart","floor":55,"turns":9}],"seed_played":"-1449210044283884421","potions_obtained":[{"floor":1.0,"key":"EssenceOfSteel"},{"floor":14.0,"key":"Explosive Potion"},{"floor":16.0,"key":"Weak Potion"},{"floor":22.0,"key":"SkillPotion"},{"floor":31.0,"key":"Energy Potion"},{"floor":37.0,"key":"Swift Potion"},{"floor":42.0,"key":"PowerPotion"},{"floor":44.0,"key":"Dexterity Potion"}],"is_trial":false,"path_per_floor":["M","?","M","T","M","E","$","R","T","E","?","R","M","M","R","B",null,"M","M","?","M","M","?","M","R","T","$","R","E","R","M","R","B",null,"M","T","M","M","$","R","E","M","T","E","R","?","$","?","R","B",null,"R","$","E","B",null],"character_chosen":"THE_SILENT","items_purchased":["Bandage Up","OrangePellets","Footwork","Catalyst","Blur","Footwork","PiercingWail"],"campfire_rested":2,"item_purchase_floors":[7,27,39,47,47,53,53],"current_hp_per_floor":[59,59,59,59,59,21,21,40,40,9,25,25,25,22,22,40,60,64,55,55,48,52,52,53,53,53,53,53,57,57,60,60,42,60,46,46,41,38,38,57,52,33,33,28,28,28,28,28,28,9,52,52,52,41,24],"gold":72,"neow_bonus":"THREE_ENEMY_KILL","is_prod":false,"is_daily":false,"chose_seed":false,"campfire_upgraded":8,"win_rate":0,"timestamp":1553528977,"path_taken":["M","?","M","?","?","E","?","R","T","E","?","R","M","M","R","BOSS","M","M","?","?","?","?","M","R","T","$","R","E","R","M","R","BOSS","M","?","M","M","$","R","E","M","T","E","R","?","?","?","R","BOSS","R","$","E","BOSS"],"build_version":"2019-03-15","purchased_purges":1,"victory":true,"max_hp_per_floor":[66,66,66,66,66,66,66,66,66,66,66,66,66,66,66,66,66,66,66,66,66,66,66,66,66,66,66,66,66,66,66,66,66,66,66,66,66,66,66,66,66,66,66,66,66,66,66,66,66,66,66,66,66,66,66],"card_choices":[{"not_picked":["Dagger Spray","Quick Slash"],"picked":"Terror","floor":1.0},{"not_picked":["Heel Hook","Prepared"],"picked":"Acrobatics","floor":3.0},{"not_picked":["Finisher","Skewer","Blur"],"picked":"SKIP","floor":5.0},{"not_picked":["Finisher","Blur"],"picked":"Skewer","floor":5.0},{"not_picked":["Blade Dance","Well Laid Plans"],"picked":"Die Die Die","floor":6.0},{"not_picked":["Concentrate","Bane","Slice"],"picked":"Poisoned Stab","floor":10.0},{"not_picked":["Poisoned Stab","Escape Plan","Dagger Throw"],"picked":"Crippling Poison","floor":13.0},{"not_picked":["All Out Attack","Blade Dance","Dodge and Roll"],"picked":"Poisoned Stab","floor":14.0},{"not_picked":["Storm of Steel","Tools of the Trade","Unload"],"picked":"Adrenaline","floor":16.0},{"not_picked":["Finisher","Endless Agony","Slice"],"picked":"Deflect","floor":18.0},{"not_picked":["Quick Slash+1","Predator","Blade Dance"],"picked":"Catalyst+1","floor":19.0},{"not_picked":["Infinite Blades","Flying Knee","Slice"],"picked":"Concentrate","floor":21.0},{"not_picked":["Bouncing Flask+1","Outmaneuver","Expertise"],"picked":"Deadly Poison+1","floor":22.0},{"not_picked":["Cloak And Dagger","Blade Dance","Bane"],"picked":"PiercingWail","floor":24.0},{"not_picked":["Bane","Endless Agony","Tactician"],"picked":"Bouncing Flask+1","floor":29.0},{"not_picked":["Quick Slash","Acrobatics","Eviscerate"],"picked":"Envenom","floor":31.0},{"not_picked":["Tools of the Trade","Die Die Die","A Thousand Cuts"],"picked":"Malaise","floor":33.0},{"not_picked":["Expertise","Deflect","Crippling Poison"],"picked":"Leg Sweep","floor":35.0},{"not_picked":["Dagger Throw","Slice","All Out Attack","Distraction"],"picked":"SKIP","floor":37.0},{"not_picked":["Dagger Throw","Prepared","Outmaneuver"],"picked":"Backflip+1","floor":38.0},{"not_picked":["Tools of the Trade","Acrobatics","Sucker Punch","Dagger Throw"],"picked":"SKIP","floor":41.0},{"not_picked":["Accuracy","Finisher","Dagger Throw"],"picked":"Dash+1","floor":42.0},{"not_picked":["Outmaneuver","Cloak And Dagger+1","Phantasmal Killer","Flying Knee"],"picked":"SKIP","floor":44.0},{"not_picked":["Outmaneuver","Cloak And Dagger+1","Phantasmal Killer","Flying Knee"],"picked":"SKIP","floor":44.0},{"not_picked":["Bane","Deflect+1","Acrobatics"],"picked":"Dodge and Roll","floor":54}],"player_experience":850255,"relics_obtained":[{"floor":4.0,"key":"Snake Skull"},{"floor":6.0,"key":"Pantograph"},{"floor":9.0,"key":"Question Card"},{"floor":10.0,"key":"Mercury Hourglass"},{"floor":26.0,"key":"PreservedInsect"},{"floor":29.0,"key":"Ornamental Fan"},{"floor":36.0,"key":"Oddly Smooth Stone"},{"floor":41.0,"key":"Regal Pillow"},{"floor":44.0,"key":"Boot"},{"floor":54,"key":"Bag of Preparation"}],"event_choices":[{"damage_healed":0.0,"max_hp_gain":0.0,"max_hp_loss":0.0,"gold_gain":0.0,"event_name":"Big Fish","player_choice":"Box","floor":2.0,"gold_loss":0.0,"damage_taken":0.0,"relics_obtained":["Blue Candle"],"cards_obtained":["Regret"]},{"damage_healed":16.0,"max_hp_gain":0.0,"max_hp_loss":0.0,"gold_gain":0.0,"event_name":"The Cleric","player_choice":"Healed","floor":11.0,"gold_loss":35.0,"damage_taken":0.0},{"damage_healed":0.0,"max_hp_gain":0.0,"max_hp_loss":0.0,"gold_gain":0.0,"cards_transformed":["Strike_G"],"event_name":"Transmorgrifier","player_choice":"Transformed","floor":20.0,"gold_loss":0.0,"damage_taken":0.0,"cards_obtained":["Acrobatics"]},{"cards_removed":["Strike_G"],"damage_healed":0.0,"max_hp_gain":0.0,"max_hp_loss":0.0,"gold_gain":0.0,"event_name":"Purifier","player_choice":"Purged","floor":23.0,"gold_loss":0.0,"damage_taken":0.0},{"cards_removed":["Dash"],"damage_healed":0.0,"max_hp_gain":0.0,"max_hp_loss":0.0,"gold_gain":0.0,"event_name":"Falling","player_choice":"Removed Attack","floor":46.0,"gold_loss":0.0,"damage_taken":0.0},{"damage_healed":0.0,"max_hp_gain":0.0,"max_hp_loss":0.0,"gold_gain":0.0,"event_name":"The Moai Head","player_choice":"Ignored","floor":48.0,"gold_loss":0.0,"damage_taken":0.0}],"is_beta":true,"boss_relics":[{"not_picked":["Ring of the Serpent","Snecko Eye"],"picked":"Runic Pyramid"},{"not_picked":["Eternal Feather","Black Star"],"picked":"Empty Cage"}],"items_purged_floors":[7],"is_endless":false,"potions_floor_spawned":[1,14,16,18,22,31,33,37,42,44],"ascension_level":15}