{"gold_per_floor":[218,233,233,27,39,39,53,78,78,78,106,121,146,221,221,316,316,316,316,316,316,34,34,34,34,34,34,34,34,34,34,34,34,34,34,34,34,34,34,34,34,34,34,34,34,34,34,34,34,34],"floor_reached":51,"playtime":4347,"items_purged":["Strike_B","Strike_B"],"score":1088,"play_id":"05294df4-e51d-42c6-889f-4511f430def3","local_time":"20180730113342","is_ascension_mode":true,"campfire_choices":[{"data":"Zap","floor":6,"key":"SMITH"},{"data":"Defragment","floor":10,"key":"SMITH"},{"data":"Go for the Eyes","floor":15,"key":"SMITH"},{"data":"Blizzard","floor":24,"key":"SMITH"},{"floor":32,"key":"REST"},{"data":"Chill","floor":40,"key":"SMITH"},{"data":"Capacitor","floor":42,"key":"SMITH"},{"data":"Recycle","floor":49,"key":"SMITH"}],"neow_cost":"NONE","seed_source_timestamp":38986774674075,"circlet_count":0,"master_deck":["Strike_B","Strike_B","Defend_B","Defend_B","Defend_B","Zap+1","Dualcast","Glacier","Glacier","Capacitor+1","Go for the Eyes+1","Hello World","Defragment+1","Ball Lightning","Recycle+1","Chill+1","Steam","Echo Form","Glacier","Blizzard+1","White Noise","Hologram","Genetic Algorithm","Capacitor","Conserve Battery","Core Surge","Coolheaded+1","Compile Driver+1","Hologram+1","Flash of Steel"],"relics":["Cracked Core","Blood Vial","Oddly Smooth Stone","Symbiotic Virus","Torii","Ectoplasm","Centennial Puzzle","Juzu Bracelet","Bronze Scales","Potion Belt","Eternal Feather","Bird Faced Urn","Toxic Egg 2","Omamori","Matryoshka","DataDisk"],"potions_floor_usage":[20,23,33,36,50,50],"damage_taken":[{"damage":2,"enemies":"Jaw Worm","floor":1,"turns":4},{"damage":0,"enemies":"Cultist","floor":2,"turns":5},{"damage":0,"enemies":"Small Slimes","floor":5,"turns":4},{"damage":20,"enemies":"Exordium Wildlife","floor":7,"turns":5},{"damage":0,"enemies":"3 Sentries","floor":8,"turns":7},{"damage":16,"enemies":"Gremlin Nob","floor":11,"turns":5},{"damage":2,"enemies":"2 Fungi Beasts","floor":12,"turns":3},{"damage":0,"enemies":"Lagavulin","floor":13,"turns":8},{"damage":0,"enemies":"Hexaghost","floor":16,"turns":13},{"damage":12,"enemies":"Chosen","floor":18,"turns":6},{"damage":2,"enemies":"Shell Parasite","floor":20,"turns":4},{"damage":0,"enemies":"Centurion and Healer","floor":21,"turns":8},{"damage":30,"enemies":"Slavers","floor":23,"turns":7},{"damage":6,"enemies":"Book of Stabbing","floor":27,"turns":5},{"damage":7,"enemies":"Cultist and Chosen","floor":30,"turns":5},{"damage":0,"enemies":"Snecko","floor":31,"turns":6},{"damage":7,"enemies":"Automaton","floor":33,"turns":11},{"damage":1,"enemies":"3 Darklings","floor":35,"turns":4},{"damage":16,"floor":36,"turns":7},{"damage":0,"enemies":"Orb Walker","floor":37,"turns":4},{"damage":1,"enemies":"Giant Head","floor":45,"turns":9},{"damage":35,"enemies":"Flame Bruiser 2 Orb","floor":48,"turns":6},{"damage":29,"enemies":"Awakened One","floor":50,"turns":13}],"seed_played":"6479973630011958056","potions_obtained":[{"floor":3,"key":"SneckoOil"},{"floor":3,"key":"Energy Potion"},{"floor":3,"key":"Dexterity Potion"},{"floor":12,"key":"Regen Potion"},{"floor":16,"key":"Block Potion"},{"floor":20,"key":"Strength Potion"},{"floor":23,"key":"Block Potion"},{"floor":30,"key":"EssenceOfSteel"},{"floor":31,"key":"Fire Potion"},{"floor":37,"key":"AttackPotion"}],"is_trial":false,"path_per_floor":["M","M","?","$","M","R","M","E","T","R","E","M","E","?","R","B",null,"M","?","M","M","$","E","R","$","T","E","?","$","M","M","R","B",null,"M","?","M","T","?","R","?","R","T","?","E","?","?","M","R","B"],"character_chosen":"DEFECT","items_purchased":["Capacitor","Go for the Eyes","Hologram","Centennial Puzzle"],"campfire_rested":1,"item_purchase_floors":[4,4,22,22],"current_hp_per_floor":[66,66,66,66,66,66,46,46,46,46,32,32,34,23,23,25,63,53,53,53,55,55,42,42,42,42,38,38,38,33,35,57,52,69,70,56,64,64,64,75,65,75,75,75,75,75,75,54,72,61],"gold":34,"neow_bonus":"HUNDRED_GOLD","is_prod":false,"is_daily":false,"chose_seed":false,"campfire_upgraded":7,"win_rate":0,"timestamp":1532930622,"path_taken":["M","M","?","$","M","R","M","E","T","R","E","M","E","?","R","BOSS","M","?","?","M","$","E","R","$","T","E","?","?","M","M","R","BOSS","M","?","M","?","?","R","?","R","T","?","E","?","?","M","R","BOSS"],"build_version":"2018-07-26","purchased_purges":2,"victory":true,"max_hp_per_floor":[75,75,75,75,75,75,75,75,75,75,75,75,75,75,75,75,75,75,75,75,75,75,75,75,75,75,75,75,75,75,75,75,75,75,75,75,75,75,75,75,75,75,75,75,75,75,75,75,75,75],"card_choices":[{"not_picked":["Rebound","White Noise"],"picked":"Glacier","floor":1},{"not_picked":["Lockon","Auto Shields"],"picked":"Glacier","floor":2},{"not_picked":["Conserve Battery","Storm"],"picked":"Hello World","floor":5},{"not_picked":["Stack","Skim"],"picked":"Defragment","floor":7},{"not_picked":["Chaos","Sweeping Beam"],"picked":"Ball Lightning","floor":8},{"not_picked":["Consume","Reprogram"],"picked":"Recycle","floor":11},{"not_picked":["Rebound","Streamline"],"picked":"Chill","floor":12},{"not_picked":["Heatsinks","Lockon"],"picked":"Steam","floor":13},{"not_picked":["Machine Learning","Thunder Strike"],"picked":"Echo Form","floor":16},{"not_picked":["Beam Cell+1","Redo","Go for the Eyes"],"picked":"SKIP","floor":18},{"not_picked":["Melter","Lockon"],"picked":"Blizzard","floor":20},{"not_picked":["Rebound","Force Field"],"picked":"White Noise","floor":21},{"not_picked":["Consume+1","Steam"],"picked":"Genetic Algorithm","floor":23},{"not_picked":["Beam Cell","Rainbow"],"picked":"Reinforced Body","floor":27},{"not_picked":["Hello World","Cold Snap+1"],"picked":"Capacitor","floor":30},{"not_picked":["Ball Lightning","BootSequence"],"picked":"Conserve Battery","floor":31},{"not_picked":["Rainbow","Fission"],"picked":"Core Surge","floor":33},{"not_picked":["Barrage+1","Static Discharge+1"],"picked":"Coolheaded+1","floor":35},{"not_picked":["Fusion","Barrage"],"picked":"Compile Driver+1","floor":36},{"not_picked":["Coolheaded","Static Discharge+1"],"picked":"Hologram+1","floor":37},{"not_picked":["Secret Technique+1","Madness+1"],"picked":"Flash of Steel","floor":41},{"not_picked":["Conserve Battery+1","Go for the Eyes","Redo+1"],"picked":"SKIP","floor":45},{"not_picked":["Steam+1","Auto Shields+1","Chill+1"],"picked":"SKIP","floor":48}],"player_experience":357064,"relics_obtained":[{"floor":8,"key":"Blood Vial"},{"floor":9,"key":"Oddly Smooth Stone"},{"floor":11,"key":"Symbiotic Virus"},{"floor":13,"key":"Torii"},{"floor":23,"key":"Juzu Bracelet"},{"floor":26,"key":"Bronze Scales"},{"floor":27,"key":"Potion Belt"},{"floor":36,"key":"Bird Faced Urn"},{"floor":38,"key":"Toxic Egg 2"},{"floor":43,"key":"Omamori"},{"floor":45,"key":"Matryoshka"}],"event_choices":[{"event_name":"The Lab","player_choice":"Got Potions","floor":3,"damage_taken":0},{"event_name":"World of Goop","player_choice":"Gather Gold","floor":14,"damage_taken":0},{"event_name":"Duplicator","player_choice":"One dupe","floor":19,"damage_taken":0},{"event_name":"Drug Dealer","player_choice":"Ignored","floor":28,"damage_taken":0},{"event_name":"Mysterious Sphere","player_choice":"Fight","floor":36,"damage_taken":0},{"event_name":"SecretPortal","player_choice":"Rejected Portal.","floor":39,"damage_taken":0},{"event_name":"SensoryStone","player_choice":"Memory 3","floor":41,"damage_taken":0},{"event_name":"Falling","player_choice":"Removed Skill","floor":44,"damage_taken":0},{"event_name":"WeMeetAgain","player_choice":"Card","floor":46,"damage_taken":0},{"event_name":"Winding Halls","player_choice":"Writhe","floor":47,"damage_taken":0}],"is_beta":true,"boss_relics":[{"not_picked":["Coffee Dripper","White Beast Statue"],"picked":"Ectoplasm"},{"not_picked":["Snecko Eye","Runic Pyramid"],"picked":"Eternal Feather"}],"items_purged_floors":[4,22],"is_endless":false,"potions_floor_spawned":[7,12,13,16,18,20,23,30,31,37],"ascension_level":7}