{"gold_per_floor":[112,124,140,156,156,156,184,184,184,203,238,252,252,281,281,378,378,389,389,173,173,184,215,215,232,232,248,248,280,299,314,314,411,411,425,35,35,51,65,92,92,106,131,131,142,162,175,175,175,175],"floor_reached":51,"playtime":5281,"items_purged":[],"score":743,"play_id":"c6512e8c-7bbe-43e2-b7e2-b786b32a919e","local_time":"20190112050142","is_ascension_mode":false,"campfire_choices":[{"data":"Infernal Blade","floor":8,"key":"SMITH"},{"data":"Armaments","floor":13,"key":"SMITH"},{"data":"True Grit","floor":15,"key":"SMITH"},{"data":"Limit Break","floor":24,"key":"SMITH"},{"data":"Warcry","floor":28,"key":"SMITH"},{"data":"Shrug It Off","floor":32,"key":"SMITH"},{"data":"Panacea","floor":41,"key":"SMITH"},{"data":"Mind Blast","floor":44,"key":"SMITH"},{"data":"Secret Technique","floor":49,"key":"SMITH"}],"neow_cost":"NONE","seed_source_timestamp":25088592785902,"circlet_count":0,"master_deck":["Strike_R","Strike_R","Strike_R","Strike_R","Defend_R","Defend_R","Defend_R","Defend_R","Bash","Flame Barrier","Uppercut","Inflame","Juggernaut","Infernal Blade+1","Disarm","Clothesline","Armaments+1","True Grit+1","Limit Break+1","Warcry+1","Spot Weakness","Blood for Blood","Inflame","Shrug It Off+1","Bludgeon","Inflame","Whirlwind+1","Impervious","Dropkick+1","Ghostly Armor","Pummel","Secret Technique+1","Mind Blast+1","Panacea+1","Twin Strike","Sword Boomerang+1","Warcry+1","Whirlwind+1","Pummel","Limit Break+1"],"relics":["Runic Cube","Red Skull","Ice Cream","Meat on the Bone","Bird Faced Urn","Mango","Mark of Pain","Anchor","Mercury Hourglass","Happy Flower","Kunai","Busted Crown","Brimstone","Pen Nib","Bag of Preparation"],"potions_floor_usage":[7,7,16,22,33,33,33,39,47,50,50],"damage_taken":[{"damage":8,"enemies":"Jaw Worm","floor":1,"turns":3},{"damage":0,"enemies":"Small Slimes","floor":2,"turns":4},{"damage":1,"enemies":"Cultist","floor":3,"turns":4},{"damage":10,"enemies":"2 Fungi Beasts","floor":4,"turns":3},{"damage":26,"enemies":"Gremlin Nob","floor":7,"turns":4},{"damage":2,"enemies":"Exordium Thugs","floor":10,"turns":3},{"damage":7,"enemies":"Lagavulin","floor":11,"turns":5},{"damage":0,"enemies":"3 Louse","floor":12,"turns":3},{"damage":16,"enemies":"Gremlin Nob","floor":14,"turns":4},{"damage":18,"enemies":"The Guardian","floor":16,"turns":10},{"damage":11,"enemies":"Shell Parasite","floor":18,"turns":4},{"damage":16,"enemies":"3 Byrds","floor":22,"turns":5},{"damage":17,"enemies":"Book of Stabbing","floor":23,"turns":6},{"damage":10,"enemies":"Centurion and Healer","floor":25,"turns":7},{"damage":23,"enemies":"Shelled Parasite and Fungi","floor":27,"turns":4},{"damage":26,"enemies":"Gremlin Leader","floor":29,"turns":5},{"damage":9,"enemies":"Snecko","floor":30,"turns":4},{"damage":6,"enemies":"Snake Plant","floor":31,"turns":4},{"damage":60,"enemies":"Automaton","floor":33,"turns":7},{"damage":1,"enemies":"Orb Walker","floor":35,"turns":2},{"damage":0,"enemies":"3 Shapes","floor":38,"turns":3},{"damage":12,"enemies":"Jaw Worm Horde","floor":39,"turns":3},{"damage":4,"enemies":"Giant Head","floor":40,"turns":5},{"damage":3,"enemies":"Sphere and 2 Shapes","floor":42,"turns":3},{"damage":4,"enemies":"Maw","floor":45,"turns":5},{"damage":2,"enemies":"Writhing Mass","floor":46,"turns":3},{"damage":0,"enemies":"Sphere and 2 Shapes","floor":47,"turns":3},{"damage":46,"enemies":"Donu and Deca","floor":50,"turns":4}],"seed_played":"9128591663741616528","potions_obtained":[{"floor":1,"key":"Strength Potion"},{"floor":2,"key":"SteroidPotion"},{"floor":11,"key":"SteroidPotion"},{"floor":14,"key":"BloodPotion"},{"floor":16,"key":"FearPotion"},{"floor":18,"key":"Swift Potion"},{"floor":27,"key":"FearPotion"},{"floor":31,"key":"AttackPotion"},{"floor":35,"key":"BloodPotion"},{"floor":40,"key":"SteroidPotion"},{"floor":42,"key":"Explosive Potion"}],"is_trial":false,"path_per_floor":["M","M","M","M","?","?","E","R","T","M","E","M","R","E","R","B",null,"M","?","$","?","M","E","R","M","T","M","R","E","M","M","R","B",null,"M","$","?","M","M","E","R","M","T","R","M","M","M","?","R","B",null],"character_chosen":"IRONCLAD","items_purchased":["Anchor","Spot Weakness","Brimstone","Ghostly Armor","Pummel","AttackPotion"],"campfire_rested":0,"item_purchase_floors":[20,20,36,36,36,36],"current_hp_per_floor":[72,72,71,61,61,58,32,32,32,42,47,51,51,63,63,49,94,83,83,83,94,80,67,67,63,63,56,56,44,51,51,51,18,94,93,93,83,83,77,77,77,76,76,76,74,74,87,87,87,55],"gold":175,"neow_bonus":"BOSS_RELIC","is_prod":false,"is_daily":false,"chose_seed":false,"campfire_upgraded":9,"win_rate":0.0,"timestamp":1547287302,"path_taken":["M","M","M","M","?","?","E","R","T","M","E","M","R","E","R","BOSS","M","?","?","?","M","E","R","M","T","M","R","E","M","M","R","BOSS","M","$","?","M","M","E","R","M","T","R","M","M","M","?","R","BOSS"],"build_version":"2019-01-10","purchased_purges":0,"victory":true,"max_hp_per_floor":[80,80,80,80,80,80,80,80,80,80,80,80,80,94,94,94,94,94,94,94,94,94,94,94,94,94,94,94,94,94,94,94,94,94,94,94,94,94,94,94,94,94,94,94,94,94,94,94,94,94],"card_choices":[{"not_picked":["Sword Boomerang","Warcry"],"picked":"Flame Barrier","floor":1},{"not_picked":["Warcry","Thunderclap"],"picked":"Uppercut","floor":2},{"not_picked":["Clothesline","Uppercut"],"picked":"Infernal Blade","floor":3},{"not_picked":["Sever Soul","Ghostly Armor"],"picked":"Inflame","floor":4},{"not_picked":["Barricade","Body Slam"],"picked":"Infernal Blade","floor":7},{"not_picked":["Sword Boomerang","Armaments"],"picked":"Disarm","floor":10},{"not_picked":["Sword Boomerang","Berserk"],"picked":"Clothesline","floor":11},{"not_picked":["Flex","Clothesline"],"picked":"Armaments","floor":12},{"not_picked":["Clash","Flex"],"picked":"True Grit","floor":14},{"not_picked":["Reaper","Brutality"],"picked":"Limit Break","floor":16},{"not_picked":["Corruption+1","Sword Boomerang"],"picked":"Warcry","floor":18},{"not_picked":["Sword Boomerang","Entrench"],"picked":"Blood for Blood","floor":22},{"not_picked":["Shrug It Off","Infernal Blade"],"picked":"Inflame","floor":23},{"not_picked":["Intimidate","Armaments"],"picked":"Shrug It Off","floor":25},{"not_picked":["Flex","Rupture","Clothesline"],"picked":"SKIP","floor":27},{"not_picked":["Intimidate","Uppercut"],"picked":"Bludgeon","floor":29},{"not_picked":["Headbutt","Sword Boomerang"],"picked":"Inflame","floor":30},{"not_picked":["Bloodletting","Flex"],"picked":"Whirlwind+1","floor":31},{"not_picked":["Offering","Reaper"],"picked":"Impervious","floor":33},{"not_picked":[],"picked":"Dropkick+1","floor":35},{"not_picked":[],"picked":"Secret Technique","floor":37},{"not_picked":[],"picked":"Mind Blast","floor":37},{"not_picked":[],"picked":"Panacea","floor":37},{"not_picked":[],"picked":"Twin Strike","floor":38},{"not_picked":[],"picked":"Sword Boomerang+1","floor":39},{"not_picked":[],"picked":"Warcry+1","floor":40},{"not_picked":["Thunderclap"],"picked":"SKIP","floor":42},{"not_picked":[],"picked":"Whirlwind+1","floor":45},{"not_picked":[],"picked":"Pummel","floor":46},{"not_picked":["Twin Strike"],"picked":"SKIP","floor":47}],"player_experience":30097,"relics_obtained":[{"floor":7,"key":"Ice Cream"},{"floor":9,"key":"Meat on the Bone"},{"floor":11,"key":"Bird Faced Urn"},{"floor":14,"key":"Mango"},{"floor":23,"key":"Mercury Hourglass"},{"floor":26,"key":"Happy Flower"},{"floor":29,"key":"Kunai"},{"floor":40,"key":"Pen Nib"},{"floor":43,"key":"Bag of Preparation"}],"event_choices":[{"damage_healed":0,"gold_gain":0,"cards_transformed":["Strike_R"],"player_choice":"Change","damage_taken":0,"max_hp_gain":0,"max_hp_loss":0,"event_name":"Living Wall","floor":5,"gold_loss":0,"cards_obtained":["Juggernaut"]},{"damage_healed":0,"gold_gain":0,"player_choice":"Success","damage_taken":3,"relics_obtained":["Red Skull"],"max_hp_gain":0,"max_hp_loss":0,"event_name":"Scrap Ooze","floor":6,"gold_loss":0},{"damage_healed":0,"gold_gain":0,"player_choice":"Bought 0 Potions","damage_taken":0,"max_hp_gain":0,"max_hp_loss":0,"event_name":"The Woman in Blue","floor":19,"gold_loss":0},{"cards_removed":["Infernal Blade"],"damage_healed":11,"gold_gain":0,"player_choice":"Offered Uncommon","damage_taken":0,"max_hp_gain":0,"max_hp_loss":0,"event_name":"Bonfire Elementals","floor":21,"gold_loss":0},{"damage_healed":0,"gold_gain":0,"player_choice":"Memory 3","damage_taken":10,"max_hp_gain":0,"max_hp_loss":0,"event_name":"SensoryStone","floor":37,"gold_loss":0},{"damage_healed":0,"gold_gain":0,"player_choice":"Copied","damage_taken":0,"max_hp_gain":0,"max_hp_loss":0,"event_name":"Duplicator","floor":48,"gold_loss":0,"cards_obtained":["Limit Break"]}],"is_beta":false,"boss_relics":[{"not_picked":["Philosopher\u0027s Stone","Calling Bell"],"picked":"Mark of Pain"},{"not_picked":["Tiny House","Lizard Tail"],"picked":"Busted Crown"}],"items_purged_floors":[],"is_endless":false,"potions_floor_spawned":[1,2,11,14,16,18,27,31,35,40,42,45,46],"ascension_level":0}