{"gold_per_floor":[109,122,297,199,199,199,228,128,155,166,181,256,286,306,306,405,405,418,435,435,435,450,450,461,411,411,446,446],"floor_reached":28,"playtime":3070,"items_purged":["Doubt","Defend_G"],"score":273,"play_id":"8d961ea3-c107-47fd-b280-54e496007e8b","local_time":"20190406100514","is_ascension_mode":false,"campfire_choices":[{"data":"Dagger Throw","floor":6,"key":"SMITH"},{"floor":15,"key":"REST"},{"floor":23,"key":"REST"}],"neow_cost":"NONE","seed_source_timestamp":1563020728353,"circlet_count":0,"master_deck":["Defend_G+1","Defend_G","Defend_G+1","Strike_G+1","Strike_G","Strike_G","Strike_G","Survivor","Neutralize","Reflex+1","Dagger Throw+1","Underhanded Strike+1","Underhanded Strike","Well Laid Plans","Sucker Punch","Infinite Blades+1","Unload","Reflex+1","Infinite Blades+1","Escape Plan+1","Underhanded Strike","Underhanded Strike+1","Writhe","Necronomicurse","Tactician+1","Tactician","Dagger Throw"],"relics":["Ring of the Snake","Du-Vu Doll","Whetstone","Frozen Egg 2","Astrolabe","Boot","Necronomicon","Question Card","War Paint"],"potions_floor_usage":[7,13,16,27,27],"damage_taken":[{"damage":1,"enemies":"Cultist","floor":1,"turns":5},{"damage":5,"enemies":"Jaw Worm","floor":2,"turns":5},{"damage":4,"enemies":"Gremlin Nob","floor":7,"turns":3},{"damage":0,"enemies":"Small Slimes","floor":10,"turns":3},{"damage":1,"enemies":"2 Fungi Beasts","floor":11,"turns":2},{"damage":7,"enemies":"3 Sentries","floor":13,"turns":6},{"damage":8,"enemies":"Exordium Wildlife","floor":14,"turns":4},{"damage":39,"enemies":"The Guardian","floor":16,"turns":10},{"damage":2,"enemies":"Spheric Guardian","floor":18,"turns":3},{"damage":11,"enemies":"3 Byrds","floor":19,"turns":5},{"damage":30,"enemies":"Snake Plant","floor":22,"turns":3},{"damage":12,"enemies":"3 Cultists","floor":24,"turns":3},{"damage":28,"enemies":"Gremlin Leader","floor":27,"turns":6},{"damage":8,"enemies":"Snecko","floor":28,"turns":2}],"seed_played":"7546681394246942020","potions_obtained":[{"floor":1,"key":"AttackPotion"},{"floor":10,"key":"PowerPotion"},{"floor":13,"key":"Swift Potion"},{"floor":16,"key":"EssenceOfSteel"},{"floor":24,"key":"Fire Potion"}],"is_trial":false,"path_per_floor":["M","M","?","$","?","R","E","$","T","M","M","?","E","M","R","B",null,"M","M","?","?","M","R","M","?","T","E","M"],"character_chosen":"THE_SILENT","items_purchased":["Dagger Throw"],"campfire_rested":2,"item_purchase_floors":[4],"current_hp_per_floor":[76,71,71,71,56,56,52,52,52,52,51,40,33,25,48,9,77,75,64,64,48,18,41,29,29,29,1,0],"gold":446,"neow_bonus":"TEN_PERCENT_HP_BONUS","is_prod":false,"is_daily":false,"chose_seed":false,"campfire_upgraded":1,"win_rate":0,"timestamp":1554541514,"path_taken":["M","M","?","$","?","R","E","$","T","M","M","?","E","M","R","BOSS","M","M","?","?","M","R","M","?","T","E","M"],"build_version":"2019-01-23","purchased_purges":2,"victory":false,"max_hp_per_floor":[77,77,77,77,77,77,77,77,77,77,77,77,77,77,77,77,77,77,77,77,77,77,77,77,77,77,77,77],"card_choices":[{"not_picked":["Dash","PiercingWail"],"picked":"Reflex","floor":1},{"not_picked":["Riddle With Holes","Skewer"],"picked":"Predator","floor":2},{"not_picked":["Dagger Spray","Crippling Poison"],"picked":"Underhanded Strike","floor":7},{"not_picked":["Reflex","Infinite Blades"],"picked":"Underhanded Strike","floor":10},{"not_picked":["Cloak And Dagger","Slice"],"picked":"Well Laid Plans","floor":11},{"not_picked":["Flying Knee","Dagger Spray"],"picked":"Sucker Punch","floor":13},{"not_picked":["Terror","Flying Knee"],"picked":"Infinite Blades+1","floor":14},{"not_picked":["Die Die Die","Phantasmal Killer"],"picked":"Unload","floor":16},{"not_picked":["Accuracy+1","Dagger Spray+1"],"picked":"Underhanded Strike","floor":18},{"not_picked":["Blade Dance","Deflect"],"picked":"Underhanded Strike+1","floor":19},{"not_picked":["Poisoned Stab","Prepared"],"picked":"Tactician","floor":22},{"not_picked":["Flechettes","Well Laid Plans+1"],"picked":"Tactician","floor":24},{"not_picked":["Deadly Poison+1","Caltrops+1","Outmaneuver"],"picked":"Dagger Throw","floor":27}],"player_experience":51044,"relics_obtained":[{"floor":7,"key":"Du-Vu Doll"},{"floor":9,"key":"Whetstone"},{"floor":13,"key":"Frozen Egg 2"},{"floor":21,"key":"Necronomicon"},{"floor":26,"key":"Question Card"},{"floor":27,"key":"War Paint"}],"event_choices":[{"damage_healed":0,"gold_gain":175,"player_choice":"AGREE","damage_taken":0,"max_hp_gain":0,"max_hp_loss":0,"event_name":"Liars Game","floor":3,"gold_loss":0,"cards_obtained":["Doubt"]},{"damage_healed":0,"gold_gain":0,"player_choice":"Entered Light","damage_taken":15,"max_hp_gain":0,"max_hp_loss":0,"event_name":"Shining Light","floor":5,"gold_loss":0,"cards_upgraded":["Reflex","Defend_G"]},{"damage_healed":0,"gold_gain":75,"player_choice":"Gather Gold","damage_taken":11,"max_hp_gain":0,"max_hp_loss":0,"event_name":"World of Goop","floor":12,"gold_loss":0},{"damage_healed":0,"gold_gain":0,"player_choice":"Opened","damage_taken":0,"relics_obtained":["Boot"],"max_hp_gain":0,"max_hp_loss":0,"event_name":"The Mausoleum","floor":20,"gold_loss":0,"cards_obtained":["Writhe"]},{"damage_healed":0,"gold_gain":0,"player_choice":"Obtained Book","damage_taken":16,"max_hp_gain":0,"max_hp_loss":0,"event_name":"Cursed Tome","floor":21,"gold_loss":0},{"damage_healed":0,"gold_gain":0,"player_choice":"Bet on Owner","damage_taken":0,"max_hp_gain":0,"max_hp_loss":0,"event_name":"The Joust","floor":25,"gold_loss":50}],"is_beta":false,"boss_relics":[{"not_picked":["Coffee Dripper","Snecko Eye"],"picked":"Astrolabe"}],"items_purged_floors":[4,8],"is_endless":false,"potions_floor_spawned":[1,10,13,16,24],"killed_by":"Snecko","ascension_level":0}