{"gold_per_floor":[119,130,149,149,149,149,177,177,177,191,208,237,237,268,268,371,371,384,415,40,54,54,54,67,67,67,67,80,80,93,124,124,124],"floor_reached":33,"playtime":2915,"items_purged":["Strike_B"],"score":419,"play_id":"6069a02a-6ba6-423c-b11c-9e74036f2b07","local_time":"20180717165927","is_ascension_mode":true,"campfire_choices":[{"data":"Zap","floor":6,"key":"SMITH"},{"data":"Defragment","floor":8,"key":"SMITH"},{"floor":13,"key":"REST"},{"data":"Barrage","floor":15,"key":"SMITH"},{"data":"Echo Form","floor":23,"key":"SMITH"},{"floor":25,"key":"REST"},{"data":"Hologram","floor":27,"key":"SMITH"},{"floor":29,"key":"REST"},{"floor":32,"key":"REST"}],"neow_cost":"NONE","seed_source_timestamp":21348380980605,"circlet_count":0,"master_deck":["Strike_B","Strike_B","Strike_B","Defend_B","Defend_B","Defend_B","Defend_B","Zap+1","Dualcast","Biased Cognition","Defragment+1","Ball Lightning","Capacitor","Hologram+1","Leap","Barrage+1","Echo Form+1","Hologram","Glacier","Fusion","Conserve Battery","Thunder Strike","Conserve Battery+1"],"relics":["Cracked Core","Sundial","Darkstone Periapt","Bottled Flame","Blue Candle","Potion Belt","Snecko Eye","Red Mask","OrangePellets","Matryoshka","Boot"],"potions_floor_usage":[7,10,10,11,12,12,19,19,21,21,28,31],"damage_taken":[{"damage":1,"enemies":"2 Louse","floor":1,"turns":3},{"damage":1,"enemies":"Cultist","floor":2,"turns":3},{"damage":6,"enemies":"Small Slimes","floor":3,"turns":2},{"damage":16,"enemies":"Gremlin Nob","floor":7,"turns":3},{"damage":10,"enemies":"Exordium Wildlife","floor":10,"turns":3},{"damage":13,"enemies":"Blue Slaver","floor":11,"turns":2},{"damage":25,"enemies":"Lagavulin","floor":12,"turns":4},{"damage":6,"enemies":"3 Sentries","floor":14,"turns":4},{"damage":0,"enemies":"Slime Boss","floor":16,"turns":6},{"damage":6,"enemies":"Chosen","floor":18,"turns":4},{"damage":25,"floor":19,"turns":3},{"damage":12,"enemies":"2 Thieves","floor":21,"turns":4},{"damage":7,"enemies":"Sentry and Sphere","floor":24,"turns":4},{"damage":15,"enemies":"Chosen and Byrds","floor":28,"turns":4},{"damage":18,"enemies":"Snake Plant","floor":30,"turns":5},{"damage":26,"enemies":"Book of Stabbing","floor":31,"turns":6},{"damage":35,"enemies":"Collector","floor":33,"turns":2}],"seed_played":"-3163360337071968865","potions_obtained":[{"floor":1,"key":"Poison Potion"},{"floor":4,"key":"EntropicBrew"},{"floor":4,"key":"Regen Potion"},{"floor":11,"key":"Energy Potion"},{"floor":14,"key":"EssenceOfSteel"},{"floor":19,"key":"Energy Potion"},{"floor":21,"key":"Explosive Potion"},{"floor":24,"key":"FocusPotion"}],"is_trial":false,"path_per_floor":["M","M","M","?","?","R","E","R","T","M","M","E","R","E","R","B",null,"M","?","$","M","$","R","M","R","T","R","M","R","M","E","R"],"character_chosen":"DEFECT","items_purchased":["OrangePellets","Fruit Juice"],"campfire_rested":4,"item_purchase_floors":[20,20],"current_hp_per_floor":[74,73,67,67,60,60,53,53,53,43,35,10,32,26,26,26,63,57,32,32,25,25,25,18,42,42,42,27,51,33,7,31,0],"gold":124,"neow_bonus":"ONE_RANDOM_RARE_CARD","is_prod":false,"is_daily":false,"chose_seed":false,"campfire_upgraded":5,"win_rate":0,"timestamp":1531826967,"path_taken":["M","M","M","?","?","R","E","R","T","M","M","E","R","E","R","BOSS","M","?","$","M","$","R","M","R","T","R","M","R","?","E","R","BOSS"],"build_version":"2018-07-13","purchased_purges":1,"victory":false,"max_hp_per_floor":[75,75,75,75,75,75,75,75,75,75,75,75,75,75,75,75,75,75,75,75,80,80,80,80,80,80,80,80,80,80,80,80,80],"card_choices":[{"not_picked":["Chaos","Coolheaded"],"picked":"Defragment","floor":1},{"not_picked":["Rebound","Reprogram","Double Energy"],"picked":"SKIP","floor":2},{"not_picked":["Conserve Battery","Streamline"],"picked":"Ball Lightning","floor":3},{"not_picked":["Amplify","Hologram"],"picked":"Capacitor","floor":7},{"not_picked":["Beam Cell","Tempest","Double Energy"],"picked":"SKIP","floor":10},{"not_picked":["Go for the Eyes","Reprogram"],"picked":"Hologram","floor":11},{"not_picked":["Streamline","Sunder"],"picked":"Leap","floor":12},{"not_picked":["Rip and Tear","Beam Cell"],"picked":"Barrage","floor":14},{"not_picked":["Fission","Biased Cognition"],"picked":"Echo Form","floor":16},{"not_picked":["Stack","Go for the Eyes+1"],"picked":"Hologram","floor":18},{"not_picked":["Rebound","Gash"],"picked":"Glacier","floor":19},{"not_picked":["Reinforced Body","Compile Driver+1"],"picked":"Fusion","floor":21},{"not_picked":["Barrage","Redo"],"picked":"Conserve Battery","floor":24},{"not_picked":["Capacitor+1","Steam"],"picked":"Thunder Strike","floor":28},{"not_picked":["Scrape","Reinforced Body+1","Gash+1"],"picked":"SKIP","floor":30},{"not_picked":["Heatsinks","Self Repair"],"picked":"Conserve Battery+1","floor":31}],"player_experience":243257,"relics_obtained":[{"floor":7,"key":"Darkstone Periapt"},{"floor":9,"key":"Bottled Flame"},{"floor":12,"key":"Blue Candle"},{"floor":14,"key":"Potion Belt"},{"floor":19,"key":"Red Mask"},{"floor":26,"key":"Matryoshka"},{"floor":31,"key":"Boot"}],"event_choices":[{"event_name":"The Lab","player_choice":"Got Potions","floor":4,"damage_taken":0},{"event_name":"Scrap Ooze","player_choice":"success","floor":5,"damage_taken":7},{"event_name":"Masked Bandits","player_choice":"Fought over 384 gold","floor":19,"damage_taken":0}],"boss_relics":[{"not_picked":["Fusion Hammer","FrozenCore"],"picked":"Snecko Eye"}],"items_purged_floors":[20],"is_endless":false,"potions_floor_spawned":[1,10,11,14,19,21,24],"killed_by":"Collector","ascension_level":5}