{"path_per_floor":["M","?","M","M","?","E","R","$","T","M","M","M","R","?","R","B",null,"M","M","M","?","$","R","M","R","T","M"],"character_chosen":"IRONCLAD","items_purchased":["Meat on the Bone","Limit Break","Second Wind"],"gold_per_floor":[362,362,381,397,397,429,429,18,45,64,79,96,96,96,96,172,172,182,193,207,207,30,30,44,44,44,54],"floor_reached":28,"campfire_rested":1,"playtime":1176,"current_hp_per_floor":[72,65,62,58,58,9,30,30,30,34,43,50,50,50,50,39,65,45,40,28,28,28,28,31,31,31,19],"items_purged":["Strike_R","Regret"],"gold":54,"score":366,"play_id":"74f98ecc-db8f-4f4c-b565-c9774dbc0d73","is_prod":false,"is_daily":false,"is_ascension_mode":true,"campfire_upgraded":4,"path_taken":["M","?","M","M","?","E","R","?","T","M","M","M","R","?","R","BOSS","M","M","?","?","$","R","M","R","T","M","E"],"build_version":"2018-02-15-PROD1","purchased_purges":2,"victory":false,"master_deck":["Strike_R+1","Strike_R+1","Strike_R+1","Strike_R+1","Defend_R+1","Defend_R+1","Defend_R+1","Defend_R+1","Bash+1","Flex+1","Headbutt","Warcry","Limit Break+1","Pommel Strike","Shrug It Off","Feed","Power Through","Burning Pact","Second Wind","Hemokinesis+1","Havoc+1"],"max_hp_per_floor":[72,72,74,74,71,71,71,71,71,73,73,73,73,73,73,73,73,73,76,78,78,78,78,78,78,78,78],"relics":["Burning Blood","Singing Bowl","Blue Candle","Meat on the Bone","Vajra","Art of War","Mark of Pain","Shovel"],"card_choices":[{"not_picked":["Clash","Cleave"],"picked":"Flex"},{"not_picked":["Rampage","Dual Wield"],"picked":"Headbutt"},{"not_picked":["Bludgeon","Iron Wave"],"picked":"Warcry"},{"not_picked":["Feel No Pain","Inflame"],"picked":"Pommel Strike"},{"not_picked":["Clash","True Grit"],"picked":"Shrug It Off"},{"not_picked":["Exhume","Double Tap"],"picked":"Feed"},{"not_picked":["Anger","Headbutt"],"picked":"Power Through"},{"not_picked":["Disarm","Fire Breathing"],"picked":"Burning Pact"},{"not_picked":["Intimidate","Combust"],"picked":"Hemokinesis"},{"not_picked":["True Grit","Iron Wave"],"picked":"Havoc"}],"player_experience":377851,"potions_floor_usage":[28,28],"damage_taken":[{"damage":0.0,"enemies":"Small Slimes","floor":1.0,"turns":3.0},{"damage":11.0,"enemies":"Jaw Worm","floor":3.0,"turns":4.0},{"damage":10.0,"enemies":"Cultist","floor":4.0,"turns":4.0},{"damage":55.0,"enemies":"Lagavulin","floor":6.0,"turns":6.0},{"damage":16.0,"enemies":"Blue Slaver","floor":10.0,"turns":3.0},{"damage":9.0,"enemies":"Red Slaver","floor":11.0,"turns":3.0},{"damage":11.0,"enemies":"Looter","floor":12.0,"turns":2.0},{"damage":29.0,"enemies":"Slime Boss","floor":16.0,"turns":7.0},{"damage":26.0,"enemies":"3 Byrds","floor":18.0,"turns":5.0},{"damage":26.0,"enemies":"2 Thieves","floor":19.0,"turns":5.0},{"damage":32.0,"enemies":"Snecko","floor":20.0,"turns":7.0},{"damage":15.0,"enemies":"Centurion and Healer","floor":24.0,"turns":11.0},{"damage":30.0,"enemies":"Sentry and Sphere","floor":27.0,"turns":6.0},{"damage":20,"enemies":"Gremlin Leader","floor":28,"turns":1}],"event_choices":[{"event_name":"Scrap Ooze","player_choice":"success","floor":2.0,"damage_taken":7.0},{"event_name":"Fountain of Cleansing","player_choice":"Removed Curse","floor":5.0,"damage_taken":0.0},{"event_name":"Big Fish","player_choice":"Box","floor":14.0,"damage_taken":0.0},{"event_name":"Back to Basics","player_choice":"Simplicity","floor":21.0,"damage_taken":0.0}],"boss_relics":[],"potions_floor_spawned":[1,16,18,19,24],"seed_played":"8887728323155906351","killed_by":"Gremlin Leader","ascension_level":13,"is_trial":false}