{"gold_per_floor":[111,186,203,213,232,232,246,256,330,345,356,376,376,403,403,481,481,495,511,194,194,194,194,205,6,85,0,0,0,15,35,35,113,113,131,131,143,154,166,166,177,177,250,38,67,67,78,90,90,90],"floor_reached":50,"playtime":2645,"items_purged":["Strike_G","Parasite"],"score":869,"play_id":"ecfb4243-c973-4179-a61b-7e37c44b12f2","local_time":"20190310174946","is_ascension_mode":true,"campfire_choices":[{"floor":6.0,"key":"REST"},{"data":"Caltrops","floor":15.0,"key":"SMITH"},{"floor":23.0,"key":"REST"},{"floor":32,"key":"REST"},{"floor":40,"key":"REST"},{"data":"Writhe","floor":42,"key":"PURGE"},{"floor":46,"key":"REST"},{"floor":49,"key":"RECALL"}],"neow_cost":"NONE","seed_source_timestamp":1374559638025620,"circlet_count":0,"master_deck":["AscendersBane","Defend_G","Defend_G","Defend_G","Defend_G","Defend_G","Strike_G","Strike_G","Strike_G","Strike_G","Survivor","Neutralize","Footwork","Underhanded Strike","Choke","Calculated Gamble","Envenom","Predator","Crippling Poison","PiercingWail","Caltrops+1","Corpse Explosion","Storm of Steel","Riddle With Holes","Backflip","Bouncing Flask+1","Leg Sweep","Crippling Poison","Doppelganger","Dodge and Roll","Malaise","Footwork","Well Laid Plans","Footwork","Catalyst","Backflip","Parasite"],"special_seed":0,"relics":["Snecko Eye","Ornamental Fan","Matryoshka","Orrery","Peace Pipe","Pen Nib","Oddly Smooth Stone","Blood Vial","Gremlin Horn","Busted Crown","Ancient Tea Set","The Courier"],"potions_floor_usage":[33,33,37,39,48],"damage_taken":[{"damage":0.0,"enemies":"Cultist","floor":1.0,"turns":6.0},{"damage":3.0,"enemies":"2 Louse","floor":3.0,"turns":3.0},{"damage":7.0,"enemies":"Small Slimes","floor":4.0,"turns":3.0},{"damage":10.0,"enemies":"2 Fungi Beasts","floor":5.0,"turns":3.0},{"damage":7.0,"enemies":"Exordium Thugs","floor":7.0,"turns":6.0},{"damage":0.0,"enemies":"Looter","floor":8.0,"turns":4.0},{"damage":0.0,"enemies":"2 Fungi Beasts","floor":10.0,"turns":3.0},{"damage":0.0,"enemies":"Blue Slaver","floor":11.0,"turns":3.0},{"damage":3.0,"enemies":"Gremlin Gang","floor":12.0,"turns":3.0},{"damage":7.0,"enemies":"3 Sentries","floor":14.0,"turns":11.0},{"damage":19.0,"enemies":"Hexaghost","floor":16.0,"turns":9.0},{"damage":21.0,"enemies":"Spheric Guardian","floor":18.0,"turns":6.0},{"damage":15.0,"enemies":"2 Thieves","floor":19.0,"turns":4.0},{"damage":26.0,"enemies":"Snake Plant","floor":24.0,"turns":3.0},{"damage":10,"enemies":"Centurion and Healer","floor":30,"turns":7},{"damage":4,"enemies":"Cultist and Chosen","floor":31,"turns":5},{"damage":25,"enemies":"Automaton","floor":33,"turns":7},{"damage":0,"enemies":"3 Shapes","floor":35,"turns":6},{"damage":5,"enemies":"Orb Walker","floor":37,"turns":4},{"damage":20,"enemies":"Jaw Worm Horde","floor":38,"turns":3},{"damage":15,"enemies":"Writhing Mass","floor":39,"turns":8},{"damage":5,"enemies":"4 Shapes","floor":41,"turns":5},{"damage":42,"enemies":"Giant Head","floor":45,"turns":10},{"damage":0,"enemies":"Jaw Worm Horde","floor":47,"turns":4},{"damage":12,"enemies":"Writhing Mass","floor":48,"turns":8},{"damage":38,"enemies":"Donu and Deca","floor":50,"turns":6}],"seed_played":"9198995716069492841","potions_obtained":[{"floor":1.0,"key":"Regen Potion"},{"floor":3.0,"key":"SteroidPotion"},{"floor":12.0,"key":"Strength Potion"},{"floor":14.0,"key":"Weak Potion"},{"floor":19.0,"key":"Weak Potion"},{"floor":30,"key":"Explosive Potion"},{"floor":36,"key":"Swift Potion"},{"floor":36,"key":"Fruit Juice"},{"floor":37,"key":"Strength Potion"},{"floor":45,"key":"Regen Potion"}],"is_trial":false,"path_per_floor":["M","?","M","M","M","R","M","M","T","M","M","M","?","E","R","B",null,"M","M","$","?","?","R","M","$","T","?","?","?","M","M","R","B",null,"M","?","M","M","M","R","M","R","T","$","E","R","M","M","R","B"],"character_chosen":"THE_SILENT","items_purchased":["Crippling Poison","Doppelganger","Oddly Smooth Stone","Dodge and Roll","Footwork","Catalyst"],"campfire_rested":5,"item_purchase_floors":[20,20,25,25,44,44],"current_hp_per_floor":[59,48,45,38,28,47,52,52,52,52,52,49,54,47,47,28,60,39,24,24,24,24,45,19,19,19,19,19,19,11,9,30,7,55,57,57,59,41,28,50,47,47,47,47,7,28,30,35,35,0],"gold":90,"neow_bonus":"BOSS_RELIC","is_prod":false,"is_daily":false,"chose_seed":false,"campfire_upgraded":1,"win_rate":0,"timestamp":1552254586,"path_taken":["M","?","M","M","M","R","M","M","T","M","M","M","?","E","R","BOSS","M","M","$","?","?","R","?","$","T","?","?","?","M","M","R","BOSS","M","?","M","M","M","R","M","R","T","$","E","R","M","M","R","BOSS"],"build_version":"2019-02-06","purchased_purges":2,"victory":false,"max_hp_per_floor":[66,66,66,66,66,66,66,66,66,66,66,66,71,71,71,71,71,71,71,71,71,71,71,71,71,71,71,71,71,71,71,71,71,71,71,71,76,76,76,76,76,76,76,73,73,73,73,73,73,73],"card_choices":[{"not_picked":["Reflex","Skewer"],"picked":"Footwork","floor":1.0},{"not_picked":["Flying Knee","Deadly Poison"],"picked":"Underhanded Strike","floor":3.0},{"not_picked":["Underhanded Strike","PiercingWail"],"picked":"Choke","floor":4.0},{"not_picked":["Infinite Blades","Deadly Poison"],"picked":"Calculated Gamble","floor":5.0},{"not_picked":["Choke","Slice"],"picked":"Envenom","floor":7.0},{"not_picked":["Heel Hook","Prepared","Reflex"],"picked":"SKIP","floor":8.0},{"not_picked":["Quick Slash","Prepared"],"picked":"Predator","floor":10.0},{"not_picked":["Tactician","Bane"],"picked":"Crippling Poison","floor":11.0},{"not_picked":["Dodge and Roll","Choke"],"picked":"PiercingWail","floor":12.0},{"not_picked":["Burst","Cloak And Dagger"],"picked":"Caltrops","floor":14.0},{"not_picked":["Unload","Grand Finale"],"picked":"Corpse Explosion","floor":16.0},{"not_picked":["Dagger Spray","Backflip"],"picked":"Storm of Steel","floor":17.0},{"not_picked":["Setup","Prepared"],"picked":"Riddle With Holes","floor":17.0},{"not_picked":["Masterful Stab","Calculated Gamble"],"picked":"Backflip","floor":17.0},{"not_picked":["Poisoned Stab","All Out Attack"],"picked":"Bouncing Flask+1","floor":18.0},{"not_picked":["Crippling Poison","Underhanded Strike"],"picked":"Leg Sweep","floor":19.0},{"not_picked":["Bane","Tactician+1","Outmaneuver"],"picked":"SKIP","floor":24.0},{"not_picked":["Distraction","Expertise","Flying Knee"],"picked":"SKIP","floor":30},{"not_picked":["Deadly Poison","Quick Slash","Reflex"],"picked":"SKIP","floor":31},{"not_picked":["Corpse Explosion","Doppelganger"],"picked":"Malaise","floor":33},{"not_picked":["Deflect"],"picked":"SKIP","floor":35},{"not_picked":["Quick Slash"],"picked":"SKIP","floor":37},{"not_picked":[],"picked":"Footwork","floor":38},{"not_picked":["Blade Dance"],"picked":"SKIP","floor":39},{"not_picked":[],"picked":"Well Laid Plans","floor":41},{"not_picked":[],"picked":"Backflip","floor":45},{"not_picked":["Well Laid Plans+1"],"picked":"SKIP","floor":47},{"not_picked":["Deflect+1"],"picked":"SKIP","floor":48}],"player_experience":791896,"relics_obtained":[{"floor":9.0,"key":"Ornamental Fan"},{"floor":14.0,"key":"Matryoshka"},{"floor":26.0,"key":"Blood Vial"},{"floor":26.0,"key":"Gremlin Horn"},{"floor":43,"key":"Ancient Tea Set"},{"floor":45,"key":"The Courier"}],"event_choices":[{"damage_healed":0.0,"max_hp_gain":0.0,"max_hp_loss":0.0,"gold_gain":75.0,"event_name":"World of Goop","player_choice":"Gather Gold","floor":2.0,"gold_loss":0.0,"damage_taken":11.0},{"damage_healed":0.0,"max_hp_gain":5.0,"max_hp_loss":0.0,"gold_gain":0.0,"event_name":"Big Fish","player_choice":"Donut","floor":13.0,"gold_loss":0.0,"damage_taken":0.0},{"damage_healed":0.0,"max_hp_gain":0.0,"max_hp_loss":0.0,"gold_gain":0.0,"event_name":"The Mausoleum","player_choice":"Opened","floor":21.0,"gold_loss":0.0,"damage_taken":0.0,"relics_obtained":["Peace Pipe"],"cards_obtained":["Writhe"]},{"damage_healed":0.0,"max_hp_gain":0.0,"max_hp_loss":0.0,"gold_gain":0.0,"event_name":"WeMeetAgain","player_choice":"Gave Potion","floor":22.0,"gold_loss":0.0,"damage_taken":0.0,"relics_obtained":["Pen Nib"]},{"damage_healed":0.0,"max_hp_gain":0.0,"max_hp_loss":0.0,"gold_gain":0.0,"event_name":"Masked Bandits","player_choice":"Paid Fearfully","floor":27.0,"gold_loss":85.0,"damage_taken":0.0},{"damage_healed":0.0,"max_hp_gain":0.0,"max_hp_loss":0.0,"gold_gain":0.0,"event_name":"Beggar","player_choice":"Ignored","floor":29.0,"gold_loss":0.0,"damage_taken":0.0},{"damage_healed":0,"gold_gain":0,"player_choice":"Got Potions","damage_taken":0,"max_hp_gain":0,"max_hp_loss":0,"event_name":"Lab","floor":36,"gold_loss":0}],"is_beta":true,"boss_relics":[{"not_picked":["Black Star","White Beast Statue"],"picked":"Orrery"},{"not_picked":["Runic Dome","Eternal Feather"],"picked":"Busted Crown"}],"items_purged_floors":[20,44],"is_endless":false,"potions_floor_spawned":[1,3,12,14,16,19,30,31,37,45],"killed_by":"Donu and Deca","ascension_level":15}