{"path_per_floor":["M","M","$","?","M","R","E","M","T","?","$","M","M","M","R","B",null,"M","?","M","$","M","R","E","M","T","E","R","?","E","$","R","B",null,"M","M","?","$","$","R","M"],"character_chosen":"DEFECT","items_purchased":["Leap","Jack Of All Trades","Chill","Capacitor","Turbo","Multi-Cast","Weak Potion","Gash","Capacitor"],"gold_per_floor":[212,232,12,12,26,26,53,72,72,247,16,31,44,56,56,160,160,179,179,195,20,38,38,68,87,87,112,112,112,140,13,13,118,118,128,141,141,23,23,23,41,41],"floor_reached":42,"campfire_rested":5,"playtime":1723,"current_hp_per_floor":[67,55,55,55,55,55,34,23,23,23,23,17,23,27,49,56,70,69,69,35,35,36,58,44,27,27,28,50,50,51,51,73,15,60,61,52,42,42,42,64,62,0],"items_purged":["Strike_B","Doubt","Defend_B"],"gold":41,"score":712,"play_id":"48687eb2-e502-49e0-a53f-d76722554493","local_time":"20180508233305","is_prod":false,"is_daily":false,"chose_seed":false,"is_ascension_mode":true,"campfire_upgraded":1,"timestamp":1525793585,"path_taken":["M","M","$","?","M","R","E","M","T","?","$","M","?","M","R","BOSS","M","?","M","$","M","R","E","M","T","E","R","?","E","?","R","BOSS","M","M","?","?","$","R","M","E"],"build_version":"2018-05-07","seed_source_timestamp":196807534254058,"purchased_purges":3,"victory":false,"master_deck":["Strike_B","Strike_B","Defend_B","Defend_B","Defend_B","Zap","Dualcast","AscendersBane","White Noise","Loop","Leap","Jack Of All Trades","Streamline+1","Beam Cell","BootSequence","Chill","Capacitor+1","Self Repair+1","Auto Shields","Defragment+1","Reboot+1","Heatsinks+1","Impulse","Turbo+1","Static Discharge+1","Conserve Battery+1","Force Field","Go for the Eyes","Rainbow","Multi-Cast","Thunder Strike","Turbo+1","Blind","Bandage Up","Flash of Steel","Gash","Capacitor+1","Leap+1"],"max_hp_per_floor":[75,75,75,75,75,75,75,75,75,75,75,75,75,75,75,75,75,75,75,75,75,75,75,75,75,75,75,75,75,75,75,75,75,75,75,75,75,75,75,75,75,75],"relics":["Cracked Core","Frozen Egg 2","Toolbox","Philosopher\u0027s Stone","War Paint","Letter Opener","Juzu Bracelet","Ornamental Fan","Runic Dome"],"card_choices":[{"not_picked":["Turbo","Beam Cell"],"picked":"White Noise","floor":1.0},{"not_picked":["Sweeping Beam","Stack"],"picked":"Loop","floor":2.0},{"not_picked":["Sweeping Beam","Go for the Eyes"],"picked":"Streamline","floor":5.0},{"not_picked":["Barrage","Skim"],"picked":"Beam Cell","floor":7.0},{"not_picked":["Amplify","Ball Lightning"],"picked":"BootSequence","floor":8.0},{"not_picked":["Sweeping Beam","Turbo"],"picked":"Self Repair","floor":12.0},{"not_picked":["Skim","BootSequence"],"picked":"Auto Shields","floor":13.0},{"not_picked":["Rebound","Buffer"],"picked":"Defragment","floor":14.0},{"not_picked":["Multi-Cast","Nova"],"picked":"Reboot","floor":16.0},{"not_picked":["Leap","Darkness"],"picked":"Impulse","floor":20.0},{"not_picked":["Meteor Strike","Coolheaded"],"picked":"Static Discharge","floor":22.0},{"not_picked":["Doom and Gloom","Turbo"],"picked":"Conserve Battery","floor":24.0},{"not_picked":["Ball Lightning","Go for the Eyes"],"picked":"Force Field","floor":25.0},{"not_picked":["Ball Lightning","Impulse"],"picked":"Go for the Eyes","floor":27.0},{"not_picked":["Chill","Tempest"],"picked":"Rainbow","floor":30.0},{"not_picked":["Machine Learning","Multi-Cast"],"picked":"Thunder Strike","floor":33.0},{"not_picked":["Hologram","Barrage"],"picked":"Turbo","floor":35.0},{"not_picked":["Bandage Up","Dark Shackles"],"picked":"Blind","floor":37.0},{"not_picked":["Dark Shackles","Secret Weapon"],"picked":"Bandage Up","floor":37.0},{"not_picked":["Mind Blast","Secret Weapon"],"picked":"Flash of Steel","floor":37.0},{"not_picked":["Rebound","Ball Lightning"],"picked":"Leap","floor":41.0}],"player_experience":969833,"potions_floor_usage":[42],"damage_taken":[{"damage":1.0,"enemies":"Cultist","floor":1.0,"turns":4.0},{"damage":12.0,"enemies":"Small Slimes","floor":2.0,"turns":3.0},{"damage":0.0,"enemies":"Jaw Worm","floor":5.0,"turns":6.0},{"damage":21.0,"enemies":"3 Sentries","floor":7.0,"turns":7.0},{"damage":11.0,"enemies":"Looter","floor":8.0,"turns":3.0},{"damage":6.0,"enemies":"Blue Slaver","floor":12.0,"turns":5.0},{"damage":4.0,"enemies":"Gremlin Gang","floor":13.0,"turns":5.0},{"damage":0.0,"enemies":"Red Slaver","floor":14.0,"turns":3.0},{"damage":13.0,"enemies":"Hexaghost","floor":16.0,"turns":9.0},{"damage":11.0,"enemies":"Shell Parasite","floor":18.0,"turns":6.0},{"damage":44.0,"enemies":"3 Byrds","floor":20.0,"turns":6.0},{"damage":9.0,"enemies":"Slaver and Parasite","floor":22.0,"turns":10.0},{"damage":24.0,"enemies":"Slavers","floor":24.0,"turns":4.0},{"damage":27.0,"enemies":"Sentry and Sphere","floor":25.0,"turns":5.0},{"damage":13.0,"enemies":"Book of Stabbing","floor":27.0,"turns":5.0},{"damage":9.0,"enemies":"Slavers","floor":30.0,"turns":6.0},{"damage":72.0,"enemies":"Collector","floor":33.0,"turns":9.0},{"damage":9.0,"enemies":"3 Shapes","floor":35.0,"turns":7.0},{"damage":19.0,"enemies":"3 Darklings","floor":36.0,"turns":5.0},{"damage":16.0,"enemies":"Spire Growth","floor":41.0,"turns":5.0},{"damage":62,"enemies":"2 Orb Walkers","floor":42,"turns":5}],"event_choices":[{"event_name":"The Cleric","player_choice":"Leave","floor":4.0,"damage_taken":0.0},{"event_name":"Liars Game","player_choice":"agreed","floor":10.0,"damage_taken":0.0},{"event_name":"Transmorgrifier","player_choice":"Transform","floor":19.0,"damage_taken":0.0},{"event_name":"Cursed Tome","player_choice":"Ignored","floor":29.0,"damage_taken":0.0},{"event_name":"SensoryStone","player_choice":"Memory 3","floor":37.0,"damage_taken":0.0}],"boss_relics":[],"potions_floor_spawned":[5,8,12,14,16,20,25,27,33,36],"seed_played":"-7877011713077245633","killed_by":"2 Orb Walkers","ascension_level":10,"is_trial":false}