{"path_per_floor":["M","M","M","?","?","E","R","E","T","M","M","?","R","M","R","B",null,"M","?","M","$","?","R","E","R","T","?","M","E","$","M","R","B",null,"M","M","$","M","M","R","E","?","T","?","?","R","E","M","R","B"],"character_chosen":"DEFECT","items_purchased":["Glacier","Capacitor","Bandage Up","Capacitor","Coolheaded","Coolheaded"],"gold_per_floor":[119,132,146,116,116,141,141,169,169,182,193,158,158,174,174,277,277,290,290,303,32,0,0,28,28,53,53,68,98,20,32,32,127,127,144,158,13,32,46,46,77,77,77,128,128,128,159,178,178,178],"floor_reached":51,"campfire_rested":4,"playtime":2473,"current_hp_per_floor":[58,58,55,55,55,19,41,23,23,7,1,19,41,38,60,58,71,59,59,50,50,50,50,18,40,40,40,51,72,72,75,75,60,71,75,75,75,75,73,73,75,75,75,75,75,75,63,75,75,46],"items_purged":["Normality","Turbo"],"gold":178,"score":1323,"play_id":"18e11415-148f-4cc5-89ae-0ec925e12f54","local_time":"20180510234905","is_prod":false,"is_daily":false,"chose_seed":false,"is_ascension_mode":true,"campfire_upgraded":5,"timestamp":1525967345,"path_taken":["M","M","M","?","?","E","R","E","T","M","M","?","R","M","R","BOSS","M","?","M","$","?","R","E","R","T","?","M","E","$","?","R","BOSS","M","M","$","M","M","R","E","?","T","?","?","R","E","M","R","BOSS"],"build_version":"2018-05-09","seed_source_timestamp":38988660167355,"purchased_purges":2,"victory":true,"master_deck":["Strike_B","Strike_B","Strike_B","Defend_B","Defend_B+1","Defend_B","Defend_B","Zap","Dualcast+1","AscendersBane","Defragment+1","Hello World","Lockon","Storm","Double Energy","Coolheaded","Storm","Steam Power","Cold Snap","Buffer+1","Capacitor","Self Repair","Glacier","Capacitor","Bandage Up","Chaos+1","Heatsinks","Self Repair+1","Reprogram","Capacitor","Coolheaded+1","All For One","Echo Form","Streamline","Coolheaded+1","Skim","Impulse+1","White Noise+1","Hologram+1","Echo Form"],"max_hp_per_floor":[75,75,75,75,75,75,75,75,75,75,75,75,75,75,75,75,75,75,75,75,75,75,75,75,75,75,75,75,75,75,75,75,75,75,75,75,75,75,75,75,75,75,75,75,75,75,75,75,75,75],"relics":["Cracked Core","Happy Flower","War Paint","Mummified Hand","Bag of Preparation","Dream Catcher","Sozu","Turnip","Lantern","Dodecahedron","Regal Pillow","Snecko Eye","Art of War","Toxic Egg 2","Bird Faced Urn","DataDisk"],"card_choices":[{"not_picked":["Coolheaded","Barrage"],"picked":"Defragment","floor":1.0},{"not_picked":["Barrage","Reprogram"],"picked":"Hello World","floor":2.0},{"not_picked":["Hello World","Axe Kick"],"picked":"Lockon","floor":3.0},{"not_picked":["Ball Lightning","Skim"],"picked":"Storm","floor":6.0},{"not_picked":["Darkness","FTL"],"picked":"Double Energy","floor":8.0},{"not_picked":["Nova","Leap"],"picked":"Turbo","floor":10.0},{"not_picked":["Reprogram","Sweeping Beam"],"picked":"Coolheaded","floor":11.0},{"not_picked":["Coolheaded","Rebound"],"picked":"Storm","floor":13.0},{"not_picked":["Streamline","Skim"],"picked":"Steam Power","floor":14.0},{"not_picked":["Go for the Eyes","Axe Kick"],"picked":"Cold Snap","floor":15.0},{"not_picked":["Biased Cognition","Fission"],"picked":"Buffer","floor":16.0},{"not_picked":["Blizzard","Go for the Eyes"],"picked":"Capacitor","floor":18.0},{"not_picked":["Capacitor","Barrage"],"picked":"Self Repair","floor":20.0},{"not_picked":["Coolheaded","Redo"],"picked":"Chaos","floor":24.0},{"not_picked":["Double Energy","Coolheaded"],"picked":"Heatsinks","floor":25.0},{"not_picked":["Capacitor","Auto Shields"],"picked":"Self Repair","floor":28.0},{"not_picked":["Chill","Axe Kick"],"picked":"Reprogram","floor":29.0},{"not_picked":["Chill","Axe Kick"],"picked":"All For One","floor":31.0},{"not_picked":["Nova","Amplify"],"picked":"Echo Form","floor":33.0},{"not_picked":["Scrape","FTL"],"picked":"Streamline","floor":35.0},{"not_picked":["Ball Lightning","Blizzard"],"picked":"Skim","floor":39.0},{"not_picked":["Conserve Battery","Melter"],"picked":"Impulse","floor":41.0},{"not_picked":["Barrage","Steam"],"picked":"White Noise","floor":44.0},{"not_picked":["FTL","Cold Snap"],"picked":"Hologram","floor":47.0},{"not_picked":["Streamline","Chaos"],"picked":"Echo Form","floor":48.0}],"player_experience":977925,"potions_floor_usage":[],"damage_taken":[{"damage":10.0,"enemies":"Small Slimes","floor":1.0,"turns":3.0},{"damage":0.0,"enemies":"Cultist","floor":2.0,"turns":3.0},{"damage":3.0,"enemies":"2 Louse","floor":3.0,"turns":3.0},{"damage":36.0,"enemies":"Gremlin Nob","floor":6.0,"turns":5.0},{"damage":18.0,"enemies":"3 Sentries","floor":8.0,"turns":5.0},{"damage":16.0,"enemies":"Lots of Slimes","floor":10.0,"turns":3.0},{"damage":6.0,"enemies":"Looter","floor":11.0,"turns":3.0},{"damage":3.0,"enemies":"Blue Slaver","floor":14.0,"turns":3.0},{"damage":2.0,"enemies":"The Guardian","floor":16.0,"turns":13.0},{"damage":12.0,"enemies":"2 Thieves","floor":18.0,"turns":3.0},{"damage":9.0,"enemies":"Spheric Guardian","floor":20.0,"turns":4.0},{"damage":43.0,"enemies":"Gremlin Leader","floor":24.0,"turns":7.0},{"damage":0.0,"enemies":"Chosen and Byrds","floor":28.0,"turns":4.0},{"damage":0.0,"enemies":"Book of Stabbing","floor":29.0,"turns":6.0},{"damage":17.0,"enemies":"Slaver and Parasite","floor":31.0,"turns":3.0},{"damage":32.0,"enemies":"Champ","floor":33.0,"turns":10.0},{"damage":3.0,"enemies":"3 Darklings","floor":35.0,"turns":4.0},{"damage":0.0,"enemies":"3 Shapes","floor":36.0,"turns":4.0},{"damage":0.0,"enemies":"Maw","floor":38.0,"turns":5.0},{"damage":29.0,"enemies":"Sphere and 2 Shapes","floor":39.0,"turns":4.0},{"damage":0.0,"enemies":"Giant Head","floor":41.0,"turns":5.0},{"damage":0.0,"enemies":"Mysterious Sphere","floor":44.0,"turns":3.0},{"damage":46.0,"enemies":"Nemesis","floor":47.0,"turns":5.0},{"damage":12.0,"enemies":"4 Shapes","floor":48.0,"turns":3.0},{"damage":59,"enemies":"Awakened One","floor":50,"turns":13}],"event_choices":[{"event_name":"The Woman in Blue","player_choice":"Bought 2 Potions","floor":4.0,"damage_taken":0.0},{"event_name":"Accursed Blacksmith","player_choice":"Rummage","floor":5.0,"damage_taken":0.0},{"event_name":"The Cleric","player_choice":"Healed","floor":12.0,"damage_taken":0.0},{"event_name":"Drug Dealer","player_choice":"Ignored","floor":19.0,"damage_taken":0.0},{"event_name":"Masked Bandits","player_choice":"Paid Bandits 32 gold","floor":22.0,"damage_taken":0.0},{"event_name":"The Mausoleum","player_choice":"Yes","floor":27.0,"damage_taken":0.0},{"event_name":"SensoryStone","player_choice":"Memory 1","floor":42.0,"damage_taken":0.0},{"event_name":"Mysterious Sphere","player_choice":"Fight","floor":44.0,"damage_taken":0.0},{"event_name":"Bonfire Elementals","player_choice":"BASIC","floor":45.0,"damage_taken":0.0}],"boss_relics":[],"potions_floor_spawned":[1,6,8,14,16,18,39,44,47,48],"seed_played":"-8383945442676303231","ascension_level":12,"is_trial":false}