{"path_per_floor":["M","M","?","$","M","E","R","M","T","M","E","R","E","?","R","B",null,"M","M","$","M","?","R","?","R","T","R","M","$","R","M","R","B",null,"M","$","M","?"],"character_chosen":"DEFECT","items_purchased":["Streamline","Go for the Eyes","Melter","Fission"],"gold_per_floor":[116,127,127,32,49,80,80,90,90,104,134,134,163,143,143,221,221,239,255,183,199,199,199,199,199,199,199,214,68,68,81,81,160,160,174,74,88,88,88],"floor_reached":39,"campfire_rested":3,"playtime":1275,"item_purchase_floors":[],"current_hp_per_floor":[63,63,63,63,56,35,35,35,35,35,24,45,36,36,57,46,65,63,57,57,28,28,49,63,63,73,73,72,72,72,72,72,38,70,41,41,19,35,0],"items_purged":["Strike_B","Defend_B"],"gold":88,"score":698,"play_id":"61f1b957-cc5d-435c-8fda-af6eeaabe19a","local_time":"20180519230144","is_prod":false,"is_daily":false,"chose_seed":false,"is_ascension_mode":true,"campfire_upgraded":5,"timestamp":1526742104,"campfire_choices":[{"data":"Defragment","floor":7.0,"key":"SMITH"},{"floor":12.0,"key":"REST"},{"floor":15.0,"key":"REST"},{"floor":23.0,"key":"REST"},{"data":"Echo Form","floor":25.0,"key":"SMITH"},{"data":"Doom and Gloom","floor":27.0,"key":"SMITH"},{"data":"Fission","floor":30.0,"key":"SMITH"},{"data":"Capacitor","floor":32.0,"key":"SMITH"}],"path_taken":["M","M","?","$","M","E","R","M","T","M","E","R","E","?","R","BOSS","M","M","$","M","?","R","?","R","T","R","?","$","R","M","R","BOSS","M","$","M","?","?"],"build_version":"2018-05-18","seed_source_timestamp":814991944802836,"purchased_purges":2,"victory":false,"master_deck":["Defend_B","Defend_B","Zap","Dualcast","AscendersBane","Sweeping Beam","Doom and Gloom+1","Streamline","Go for the Eyes","Cold Snap","Defragment+1","Auto Shields","BootSequence","Leap","Cold Snap","Echo Form+1","Darkness+1","Sunder+1","Melter","Capacitor+1","Fission+1","Glacier","Fission+1","Loop+1","Scrape+1","Undo","Writhe"],"max_hp_per_floor":[71,71,71,71,71,71,71,71,71,71,71,71,71,71,71,71,71,71,71,71,71,71,71,71,71,81,81,81,81,81,81,81,81,81,81,81,81,81,81],"relics":["Cracked Core","Kunai","Gambling Chip","Torii","Dream Catcher","Lizard Tail","Pear","Astrolabe"],"card_choices":[{"not_picked":["Capacitor","Barrage"],"picked":"Sweeping Beam","floor":1.0},{"not_picked":["Hello World","Auto Shields"],"picked":"Doom and Gloom","floor":2.0},{"not_picked":["Hologram","Skim"],"picked":"Cold Snap","floor":5.0},{"not_picked":["Blizzard","Doom and Gloom"],"picked":"Defragment","floor":6.0},{"not_picked":["Genetic Algorithm","Axe Kick"],"picked":"Auto Shields","floor":8.0},{"not_picked":["Hologram","Capacitor"],"picked":"BootSequence","floor":10.0},{"not_picked":["Sweeping Beam","Go for the Eyes"],"picked":"Leap","floor":11.0},{"not_picked":["Recycle","Turbo"],"picked":"Cold Snap","floor":13.0},{"not_picked":["Electrodynamics","Biased Cognition"],"picked":"Echo Form","floor":16.0},{"not_picked":["Chill","Stack+1"],"picked":"Darkness+1","floor":18.0},{"not_picked":["Coolheaded","Barrage","Sunder+1"],"picked":"SKIP","floor":19.0},{"not_picked":["Coolheaded","Barrage"],"picked":"Sunder+1","floor":19.0},{"not_picked":["Storm","Skim","Rebound+1"],"picked":"SKIP","floor":21.0},{"not_picked":["Sweeping Beam","Rebound"],"picked":"Capacitor","floor":28.0},{"not_picked":["Streamline+1","Turbo"],"picked":"Glacier","floor":31.0},{"not_picked":["Streamline+1","Beam Cell","Skim+1"],"picked":"SKIP","floor":35},{"not_picked":["Sunder","Rip and Tear+1"],"picked":"Undo","floor":37}],"player_experience":1024382,"potions_floor_usage":[35],"damage_taken":[{"damage":1.0,"enemies":"2 Louse","floor":1.0,"turns":2.0},{"damage":0.0,"enemies":"Cultist","floor":2.0,"turns":4.0},{"damage":7.0,"enemies":"Jaw Worm","floor":5.0,"turns":4.0},{"damage":21.0,"enemies":"3 Sentries","floor":6.0,"turns":4.0},{"damage":0.0,"enemies":"3 Louse","floor":8.0,"turns":3.0},{"damage":0.0,"enemies":"Lots of Slimes","floor":10.0,"turns":1.0},{"damage":11.0,"enemies":"Lagavulin","floor":11.0,"turns":7.0},{"damage":9.0,"enemies":"Gremlin Nob","floor":13.0,"turns":3.0},{"damage":11.0,"enemies":"The Guardian","floor":16.0,"turns":12.0},{"damage":2.0,"enemies":"Shell Parasite","floor":18.0,"turns":7.0},{"damage":6.0,"enemies":"3 Byrds","floor":19.0,"turns":3.0},{"damage":29.0,"enemies":"3 Cultists","floor":21.0,"turns":6.0},{"damage":1.0,"enemies":"Snecko","floor":28.0,"turns":5.0},{"damage":0.0,"enemies":"Sentry and Sphere","floor":31.0,"turns":3.0},{"damage":34.0,"enemies":"Collector","floor":33.0,"turns":16.0},{"damage":29,"enemies":"3 Darklings","floor":35,"turns":9},{"damage":22,"enemies":"Orb Walker","floor":37,"turns":5},{"damage":51,"enemies":"Spire Growth","floor":39,"turns":5}],"relics_obtained":[{"floor":6.0,"key":"Kunai"},{"floor":9.0,"key":"Gambling Chip"},{"floor":11.0,"key":"Torii"},{"floor":13.0,"key":"Dream Catcher"},{"floor":26.0,"key":"Pear"}],"event_choices":[{"event_name":"Purifier","player_choice":"One Purge","floor":3.0,"damage_taken":0.0},{"event_name":"The Woman in Blue","player_choice":"Bought 1 Potion","floor":14.0,"damage_taken":0.0},{"event_name":"The Mausoleum","player_choice":"No","floor":22.0,"damage_taken":0.0},{"event_name":"The Library","player_choice":"Heal","floor":24.0,"damage_taken":0.0},{"event_name":"Winding Halls","player_choice":"Writhe","floor":38,"damage_taken":0}],"boss_relics":[],"items_purged_floors":[],"potions_floor_spawned":[2,8,11,13,21,31,35,37],"seed_played":"-6771002446809125751","killed_by":"Spire Growth","ascension_level":15,"potions_obtained":[{"floor":2.0,"key":"Energy Potion"},{"floor":8.0,"key":"SpeedPotion"},{"floor":11.0,"key":"LiquidBronze"},{"floor":13.0,"key":"EssenceOfSteel"},{"floor":21.0,"key":"Strength Potion"},{"floor":31.0,"key":"AttackPotion"},{"floor":35,"key":"Explosive Potion"},{"floor":37,"key":"Explosive Potion"}],"is_trial":false}