{"gold_per_floor":[109,109,109,109,127,127,153,165,192,227,241,259,279,279,279,374,374,390,433,452,177,190,229,252,252,320,333,28,69,82,82,82,178,178,196,418,418],"floor_reached":37,"playtime":1509,"items_purged":[],"score":781,"play_id":"50cf0cc6-c099-4de9-9cc6-34da929ec752","local_time":"20190418005416","is_ascension_mode":true,"campfire_choices":[{"data":"Hemokinesis","floor":6.0,"key":"SMITH"},{"floor":15.0,"key":"REST"},{"floor":25.0,"key":"REST"},{"floor":32.0,"key":"REST"}],"neow_cost":"NONE","seed_source_timestamp":856490296746173,"circlet_count":0,"master_deck":["AscendersBane","Strike_R","Strike_R","Defend_R+1","Defend_R","Defend_R","Defend_R+1","Bash","Inflame+1","Hemokinesis+1","Flex","Impervious","Infernal Blade","Battle Trance","Intimidate","Feed","Rupture","Corruption+1","True Grit","Inflame","Pummel","Armaments","Sword Boomerang","Dual Wield","Wild Strike+1","Bloodletting","Disarm","Limit Break","Rage"],"special_seed":0,"relics":["Burning Blood","NeowsBlessing","Smiling Mask","Bag of Preparation","Ice Cream","Golden Idol","Mark of Pain","Red Mask","OrangePellets","Regal Pillow","Membership Card","Potion Belt","War Paint","Velvet Choker"],"potions_floor_usage":[],"damage_taken":[{"damage":0.0,"enemies":"Small Slimes","floor":1.0,"turns":1.0},{"damage":0.0,"enemies":"Jaw Worm","floor":5.0,"turns":1.0},{"damage":0.0,"enemies":"3 Sentries","floor":7.0,"turns":2.0},{"damage":6.0,"enemies":"2 Louse","floor":8.0,"turns":3.0},{"damage":21.0,"enemies":"Lagavulin","floor":10.0,"turns":5.0},{"damage":20.0,"enemies":"Exordium Thugs","floor":11.0,"turns":5.0},{"damage":24.0,"enemies":"Gremlin Gang","floor":12.0,"turns":4.0},{"damage":9.0,"enemies":"Large Slime","floor":13.0,"turns":3.0},{"damage":37.0,"enemies":"Slime Boss","floor":16.0,"turns":10.0},{"damage":13.0,"enemies":"Spheric Guardian","floor":18.0,"turns":3.0},{"damage":24.0,"enemies":"Masked Bandits","floor":19.0,"turns":5.0},{"damage":9.0,"enemies":"2 Thieves","floor":20.0,"turns":4.0},{"damage":7.0,"enemies":"Snecko","floor":22.0,"turns":3.0},{"damage":17.0,"enemies":"Gremlin Leader","floor":23.0,"turns":7.0},{"damage":17.0,"enemies":"Snake Plant","floor":24.0,"turns":6.0},{"damage":2.0,"enemies":"Sentry and Sphere","floor":27.0,"turns":4.0},{"damage":19.0,"enemies":"Slavers","floor":29.0,"turns":7.0},{"damage":15.0,"enemies":"Snecko","floor":30.0,"turns":4.0},{"damage":71.0,"enemies":"Automaton","floor":33.0,"turns":8.0},{"damage":44.0,"enemies":"3 Darklings","floor":35.0,"turns":9.0},{"damage":31,"enemies":"3 Shapes","floor":37,"turns":12}],"seed_played":"-2870828234940530260","potions_obtained":[{"floor":1.0,"key":"Poison Potion"},{"floor":8.0,"key":"Ancient Potion"},{"floor":11.0,"key":"Weak Potion"},{"floor":13.0,"key":"Swift Potion"},{"floor":19.0,"key":"Swift Potion"},{"floor":22.0,"key":"Dexterity Potion"},{"floor":24.0,"key":"SkillPotion"},{"floor":29.0,"key":"PowerPotion"},{"floor":30.0,"key":"PowerPotion"}],"is_trial":false,"path_per_floor":["M","?","?","?","M","R","E","M","T","E","M","M","M","?","R","B",null,"M","?","M","$","M","E","M","R","T","M","$","E","M","?","R","B",null,"M","?","M"],"character_chosen":"IRONCLAD","items_purchased":["OrangePellets","Inflame","Membership Card","Strength Potion","Potion Belt"],"campfire_rested":3,"item_purchase_floors":[21,21,28,28,28],"current_hp_per_floor":[74,74,79,72,78,78,80,80,80,65,51,33,30,30,51,20,59,52,37,34,34,33,22,14,52,52,56,56,43,34,34,72,7,60,22,22,0],"gold":418,"neow_bonus":"THREE_ENEMY_KILL","is_prod":false,"is_daily":false,"chose_seed":false,"campfire_upgraded":1,"win_rate":0,"timestamp":1555563256,"path_taken":["M","?","?","?","M","R","E","?","T","E","M","?","M","?","R","BOSS","M","?","M","$","M","E","M","R","T","M","$","E","M","?","R","BOSS","M","?","M"],"build_version":"2019-04-04","purchased_purges":0,"victory":false,"max_hp_per_floor":[75,75,80,80,80,80,80,80,80,80,80,80,80,72,72,72,72,72,75,75,75,75,75,78,78,78,78,78,78,78,78,78,78,78,78,78,78],"card_choices":[{"not_picked":["Wild Strike","Sword Boomerang"],"picked":"Inflame","floor":1.0},{"not_picked":["Ghostly Armor","Intimidate"],"picked":"Hemokinesis","floor":5.0},{"not_picked":["Intimidate","Metallicize"],"picked":"Flex","floor":7.0},{"not_picked":["Shrug It Off","Second Wind"],"picked":"Impervious","floor":8.0},{"not_picked":["Warcry","Hemokinesis","Seeing Red"],"picked":"SKIP","floor":10.0},{"not_picked":["Intimidate","Sever Soul"],"picked":"Infernal Blade","floor":11.0},{"not_picked":["Searing Blow","Combust"],"picked":"Battle Trance","floor":12.0},{"not_picked":["Perfected Strike","Burning Pact"],"picked":"Intimidate","floor":13.0},{"not_picked":["Impervious","Reaper"],"picked":"Feed","floor":16.0},{"not_picked":["Thunderclap","Blood for Blood"],"picked":"Rupture","floor":18.0},{"not_picked":["Clothesline+1","Infernal Blade"],"picked":"Corruption+1","floor":19.0},{"not_picked":["Searing Blow","Cleave"],"picked":"True Grit","floor":20.0},{"not_picked":["Headbutt+1","Rage"],"picked":"Pummel","floor":22.0},{"not_picked":["Metallicize","Pommel Strike"],"picked":"Armaments","floor":23.0},{"not_picked":["Body Slam","Clothesline"],"picked":"Sword Boomerang","floor":24.0},{"not_picked":["Perfected Strike","True Grit"],"picked":"Dual Wield","floor":27.0},{"not_picked":["Carnage","Dual Wield","Cleave"],"picked":"SKIP","floor":29.0},{"not_picked":["Twin Strike","Iron Wave"],"picked":"Wild Strike+1","floor":30.0},{"not_picked":["Barricade","Exhume"],"picked":"Limit Break","floor":33.0},{"not_picked":["Heavy Blade","Clash"],"picked":"Rage","floor":35.0}],"player_experience":964942,"relics_obtained":[{"floor":7.0,"key":"Smiling Mask"},{"floor":9.0,"key":"Bag of Preparation"},{"floor":10.0,"key":"Ice Cream"},{"floor":19.0,"key":"Red Mask"},{"floor":23.0,"key":"Regal Pillow"},{"floor":29.0,"key":"War Paint"}],"event_choices":[{"damage_healed":0.0,"max_hp_gain":0.0,"max_hp_loss":0.0,"gold_gain":0.0,"event_name":"Living Wall","player_choice":"Grow","floor":2.0,"gold_loss":0.0,"damage_taken":0.0,"cards_upgraded":["Inflame"]},{"damage_healed":0.0,"max_hp_gain":5.0,"max_hp_loss":0.0,"gold_gain":0.0,"event_name":"Big Fish","player_choice":"Donut","floor":3.0,"gold_loss":0.0,"damage_taken":0.0},{"cards_removed":["Strike_R"],"damage_healed":0.0,"max_hp_gain":0.0,"max_hp_loss":0.0,"gold_gain":0.0,"event_name":"Golden Wing","player_choice":"Card Removal","floor":4.0,"gold_loss":0.0,"damage_taken":7.0},{"damage_healed":0.0,"max_hp_gain":0.0,"max_hp_loss":8.0,"gold_gain":0.0,"event_name":"Golden Idol","player_choice":"Lose Max HP","floor":14.0,"gold_loss":0.0,"damage_taken":0.0,"relics_obtained":["Golden Idol"]},{"damage_healed":0.0,"max_hp_gain":0.0,"max_hp_loss":0.0,"gold_gain":0.0,"event_name":"Masked Bandits","player_choice":"Fought Bandits","floor":19.0,"gold_loss":0.0,"damage_taken":0.0},{"damage_healed":0.0,"max_hp_gain":0.0,"max_hp_loss":0.0,"gold_gain":0.0,"cards_transformed":["Strike_R","Strike_R"],"event_name":"Drug Dealer","player_choice":"Became Test Subject","floor":31.0,"gold_loss":0.0,"damage_taken":0.0,"cards_obtained":["Bloodletting","Disarm"]},{"damage_healed":0.0,"max_hp_gain":0.0,"max_hp_loss":0.0,"gold_gain":222.0,"event_name":"Tomb of Lord Red Mask","player_choice":"Wore Mask","floor":36.0,"gold_loss":0.0,"damage_taken":0.0}],"is_beta":true,"boss_relics":[{"not_picked":["Black Star","Lizard Tail"],"picked":"Mark of Pain"},{"not_picked":["Philosopher\u0027s Stone","Fusion Hammer"],"picked":"Velvet Choker"}],"items_purged_floors":[],"is_endless":false,"potions_floor_spawned":[1,8,11,13,19,22,24,29,30],"killed_by":"3 Shapes","ascension_level":15}