{"gold_per_floor":[17,27,27,27,40,40,57,57,57,57,57,91,103,126,126,126],"floor_reached":16,"playtime":384,"items_purged":[],"score":100,"play_id":"3ec4140e-994d-417c-afb1-67065e1184b6","local_time":"20190421115115","is_ascension_mode":false,"campfire_choices":[{"data":"Armaments","floor":6,"key":"SMITH"},{"floor":8,"key":"REST"},{"data":"Defend_R","floor":10,"key":"PURGE"},{"floor":15,"key":"REST"}],"neow_cost":"NO_GOLD","seed_source_timestamp":153546282135858,"circlet_count":0,"master_deck":["Strike_R","Strike_R","Strike_R","Strike_R+1","Strike_R","Defend_R","Defend_R+1","Defend_R","Bash","Thunderclap","Armaments+1","Cleave","Evolve","Rampage"],"relics":["Burning Blood","Du-Vu Doll","Peace Pipe","Bird Faced Urn","Centennial Puzzle"],"potions_floor_usage":[12,16,16,16,16],"damage_taken":[{"damage":8,"enemies":"Small Slimes","floor":1,"turns":3},{"damage":6,"enemies":"Cultist","floor":2,"turns":3},{"damage":15,"enemies":"Jaw Worm","floor":5,"turns":5},{"damage":25,"enemies":"Exordium Wildlife","floor":7,"turns":4},{"damage":31,"enemies":"Lagavulin","floor":12,"turns":4},{"damage":0,"enemies":"2 Fungi Beasts","floor":13,"turns":3},{"damage":58,"enemies":"The Guardian","floor":16,"turns":8}],"seed_played":"1917907997462865744","potions_obtained":[{"floor":7,"key":"Energy Potion"},{"floor":12,"key":"AttackPotion"},{"floor":13,"key":"EntropicBrew"}],"is_trial":false,"path_per_floor":["M","M","$","?","M","R","M","R","T","R","?","E","M","T","R","B"],"character_chosen":"IRONCLAD","items_purchased":[],"campfire_rested":2,"item_purchase_floors":[],"current_hp_per_floor":[78,78,78,70,61,61,42,66,66,66,50,25,31,31,55,7],"gold":126,"neow_bonus":"ONE_RARE_RELIC","is_prod":false,"is_daily":false,"chose_seed":false,"campfire_upgraded":1,"win_rate":0,"timestamp":1555861875,"path_taken":["M","M","$","?","M","R","?","R","T","R","?","E","M","?","R","BOSS"],"build_version":"2019-01-23","purchased_purges":0,"victory":false,"max_hp_per_floor":[80,80,80,80,80,80,80,80,80,80,80,80,80,80,80,80],"card_choices":[{"not_picked":["Dropkick","Havoc"],"picked":"Thunderclap","floor":1},{"not_picked":["Clash","Wild Strike"],"picked":"Armaments","floor":2},{"not_picked":["Sword Boomerang","Anger"],"picked":"Cleave","floor":5},{"not_picked":["Warcry","Feel No Pain"],"picked":"Evolve","floor":7},{"not_picked":["Twin Strike","Disarm"],"picked":"Rampage","floor":12},{"not_picked":["Sword Boomerang","Sentinel","Burning Pact"],"picked":"SKIP","floor":13}],"player_experience":184482,"relics_obtained":[{"floor":9,"key":"Peace Pipe"},{"floor":12,"key":"Bird Faced Urn"},{"floor":14,"key":"Centennial Puzzle"}],"event_choices":[{"damage_healed":0,"gold_gain":0,"player_choice":"Damaged","damage_taken":8,"max_hp_gain":0,"max_hp_loss":0,"event_name":"Wheel of Change","floor":4,"gold_loss":0},{"damage_healed":0,"gold_gain":0,"player_choice":"Entered Light","damage_taken":16,"max_hp_gain":0,"max_hp_loss":0,"event_name":"Shining Light","floor":11,"gold_loss":0,"cards_upgraded":["Defend_R","Strike_R"]}],"is_beta":false,"boss_relics":[],"items_purged_floors":[],"is_endless":false,"potions_floor_spawned":[7,12,13],"killed_by":"The Guardian","ascension_level":0}