{"gold_per_floor":[113,388,15,28,28,55,55,113,113,125,135,154,179,179,179,252,252,235,246,38,48,63,63,63,63,63,91,106,119,145,161,161,238,238,254,254,268,268,285,317,17,45,72,85,120,135,135,153,153,153,153,153,3,28,28],"floor_reached":56,"playtime":4060,"items_purged":["Regret","Strike_G","Strike_G"],"score":2191,"play_id":"166a2821-17da-4485-97d5-24ae3b4d18cf","local_time":"20190329201018","is_ascension_mode":true,"campfire_choices":[{"data":"Footwork","floor":7.0,"key":"SMITH"},{"data":"Noxious Fumes","floor":15.0,"key":"SMITH"},{"data":"After Image","floor":23.0,"key":"SMITH"},{"floor":25.0,"key":"REST"},{"data":"Footwork","floor":32.0,"key":"SMITH"},{"floor":47.0,"key":"REST"},{"floor":49.0,"key":"RECALL"},{"data":"After Image","floor":52.0,"key":"SMITH"}],"neow_cost":"NONE","seed_source_timestamp":3023139637062296,"circlet_count":0,"master_deck":["AscendersBane","Defend_G","Defend_G","Defend_G","Defend_G","Defend_G","Strike_G","Strike_G","Survivor","Neutralize","Poisoned Stab","Dodge and Roll","Footwork+1","Quick Slash","Blur","Noxious Fumes+1","Dodge and Roll","Crippling Poison","Terror+1","Acrobatics+1","After Image+1","Prepared+1","Blur+1","Footwork+1","Escape Plan+1","Blur+1","Finisher","Blade Dance+1","Well Laid Plans+1","Crippling Poison+1","Footwork","After Image+1","Blade Dance+1","Poisoned Stab","Blade Dance+1","Acrobatics+1","Doubt","Cloak And Dagger+1","Backflip+1","Malaise+1","Blur+1","PiercingWail+1"],"special_seed":0,"relics":["Ring of the Snake","NeowsBlessing","Shuriken","Mummified Hand","Nunchaku","Orichalcum","Toxic Egg 2","Cursed Key","Bronze Scales","Dodecahedron","Lizard Tail","Question Card","Bottled Tornado","Pen Nib","Ninja Scroll","Blood Vial"],"potions_floor_usage":[55],"damage_taken":[{"damage":0.0,"enemies":"Jaw Worm","floor":1.0,"turns":1.0},{"damage":0.0,"enemies":"Cultist","floor":4.0,"turns":1.0},{"damage":0.0,"enemies":"3 Sentries","floor":6.0,"turns":1.0},{"damage":26.0,"enemies":"3 Sentries","floor":8.0,"turns":12.0},{"damage":0.0,"enemies":"Small Slimes","floor":10.0,"turns":3.0},{"damage":2.0,"enemies":"Looter","floor":11.0,"turns":4.0},{"damage":0.0,"enemies":"Gremlin Gang","floor":12.0,"turns":8.0},{"damage":3.0,"enemies":"Lagavulin","floor":13.0,"turns":8.0},{"damage":14.0,"enemies":"Hexaghost","floor":16.0,"turns":12.0},{"damage":5.0,"enemies":"2 Thieves","floor":18.0,"turns":4.0},{"damage":1.0,"enemies":"Spheric Guardian","floor":19.0,"turns":6.0},{"damage":8.0,"enemies":"Centurion and Healer","floor":21.0,"turns":11.0},{"damage":0.0,"enemies":"3 Cultists","floor":22.0,"turns":8.0},{"damage":7.0,"enemies":"Slavers","floor":27.0,"turns":8.0},{"damage":0.0,"enemies":"Snake Plant","floor":28.0,"turns":5.0},{"damage":0.0,"enemies":"Snecko","floor":29.0,"turns":7.0},{"damage":0.0,"enemies":"Gremlin Leader","floor":30.0,"turns":7.0},{"damage":0.0,"enemies":"Shelled Parasite and Fungi","floor":31.0,"turns":5.0},{"damage":13.0,"enemies":"Collector","floor":33.0,"turns":8.0},{"damage":8.0,"enemies":"3 Darklings","floor":35.0,"turns":7.0},{"damage":0.0,"enemies":"Orb Walker","floor":37.0,"turns":5.0},{"damage":18.0,"enemies":"3 Darklings","floor":39.0,"turns":8.0},{"damage":0.0,"enemies":"Nemesis","floor":40.0,"turns":7.0},{"damage":10.0,"enemies":"Reptomancer","floor":42.0,"turns":7.0},{"damage":4.0,"enemies":"Spire Growth","floor":44.0,"turns":6.0},{"damage":0.0,"enemies":"Giant Head","floor":45.0,"turns":9.0},{"damage":1.0,"enemies":"Writhing Mass","floor":46.0,"turns":8.0},{"damage":8.0,"enemies":"Transient","floor":48.0,"turns":5.0},{"damage":8.0,"enemies":"Donu and Deca","floor":50.0,"turns":9.0},{"damage":17.0,"enemies":"Shield and Spear","floor":54.0,"turns":8.0},{"damage":27,"enemies":"The Heart","floor":55,"turns":11}],"seed_played":"-4883336619280428511","potions_obtained":[{"floor":8.0,"key":"Weak Potion"},{"floor":11.0,"key":"Regen Potion"},{"floor":13.0,"key":"PowerPotion"},{"floor":27.0,"key":"Energy Potion"},{"floor":30.0,"key":"SpeedPotion"},{"floor":33.0,"key":"Ancient Potion"},{"floor":39.0,"key":"AttackPotion"},{"floor":44.0,"key":"Energy Potion"},{"floor":48.0,"key":"Block Potion"}],"is_trial":false,"path_per_floor":["M","?","$","M","$","E","R","?","T","M","M","M","E","?","R","B",null,"M","M","$","M","M","R","?","R","T","E","M","M","E","M","R","B",null,"M","?","M","?","M","E","$","E","T","M","E","M","R","M","R","B",null,"R","$","E","B",null],"character_chosen":"THE_SILENT","items_purchased":["Shuriken","Dodge and Roll","Footwork","Escape Plan+1","Bottled Tornado","Blade Dance+1","PiercingWail+1"],"campfire_rested":2,"item_purchase_floors":[3,3,20,20,41,41,53],"current_hp_per_floor":[59,59,59,59,59,59,59,33,33,33,31,31,28,28,28,14,53,48,47,47,39,39,39,39,58,58,51,51,51,51,51,51,38,59,51,51,51,47,29,29,29,19,19,15,15,14,33,25,25,17,54,54,54,37,12],"gold":28,"neow_bonus":"THREE_ENEMY_KILL","is_prod":false,"is_daily":false,"chose_seed":false,"campfire_upgraded":5,"win_rate":0,"timestamp":1553904618,"path_taken":["M","?","?","?","$","E","R","?","T","M","M","M","E","?","R","BOSS","M","?","$","M","M","R","?","R","T","E","?","M","E","M","R","BOSS","M","?","M","?","?","E","?","E","T","M","E","M","R","M","R","BOSS","R","$","E","BOSS"],"build_version":"2019-03-15","purchased_purges":3,"victory":true,"max_hp_per_floor":[66,66,66,66,66,66,66,66,66,66,66,66,66,66,66,66,66,66,66,66,66,66,66,66,66,66,66,66,66,66,66,66,66,66,66,66,66,66,66,66,66,66,66,66,66,66,66,66,66,66,66,66,66,66,66],"card_choices":[{"not_picked":["Acrobatics","Flying Knee"],"picked":"Poisoned Stab","floor":1.0},{"not_picked":["Dagger Spray","Bouncing Flask"],"picked":"Footwork","floor":4.0},{"not_picked":["All Out Attack","Heel Hook"],"picked":"Quick Slash","floor":6.0},{"not_picked":["Underhanded Strike","Acrobatics"],"picked":"Blur","floor":8.0},{"not_picked":["Eviscerate","Acrobatics"],"picked":"Noxious Fumes","floor":10.0},{"not_picked":["Skewer","Finisher"],"picked":"Dodge and Roll","floor":11.0},{"not_picked":["Cloak And Dagger","Die Die Die"],"picked":"Crippling Poison","floor":12.0},{"not_picked":["Bane","Deflect"],"picked":"Terror","floor":13.0},{"not_picked":["Phantasmal Killer+1","Grand Finale"],"picked":"After Image","floor":16.0},{"not_picked":["Outmaneuver+1","Slice"],"picked":"Prepared+1","floor":18.0},{"not_picked":["Reflex+1","Calculated Gamble+1"],"picked":"Blur+1","floor":19.0},{"not_picked":["Reflex+1","Eviscerate"],"picked":"Blur+1","floor":21.0},{"not_picked":["Reflex+1","Deadly Poison+1"],"picked":"Finisher","floor":22.0},{"not_picked":["Quick Slash","Distraction+1"],"picked":"Blade Dance+1","floor":27.0},{"not_picked":["Deflect+1","Envenom"],"picked":"Well Laid Plans+1","floor":28.0},{"not_picked":["Acrobatics+1","Distraction+1","Bane"],"picked":"SKIP","floor":29.0},{"not_picked":["Underhanded Strike","Dagger Spray"],"picked":"Crippling Poison+1","floor":30.0},{"not_picked":["Underhanded Strike","Deadly Poison+1"],"picked":"Footwork","floor":31.0},{"not_picked":["Grand Finale","Doppelganger+1"],"picked":"After Image","floor":33.0},{"not_picked":["Quick Slash","Deadly Poison+1"],"picked":"Blade Dance+1","floor":35.0},{"not_picked":["Crippling Poison+1","Well Laid Plans","Underhanded Strike"],"picked":"SKIP","floor":37.0},{"not_picked":["Deadly Poison+1","Accuracy"],"picked":"Poisoned Stab","floor":39.0},{"not_picked":["Flying Knee","Reflex+1","All Out Attack"],"picked":"SKIP","floor":40.0},{"not_picked":["Deflect+1","Infinite Blades","Sucker Punch"],"picked":"Acrobatics+1","floor":42.0},{"not_picked":["Choke","Acrobatics+1","Dodge and Roll+1"],"picked":"Cloak And Dagger+1","floor":44.0},{"not_picked":["Backstab","Underhanded Strike","Slice"],"picked":"Backflip+1","floor":45.0},{"not_picked":["Prepared+1","Cloak And Dagger+1","Dagger Spray"],"picked":"Malaise+1","floor":46.0},{"not_picked":["Accuracy","Terror+1","Expertise+1"],"picked":"Blur+1","floor":48.0},{"not_picked":["Outmaneuver+1","Distraction+1","Concentrate+1","Underhanded Strike+1"],"picked":"SKIP","floor":54.0}],"player_experience":865549,"relics_obtained":[{"floor":6.0,"key":"Mummified Hand"},{"floor":9.0,"key":"Orichalcum"},{"floor":13.0,"key":"Toxic Egg 2"},{"floor":27.0,"key":"Bronze Scales"},{"floor":30.0,"key":"Dodecahedron"},{"floor":40.0,"key":"Question Card"},{"floor":42.0,"key":"Pen Nib"},{"floor":45.0,"key":"Ninja Scroll"},{"floor":54.0,"key":"Blood Vial"}],"event_choices":[{"damage_healed":0.0,"max_hp_gain":0.0,"max_hp_loss":0.0,"gold_gain":275.0,"event_name":"Golden Shrine","player_choice":"Desecrate","floor":2.0,"gold_loss":0.0,"damage_taken":0.0,"cards_obtained":["Regret"]},{"damage_healed":0.0,"max_hp_gain":0.0,"max_hp_loss":0.0,"gold_gain":0.0,"event_name":"Dead Adventurer","player_choice":"Searched \u00272\u0027 times","floor":8.0,"gold_loss":0.0,"damage_taken":0.0,"relics_obtained":["Nunchaku"]},{"damage_healed":0.0,"max_hp_gain":0.0,"max_hp_loss":0.0,"gold_gain":0.0,"event_name":"Match and Keep!","player_choice":"1 cards matched","floor":14.0,"gold_loss":0.0,"damage_taken":0.0,"cards_obtained":["Acrobatics"]},{"cards_removed":["Strike_G"],"damage_healed":0.0,"max_hp_gain":0.0,"max_hp_loss":0.0,"gold_gain":0.0,"event_name":"Purifier","player_choice":"Purged","floor":24.0,"gold_loss":0.0,"damage_taken":0.0},{"damage_healed":0.0,"max_hp_gain":0.0,"max_hp_loss":0.0,"gold_gain":0.0,"event_name":"SensoryStone","player_choice":"Memory 1","floor":36.0,"gold_loss":0.0,"damage_taken":0.0},{"damage_healed":0.0,"max_hp_gain":0.0,"max_hp_loss":0.0,"gold_gain":0.0,"event_name":"The Woman in Blue","player_choice":"Bought 0 Potions","floor":38.0,"gold_loss":0.0,"damage_taken":0.0}],"is_beta":true,"boss_relics":[{"not_picked":["White Beast Statue","Orrery"],"picked":"Cursed Key"},{"not_picked":["Runic Dome","HoveringKite"],"picked":"Lizard Tail"}],"items_purged_floors":[3,20,53],"is_endless":false,"potions_floor_spawned":[8,11,13,18,19,27,30,33,37,39,44,45,48],"ascension_level":15}