{"gold_per_floor":[112,34,50,69,89,89,115,115,188,188,206,206,267,281,281,281],"floor_reached":16,"playtime":435,"items_purged":[],"score":99,"play_id":"ad0b017c-9b01-458c-af05-cc2bd53d2221","local_time":"20190421125732","is_ascension_mode":true,"campfire_choices":[{"floor":6,"key":"REST"},{"floor":8,"key":"REST"},{"data":"Noxious Fumes","floor":12,"key":"SMITH"},{"floor":15,"key":"REST"}],"neow_cost":"NONE","seed_source_timestamp":157471338806450,"circlet_count":0,"master_deck":["Defend_G","Defend_G","Defend_G","Defend_G","Defend_G","Strike_G","Strike_G","Strike_G","Strike_G","Strike_G","Survivor","Neutralize","Predator","Noxious Fumes+1","Escape Plan","Crippling Poison","Choke"],"relics":["HoveringKite","Odd Mushroom","Blue Candle","SsserpentHead"],"potions_floor_usage":[],"damage_taken":[{"damage":12,"enemies":"Cultist","floor":1,"turns":4},{"damage":0,"enemies":"Small Slimes","floor":3,"turns":3},{"damage":0,"enemies":"2 Louse","floor":4,"turns":2},{"damage":17,"enemies":"Exordium Thugs","floor":5,"turns":4},{"damage":16,"enemies":"The Mushroom Lair","floor":7,"turns":4},{"damage":6,"enemies":"Exordium Wildlife","floor":11,"turns":3},{"damage":5,"enemies":"Looter","floor":13,"turns":4},{"damage":4,"enemies":"Blue Slaver","floor":14,"turns":5},{"damage":0,"enemies":"The Guardian","floor":16,"turns":1}],"seed_played":"8916872170077578001","potions_obtained":[{"floor":7,"key":"AttackPotion"},{"floor":13,"key":"PowerPotion"},{"floor":14,"key":"Weak Potion"}],"is_trial":false,"path_per_floor":["M","$","M","M","M","R","?","R","T","?","M","R","M","M","R","B"],"character_chosen":"THE_SILENT","items_purchased":["Noxious Fumes"],"campfire_rested":3,"item_purchase_floors":[2],"current_hp_per_floor":[58,58,58,58,41,62,46,67,67,67,61,61,56,52,70,70],"gold":281,"neow_bonus":"BOSS_RELIC","is_prod":false,"is_daily":false,"chose_seed":false,"campfire_upgraded":1,"win_rate":0,"timestamp":1555865852,"path_taken":["M","?","M","?","?","R","?","R","T","?","M","R","?","M","R","BOSS"],"build_version":"2019-01-23","purchased_purges":0,"victory":false,"max_hp_per_floor":[70,70,70,70,70,70,70,70,70,70,70,70,70,70,70,70],"card_choices":[{"not_picked":["Prepared","Poisoned Stab"],"picked":"Predator","floor":1},{"not_picked":["Well Laid Plans","Endless Agony"],"picked":"Escape Plan","floor":3},{"not_picked":["Bane","Prepared"],"picked":"Crippling Poison","floor":4},{"not_picked":["Leg Sweep","Slice"],"picked":"Choke","floor":5},{"not_picked":["Dagger Throw","Calculated Gamble","Setup"],"picked":"SKIP","floor":11},{"not_picked":["Well Laid Plans","Burst","Dagger Spray"],"picked":"SKIP","floor":13},{"not_picked":["Deadly Poison","Catalyst","All Out Attack"],"picked":"SKIP","floor":14}],"player_experience":187253,"relics_obtained":[{"floor":7,"key":"Odd Mushroom"},{"floor":9,"key":"Blue Candle"}],"event_choices":[{"damage_healed":0,"gold_gain":0,"player_choice":"Fought Mushrooms","damage_taken":0,"max_hp_gain":0,"max_hp_loss":0,"event_name":"Mushrooms","floor":7,"gold_loss":0},{"damage_healed":0,"gold_gain":0,"player_choice":"Trade","damage_taken":0,"relics_obtained":["SsserpentHead"],"max_hp_gain":0,"max_hp_loss":0,"event_name":"FaceTrader","floor":10,"gold_loss":0}],"is_beta":false,"boss_relics":[],"items_purged_floors":[],"is_endless":false,"potions_floor_spawned":[7,13,14],"killed_by":"The Guardian","ascension_level":1}