{"gold_per_floor":[116,134,134,150,150,150,104,104,128,172,245,266,266,266,266,391,391,415,431,454,474,474,474,509,509,509,0,24,24,39,39,39,39],"floor_reached":33,"playtime":3752,"items_purged":[],"score":267,"play_id":"4d037244-8e58-4e9f-a76b-81e61025c903","local_time":"20190101200455","is_ascension_mode":false,"campfire_choices":[{"data":"Flame Barrier","floor":6.0,"key":"SMITH"},{"data":"Iron Wave","floor":8,"key":"SMITH"},{"floor":13,"key":"REST"},{"data":"Clothesline","floor":15,"key":"SMITH"},{"floor":23,"key":"REST"},{"floor":29,"key":"REST"},{"floor":32,"key":"REST"}],"neow_cost":"","seed_source_timestamp":0,"circlet_count":0,"master_deck":["Strike_R","Strike_R","Strike_R","Strike_R","Defend_R","Defend_R","Defend_R","Defend_R","Bash","Flame Barrier+1","Iron Wave","Clothesline+1","Iron Wave+1","Bludgeon","Body Slam","Battle Trance","Juggernaut","Flex","Dropkick+1","Thunderclap+1","Searing Blow","Burning Pact+1","Pommel Strike+1","Fiend Fire"],"special_seed":0,"relics":["Burning Blood","Pantograph","Golden Idol","Regal Pillow","Anchor","PreservedInsect","White Beast Statue","Potion Belt","Oddly Smooth Stone","Juzu Bracelet","MutagenicStrength"],"potions_floor_usage":[11,18,18,19,19,22,24,28,28,33,33],"damage_taken":[{"damage":1.0,"enemies":"Cultist","floor":1.0,"turns":3.0},{"damage":3.0,"enemies":"Small Slimes","floor":2.0,"turns":3.0},{"damage":4.0,"enemies":"Jaw Worm","floor":4.0,"turns":4.0},{"damage":26,"enemies":"Lagavulin","floor":10,"turns":9},{"damage":15,"enemies":"Lagavulin Event","floor":11,"turns":8},{"damage":0,"enemies":"3 Louse","floor":12,"turns":3},{"damage":30,"enemies":"The Guardian","floor":16,"turns":12},{"damage":29,"enemies":"Spheric Guardian","floor":18,"turns":8},{"damage":14,"enemies":"2 Thieves","floor":19,"turns":4},{"damage":21,"enemies":"Snake Plant","floor":20,"turns":5},{"damage":20,"enemies":"Snecko","floor":21,"turns":5},{"damage":0,"enemies":"Cultist and Chosen","floor":22,"turns":1},{"damage":38,"enemies":"Book of Stabbing","floor":24,"turns":6},{"damage":22,"enemies":"3 Cultists","floor":28,"turns":6},{"damage":49,"enemies":"Snake Plant","floor":30,"turns":6},{"damage":84,"enemies":"Champ","floor":33,"turns":18}],"seed_played":"6765324671694544951","potions_obtained":[{"floor":2.0,"key":"SkillPotion"},{"floor":4.0,"key":"Block Potion"},{"floor":11,"key":"BloodPotion"},{"floor":16,"key":"EssenceOfSteel"},{"floor":18,"key":"Poison Potion"},{"floor":19,"key":"Dexterity Potion"},{"floor":20,"key":"Strength Potion"},{"floor":21,"key":"SmokeBomb"},{"floor":24,"key":"SteroidPotion"},{"floor":28,"key":"Explosive Potion"},{"floor":30,"key":"Swift Potion"}],"is_trial":false,"path_per_floor":["M","M","T","M","?","R","$","R","T","E","?","M","R","?","R","B",null,"M","M","M","M","M","R","E","T","T","?","M","R","M","?","R","B"],"character_chosen":"IRONCLAD","items_purchased":["Iron Wave"],"campfire_rested":4,"item_purchase_floors":[7],"current_hp_per_floor":[80,80,80,80,60,60,60,60,60,40,31,37,76,76,76,56,80,57,57,42,28,34,73,41,41,41,41,25,64,21,21,60,0],"gold":39,"neow_bonus":"","is_prod":false,"is_daily":false,"chose_seed":false,"campfire_upgraded":3,"win_rate":0.0,"timestamp":1546391095,"path_taken":["M","M","?","M","?","R","$","R","T","E","?","M","R","?","R","BOSS","M","M","?","M","?","R","E","?","T","?","M","R","M","?","R","BOSS"],"build_version":"2018-12-20","purchased_purges":0,"victory":false,"max_hp_per_floor":[80,80,80,80,80,80,80,80,80,80,80,80,80,80,80,80,80,80,80,80,80,80,80,80,80,80,80,80,80,80,80,80,80],"card_choices":[{"not_picked":["Twin Strike","Dropkick"],"picked":"Flame Barrier","floor":1.0},{"not_picked":["Shrug It Off","Perfected Strike"],"picked":"Iron Wave","floor":2.0},{"not_picked":["Feel No Pain","Dual Wield"],"picked":"Clothesline","floor":4.0},{"not_picked":["Iron Wave","Demon Form"],"picked":"Bludgeon","floor":10},{"not_picked":["True Grit","Twin Strike"],"picked":"Body Slam","floor":11},{"not_picked":["Pommel Strike","Sword Boomerang"],"picked":"Battle Trance","floor":12},{"not_picked":["Dark Embrace","Impervious"],"picked":"Juggernaut","floor":16},{"not_picked":["Shockwave","Reckless Charge+1"],"picked":"Flex","floor":18},{"not_picked":["Flex","Warcry"],"picked":"Dropkick+1","floor":19},{"not_picked":["Headbutt","Offering"],"picked":"Thunderclap+1","floor":20},{"not_picked":["Twin Strike","Clothesline+1"],"picked":"Searing Blow","floor":21},{"not_picked":["Disarm+1","Warcry"],"picked":"Burning Pact+1","floor":24},{"not_picked":["Armaments","Dropkick"],"picked":"Pommel Strike+1","floor":28},{"not_picked":["Cleave","Uppercut+1"],"picked":"Fiend Fire","floor":30}],"player_experience":0,"relics_obtained":[{"floor":3.0,"key":"Pantograph"},{"floor":9,"key":"Regal Pillow"},{"floor":10,"key":"Anchor"},{"floor":11,"key":"PreservedInsect"},{"floor":24,"key":"Potion Belt"},{"floor":25,"key":"Oddly Smooth Stone"},{"floor":26,"key":"Juzu Bracelet"}],"event_choices":[{"damage_healed":0.0,"max_hp_gain":0.0,"max_hp_loss":0.0,"gold_gain":0.0,"event_name":"Golden Idol","player_choice":"Take Damage","floor":5.0,"gold_loss":0.0,"damage_taken":20.0,"relics_obtained":["Golden Idol"]},{"damage_healed":0,"gold_gain":30,"player_choice":"Searched \u00272\u0027 times","damage_taken":0,"max_hp_gain":0,"max_hp_loss":0,"event_name":"Dead Adventurer","floor":11,"gold_loss":0},{"cards_removed":["Strike_R"],"damage_healed":0,"gold_gain":0,"player_choice":"Purged","damage_taken":0,"max_hp_gain":0,"max_hp_loss":0,"event_name":"Purifier","floor":14,"gold_loss":0},{"damage_healed":0,"gold_gain":0,"player_choice":"Paid Fearfully","damage_taken":0,"max_hp_gain":0,"max_hp_loss":0,"event_name":"Masked Bandits","floor":27,"gold_loss":509},{"damage_healed":0,"gold_gain":0,"player_choice":"Inject Mutagens","damage_taken":0,"relics_obtained":["MutagenicStrength"],"max_hp_gain":0,"max_hp_loss":0,"event_name":"Drug Dealer","floor":31,"gold_loss":0}],"is_beta":false,"boss_relics":[{"not_picked":["Tiny House","Cursed Key"],"picked":"White Beast Statue"}],"items_purged_floors":[],"is_endless":false,"potions_floor_spawned":[2,4,11,16,18,19,20,21,22,24,28,30],"killed_by":"Champ","ascension_level":0}