{"gold_per_floor":[112,126,140,102,102,137,157,169,169,169,185,185,185,34,34,134,134,147,147,147,158,171,171,187,205,205,205,130,145,145,70,70,169,169,182,182,182,33,45,45,57,57,57,57,57],"floor_reached":45,"playtime":1625,"items_purged":["Strike_B+1"],"score":440,"play_id":"3714c0b5-d40b-4b01-9cd6-68ad44c16834","local_time":"20190421111611","is_ascension_mode":false,"campfire_choices":[{"floor":10,"key":"REST"},{"floor":12,"key":"REST"},{"data":"Creative AI","floor":15,"key":"SMITH"},{"floor":23,"key":"REST"},{"floor":27,"key":"REST"},{"floor":32,"key":"REST"},{"floor":40,"key":"REST"}],"neow_cost":"TEN_PERCENT_HP_LOSS","seed_source_timestamp":150198033479188,"circlet_count":0,"master_deck":["Strike_B+1","Defend_B+1","Defend_B+1","Defend_B+1","Defend_B+1","Zap","Dualcast","Creative AI+1","Gash","Doom and Gloom","Static Discharge","Defragment","Self Repair","Genetic Algorithm","Thunder Strike","Static Discharge+1","Gash","Gash","Machine Learning","Gash+1"],"relics":["Cracked Core","Blood Vial","Calipers","Omamori","Nuclear Battery","Pear","Velvet Choker","Oddly Smooth Stone","Ornamental Fan"],"potions_floor_usage":[6],"damage_taken":[{"damage":5,"enemies":"Cultist","floor":1,"turns":4},{"damage":5,"enemies":"Small Slimes","floor":2,"turns":3},{"damage":3,"enemies":"Jaw Worm","floor":3,"turns":3},{"damage":27,"enemies":"3 Sentries","floor":6,"turns":3},{"damage":1,"enemies":"3 Louse","floor":7,"turns":3},{"damage":13,"enemies":"Large Slime","floor":8,"turns":4},{"damage":17,"enemies":"2 Fungi Beasts","floor":11,"turns":4},{"damage":63,"enemies":"Hexaghost","floor":16,"turns":9},{"damage":15,"enemies":"Spheric Guardian","floor":18,"turns":3},{"damage":34,"enemies":"Colosseum Slavers","floor":20,"turns":4},{"damage":18,"enemies":"Shell Parasite","floor":21,"turns":5},{"damage":0,"enemies":"Centurion and Healer","floor":22,"turns":8},{"damage":30,"enemies":"Snecko","floor":24,"turns":5},{"damage":3,"enemies":"Chosen and Byrds","floor":25,"turns":4},{"damage":15,"enemies":"Snake Plant","floor":29,"turns":4},{"damage":58,"enemies":"Champ","floor":33,"turns":9},{"damage":37,"enemies":"3 Shapes","floor":35,"turns":6},{"damage":32,"enemies":"3 Darklings","floor":39,"turns":4},{"damage":36,"enemies":"Writhing Mass","floor":41,"turns":7},{"damage":0,"enemies":"Sphere and 2 Shapes","floor":45,"turns":1}],"seed_played":"-9019727349589208700","potions_obtained":[{"floor":2,"key":"Explosive Potion"},{"floor":11,"key":"Ancient Potion"},{"floor":18,"key":"Explosive Potion"},{"floor":22,"key":"Ancient Potion"}],"is_trial":false,"path_per_floor":["M","M","M","$","?","E","M","M","T","R","M","R","?","$","R","B",null,"M","?","?","M","M","R","M","M","T","R","?","M","?","$","R","B",null,"M","?","?","$","M","R","M","?","T","?","M"],"character_chosen":"DEFECT","items_purchased":["Static Discharge","Omamori","Oddly Smooth Stone"],"campfire_rested":6,"item_purchase_floors":[4,14,38],"current_hp_per_floor":[63,58,55,55,43,18,19,15,15,35,27,47,68,68,68,12,68,60,60,35,26,35,55,34,40,50,73,73,67,67,67,78,20,78,48,48,48,48,25,48,21,78,78,74,74],"gold":57,"neow_bonus":"THREE_RARE_CARDS","is_prod":false,"is_daily":false,"chose_seed":false,"campfire_upgraded":1,"win_rate":0,"timestamp":1555859771,"path_taken":["M","M","M","$","?","E","M","M","T","R","M","R","?","$","R","BOSS","M","?","?","M","M","R","M","M","T","R","?","M","?","$","R","BOSS","M","?","?","?","M","R","M","?","T","?","M"],"build_version":"2019-01-23","purchased_purges":1,"victory":false,"max_hp_per_floor":[68,68,68,68,68,68,68,68,68,68,68,68,68,68,68,68,68,68,68,68,68,68,68,68,68,78,78,78,78,78,78,78,78,78,78,78,78,78,78,78,78,78,78,74,74],"card_choices":[{"not_picked":["Fission","Biased Cognition"],"picked":"Creative AI","floor":0},{"not_picked":["Stack","Streamline"],"picked":"Gash","floor":1},{"not_picked":["Barrage","Hologram"],"picked":"Doom and Gloom","floor":2},{"not_picked":["Steam","Rebound","Coolheaded"],"picked":"SKIP","floor":3},{"not_picked":["Coolheaded","Streamline"],"picked":"Defragment","floor":6},{"not_picked":["Hyperbeam","Turbo"],"picked":"Self Repair","floor":7},{"not_picked":["Blizzard","Redo"],"picked":"Genetic Algorithm","floor":8},{"not_picked":["Steam","Lockon","FTL"],"picked":"SKIP","floor":11},{"not_picked":["Fission","Amplify"],"picked":"Thunder Strike","floor":16},{"not_picked":["Tempest","Redo"],"picked":"Static Discharge+1","floor":18},{"not_picked":["Hologram","Leap+1","Hyperbeam"],"picked":"SKIP","floor":21},{"not_picked":["Heatsinks","Compile Driver","Scrape"],"picked":"SKIP","floor":22},{"not_picked":["Turbo+1","Ball Lightning","Conserve Battery"],"picked":"SKIP","floor":24},{"not_picked":["Streamline","Hello World"],"picked":"Gash","floor":25},{"not_picked":["Ball Lightning","Rebound","Stack"],"picked":"SKIP","floor":29},{"not_picked":["Rainbow","Reboot"],"picked":"Machine Learning","floor":33},{"not_picked":["Genetic Algorithm","Beam Cell","Undo+1"],"picked":"SKIP","floor":35},{"not_picked":["Cold Snap+1","Beam Cell","BootSequence"],"picked":"SKIP","floor":39},{"not_picked":["FTL","Barrage+1"],"picked":"Gash+1","floor":41}],"player_experience":181346,"relics_obtained":[{"floor":6,"key":"Calipers"},{"floor":26,"key":"Pear"},{"floor":43,"key":"Ornamental Fan"}],"event_choices":[{"damage_healed":0,"gold_gain":0,"player_choice":"Success","damage_taken":12,"relics_obtained":["Blood Vial"],"max_hp_gain":0,"max_hp_loss":0,"event_name":"Scrap Ooze","floor":5,"gold_loss":0},{"damage_healed":22,"gold_gain":0,"player_choice":"Banana","damage_taken":0,"max_hp_gain":0,"max_hp_loss":0,"event_name":"Big Fish","floor":13,"gold_loss":0},{"damage_healed":0,"gold_gain":0,"player_choice":"Simplicity","damage_taken":0,"max_hp_gain":0,"max_hp_loss":0,"event_name":"Back to Basics","floor":19,"gold_loss":0,"cards_upgraded":["Strike_B","Strike_B","Strike_B","Strike_B","Defend_B","Defend_B","Defend_B","Defend_B"]},{"damage_healed":0,"gold_gain":0,"player_choice":"Fight","damage_taken":0,"max_hp_gain":0,"max_hp_loss":0,"event_name":"Colosseum","floor":20,"gold_loss":0},{"damage_healed":0,"gold_gain":0,"player_choice":"Fled From Nobs","damage_taken":0,"max_hp_gain":0,"max_hp_loss":0,"event_name":"Colosseum","floor":20,"gold_loss":0},{"cards_removed":["Strike_B"],"damage_healed":0,"gold_gain":0,"player_choice":"Gave Gold","damage_taken":0,"max_hp_gain":0,"max_hp_loss":0,"event_name":"Beggar","floor":28,"gold_loss":75},{"damage_healed":0,"gold_gain":0,"player_choice":"Copied","damage_taken":0,"max_hp_gain":0,"max_hp_loss":0,"event_name":"Duplicator","floor":30,"gold_loss":0,"cards_obtained":["Gash"]},{"damage_healed":0,"gold_gain":0,"player_choice":"Ignored","damage_taken":0,"max_hp_gain":0,"max_hp_loss":0,"event_name":"Mysterious Sphere","floor":36,"gold_loss":0},{"cards_removed":["Strike_B"],"damage_healed":0,"gold_gain":0,"player_choice":"Removed Attack","damage_taken":0,"max_hp_gain":0,"max_hp_loss":0,"event_name":"Falling","floor":37,"gold_loss":0},{"damage_healed":57,"gold_gain":0,"player_choice":"Heal","damage_taken":0,"max_hp_gain":0,"max_hp_loss":0,"event_name":"MindBloom","floor":42,"gold_loss":0,"cards_obtained":["Doubt"]},{"damage_healed":0,"gold_gain":0,"player_choice":"Max HP","damage_taken":0,"max_hp_gain":0,"max_hp_loss":4,"event_name":"Winding Halls","floor":44,"gold_loss":0}],"is_beta":false,"boss_relics":[{"not_picked":["FrozenCore","Pandora\u0027s Box"],"picked":"Nuclear Battery"},{"not_picked":["Coffee Dripper","Empty Cage"],"picked":"Velvet Choker"}],"items_purged_floors":[31],"is_endless":false,"potions_floor_spawned":[2,11,18,20,22,33,39,41],"killed_by":"Sphere and 2 Shapes","ascension_level":0}