{"gold_per_floor":[360,24,43,62,78,78,78,94,118,152,0,17,31,60,60,138,138,151,171,171,171,183,183,215,215,239,251,267,282,316,331,331,408,408,421,341,353,403,403,403,420,430,430,430,58,70,98,98,98,98,98,98,98,123,123],"floor_reached":56,"playtime":3752,"items_purged":["Strike_B"],"score":2064,"play_id":"08348d39-1fa5-4b31-9b38-5842577ae6cb","local_time":"20190410203801","is_ascension_mode":true,"campfire_choices":[{"data":"Creative AI","floor":6.0,"key":"SMITH"},{"data":"Fission","floor":15.0,"key":"SMITH"},{"data":"Dualcast","floor":23.0,"key":"SMITH"},{"floor":25.0,"key":"REST"},{"floor":32.0,"key":"REST"},{"floor":40.0,"key":"RECALL"},{"floor":44.0,"key":"REST"},{"data":"Apotheosis","floor":49.0,"key":"SMITH"},{"data":"Hologram","floor":52.0,"key":"SMITH"}],"neow_cost":"TEN_PERCENT_HP_LOSS","seed_source_timestamp":234000369770883,"circlet_count":0,"master_deck":["AscendersBane","Defend_B","Defend_B","Defend_B","Defend_B","Zap","Dualcast+1","Melter","Creative AI+1","Ball Lightning","Darkness+1","Core Surge","Chill+1","Heatsinks+1","Compile Driver","Capacitor","Redo","Biased Cognition","Fission+1","Electrodynamics","Genetic Algorithm+1","Thunder Strike+1","Seek+1","Cold Snap","Conserve Battery","Static Discharge","Loop+1","Glacier","Barrage","Rainbow","Recycle","Stack","Coolheaded","Heatsinks+1","Apotheosis+1","Capacitor","Hologram+1","Skim"],"special_seed":0,"relics":["Cracked Core","Anchor","FaceOfCleric","War Paint","PreservedInsect","Astrolabe","Kunai","Ancient Tea Set","Regal Pillow","Dream Catcher","Busted Crown","Incense Burner","Orichalcum","Art of War","Pear","Calipers"],"potions_floor_usage":[55],"damage_taken":[{"damage":8.0,"enemies":"Jaw Worm","floor":1.0,"turns":4.0},{"damage":0.0,"enemies":"Cultist","floor":3.0,"turns":4.0},{"damage":7.0,"enemies":"Small Slimes","floor":4.0,"turns":3.0},{"damage":0.0,"enemies":"2 Fungi Beasts","floor":5.0,"turns":2.0},{"damage":3.0,"enemies":"Exordium Thugs","floor":8.0,"turns":4.0},{"damage":7.0,"enemies":"3 Sentries","floor":10.0,"turns":8.0},{"damage":0.0,"enemies":"3 Louse","floor":12.0,"turns":3.0},{"damage":3.0,"enemies":"Exordium Wildlife","floor":13.0,"turns":4.0},{"damage":10.0,"enemies":"Gremlin Nob","floor":14.0,"turns":4.0},{"damage":0.0,"enemies":"Slime Boss","floor":16.0,"turns":5.0},{"damage":0.0,"enemies":"Chosen","floor":18.0,"turns":3.0},{"damage":0.0,"enemies":"Spheric Guardian","floor":19.0,"turns":3.0},{"damage":22.0,"enemies":"Snake Plant","floor":22.0,"turns":6.0},{"damage":4.0,"enemies":"Gremlin Leader","floor":24.0,"turns":5.0},{"damage":4.0,"enemies":"Centurion and Healer","floor":27.0,"turns":5.0},{"damage":9.0,"enemies":"3 Cultists","floor":28.0,"turns":4.0},{"damage":1.0,"enemies":"Chosen and Byrds","floor":29.0,"turns":6.0},{"damage":36.0,"enemies":"Book of Stabbing","floor":30.0,"turns":5.0},{"damage":0.0,"enemies":"Centurion and Healer","floor":31.0,"turns":4.0},{"damage":12.0,"enemies":"Champ","floor":33.0,"turns":31.0},{"damage":20.0,"enemies":"3 Darklings","floor":35.0,"turns":6.0},{"damage":7.0,"enemies":"Orb Walker","floor":37.0,"turns":5.0},{"damage":5.0,"enemies":"2 Orb Walkers","floor":38.0,"turns":3.0},{"damage":7.0,"enemies":"3 Darklings","floor":41.0,"turns":4.0},{"damage":0.0,"enemies":"Sphere and 2 Shapes","floor":42.0,"turns":4.0},{"damage":8.0,"enemies":"Writhing Mass","floor":46.0,"turns":7.0},{"damage":0.0,"enemies":"Giant Head","floor":47.0,"turns":5.0},{"damage":33.0,"enemies":"Time Eater","floor":50.0,"turns":32.0},{"damage":19.0,"enemies":"Shield and Spear","floor":54.0,"turns":5.0},{"damage":37,"enemies":"The Heart","floor":55,"turns":11}],"seed_played":"-6851395156256408022","potions_obtained":[{"floor":5.0,"key":"Block Potion"},{"floor":10.0,"key":"Swift Potion"},{"floor":13.0,"key":"Explosive Potion"},{"floor":14.0,"key":"Explosive Potion"},{"floor":16.0,"key":"EssenceOfSteel"},{"floor":22.0,"key":"SkillPotion"},{"floor":27.0,"key":"Swift Potion"},{"floor":28.0,"key":"SpeedPotion"},{"floor":41.0,"key":"FearPotion"},{"floor":42.0,"key":"SpeedPotion"},{"floor":47.0,"key":"GamblersBrew"}],"is_trial":false,"path_per_floor":["M","$","M","M","M","R","?","M","T","E","$","M","M","E","R","B",null,"M","M","?","?","M","R","E","R","T","M","M","M","E","M","R","B",null,"M","$","M","?","?","R","M","M","T","R","$","M","E","?","R","B",null,"R","$","E","B",null],"character_chosen":"DEFECT","items_purchased":["Creative AI","Anchor","Ball Lightning","Capacitor","Recycle","Stack","Apotheosis","Capacitor","Art of War"],"campfire_rested":3,"item_purchase_floors":[2,2,2,11,36,36,45,45,45],"current_hp_per_floor":[56,56,56,49,49,49,49,47,47,41,41,42,40,31,31,32,61,62,63,63,63,42,42,39,61,61,58,50,50,15,16,54,43,71,52,52,46,42,42,42,36,37,37,77,77,70,81,81,81,49,82,82,82,64,28],"gold":123,"neow_bonus":"TWO_FIFTY_GOLD","is_prod":false,"is_daily":false,"chose_seed":false,"campfire_upgraded":5,"win_rate":0,"timestamp":1554943081,"path_taken":["M","$","M","M","M","R","?","?","T","E","$","M","M","E","R","BOSS","M","M","?","?","M","R","E","R","T","M","M","?","E","M","R","BOSS","M","$","M","?","?","R","?","M","T","R","$","M","E","?","R","BOSS","R","$","E","BOSS"],"build_version":"2019-04-04","purchased_purges":1,"victory":true,"max_hp_per_floor":[64,64,64,64,64,64,64,65,65,66,66,67,68,69,69,70,70,71,72,72,72,73,73,74,74,74,75,76,77,78,79,79,80,80,81,81,82,83,83,83,84,85,85,85,85,86,97,92,92,93,93,93,93,94,95],"card_choices":[{"not_picked":["Leap","Turbo"],"picked":"Melter","floor":1.0},{"not_picked":["Leap","Sweeping Beam"],"picked":"Darkness","floor":3.0},{"not_picked":["Steam","Capacitor"],"picked":"Core Surge","floor":4.0},{"not_picked":["Static Discharge","Rebound"],"picked":"Chill","floor":5.0},{"not_picked":["Defragment","Scrape"],"picked":"Heatsinks","floor":8.0},{"not_picked":["Leap","Steam"],"picked":"Compile Driver","floor":10.0},{"not_picked":["Turbo","Stack"],"picked":"Redo","floor":12.0},{"not_picked":["Beam Cell","Rip and Tear"],"picked":"Biased Cognition","floor":13.0},{"not_picked":["Beam Cell","Stack"],"picked":"Fission","floor":14.0},{"not_picked":["Biased Cognition","Fission"],"picked":"Electrodynamics","floor":16.0},{"not_picked":["Compile Driver","Chaos","Beam Cell"],"picked":"SKIP","floor":18.0},{"not_picked":["Lockon","Darkness","Scrape"],"picked":"SKIP","floor":19.0},{"not_picked":["Leap+1","Rebound"],"picked":"Cold Snap","floor":22.0},{"not_picked":["Rip and Tear","Steam","Compile Driver"],"picked":"SKIP","floor":24.0},{"not_picked":["Aggregate","Go for the Eyes"],"picked":"Conserve Battery","floor":27.0},{"not_picked":["Conserve Battery","Cold Snap"],"picked":"Static Discharge","floor":28.0},{"not_picked":["Glacier","All For One"],"picked":"Loop+1","floor":29.0},{"not_picked":["Cold Snap","Turbo"],"picked":"Glacier","floor":30.0},{"not_picked":["Rebound+1","Redo"],"picked":"Barrage","floor":31.0},{"not_picked":["Meteor Strike","Multi-Cast"],"picked":"Rainbow","floor":33.0},{"not_picked":["Ball Lightning"],"picked":"SKIP","floor":35.0},{"not_picked":[],"picked":"Coolheaded","floor":37.0},{"not_picked":["Auto Shields"],"picked":"SKIP","floor":41.0},{"not_picked":[],"picked":"Heatsinks+1","floor":42.0},{"not_picked":[],"picked":"Hologram","floor":46.0},{"not_picked":[],"picked":"Skim","floor":47.0},{"not_picked":["Electrodynamics"],"picked":"SKIP","floor":54.0}],"player_experience":936684,"relics_obtained":[{"floor":10.0,"key":"War Paint"},{"floor":14.0,"key":"PreservedInsect"},{"floor":24.0,"key":"Ancient Tea Set"},{"floor":26.0,"key":"Regal Pillow"},{"floor":30.0,"key":"Dream Catcher"},{"floor":38.0,"key":"Incense Burner"},{"floor":43.0,"key":"Orichalcum"},{"floor":47.0,"key":"Pear"},{"floor":54.0,"key":"Calipers"}],"event_choices":[{"damage_healed":0.0,"max_hp_gain":0.0,"max_hp_loss":0.0,"gold_gain":0.0,"event_name":"FaceTrader","player_choice":"Trade","floor":7.0,"gold_loss":0.0,"damage_taken":0.0,"relics_obtained":["FaceOfCleric"]},{"damage_healed":0.0,"max_hp_gain":0.0,"max_hp_loss":0.0,"gold_gain":0.0,"event_name":"The Mausoleum","player_choice":"Opened","floor":20.0,"gold_loss":0.0,"damage_taken":0.0,"relics_obtained":["Kunai"],"cards_obtained":["Writhe"]},{"damage_healed":0.0,"max_hp_gain":0.0,"max_hp_loss":0.0,"gold_gain":0.0,"event_name":"Upgrade Shrine","player_choice":"Upgraded","floor":21.0,"gold_loss":0.0,"damage_taken":0.0,"cards_upgraded":["Heatsinks"]},{"damage_healed":0.0,"max_hp_gain":0.0,"max_hp_loss":0.0,"gold_gain":0.0,"event_name":"Mysterious Sphere","player_choice":"Fight","floor":38.0,"gold_loss":0.0,"damage_taken":0.0},{"cards_removed":["Writhe"],"damage_healed":0.0,"max_hp_gain":0.0,"max_hp_loss":0.0,"gold_gain":0.0,"event_name":"Purifier","player_choice":"Purged","floor":39.0,"gold_loss":0.0,"damage_taken":0.0},{"damage_healed":0.0,"max_hp_gain":0.0,"max_hp_loss":5.0,"gold_gain":0.0,"event_name":"Winding Halls","player_choice":"Max HP","floor":48.0,"gold_loss":0.0,"damage_taken":0.0}],"is_beta":true,"boss_relics":[{"not_picked":["White Beast Statue","Pandora\u0027s Box"],"picked":"Astrolabe"},{"not_picked":["Coffee Dripper","Empty Cage"],"picked":"Busted Crown"}],"items_purged_floors":[11],"is_endless":false,"potions_floor_spawned":[5,10,13,14,16,22,27,28,41,42,47],"ascension_level":15}