{"gold_per_floor":[115,133,152,152,166,166,182,211,285,285,285,285,303,323,323,423,423,411,326,326,326,326],"floor_reached":22,"playtime":943,"items_purged":[],"score":233,"play_id":"2c560cc7-3594-422c-92ba-6743f412f050","local_time":"20190304211455","is_ascension_mode":true,"campfire_choices":[{"data":"Zap","floor":6,"key":"SMITH"},{"data":"Glacier","floor":11,"key":"SMITH"},{"floor":15,"key":"REST"}],"neow_cost":"TEN_PERCENT_HP_LOSS","seed_source_timestamp":337050738182998,"circlet_count":0,"master_deck":["Strike_B+1","Strike_B+1","Strike_B+1","Defend_B+1","Defend_B+1","Defend_B+1","Defend_B+1","Zap+1","Dualcast","Biased Cognition","Beam Cell","Cold Snap","Amplify","Ball Lightning","Sweeping Beam","Glacier+1","Barrage","Reinforced Body","Echo Form","Static Discharge"],"relics":["Cracked Core","StoneCalendar","Matryoshka","Ice Cream","Inserter","Vajra"],"potions_floor_usage":[20],"damage_taken":[{"damage":9,"enemies":"Jaw Worm","floor":1,"turns":3},{"damage":0,"enemies":"Small Slimes","floor":2,"turns":2},{"damage":0,"enemies":"Cultist","floor":3,"turns":2},{"damage":7,"enemies":"Looter","floor":5,"turns":3},{"damage":1,"enemies":"Exordium Wildlife","floor":7,"turns":2},{"damage":17,"enemies":"3 Sentries","floor":8,"turns":4},{"damage":4,"enemies":"Blue Slaver","floor":13,"turns":3},{"damage":12,"enemies":"Exordium Thugs","floor":14,"turns":3},{"damage":9,"enemies":"The Guardian","floor":16,"turns":9},{"damage":24,"enemies":"2 Thieves","floor":18,"turns":5},{"damage":24,"enemies":"Colosseum Slavers","floor":20,"turns":4},{"damage":15,"enemies":"3 Byrds","floor":22,"turns":2}],"seed_played":"9006850052081189558","potions_obtained":[{"floor":5,"key":"SneckoOil"},{"floor":14,"key":"Energy Potion"}],"is_trial":false,"path_per_floor":["M","M","M","?","M","R","M","E","T","?","R","?","M","M","R","B",null,"M","?","?","?","M"],"character_chosen":"DEFECT","items_purchased":[],"campfire_rested":1,"item_purchase_floors":[],"current_hp_per_floor":[59,59,59,59,52,52,51,34,34,27,27,27,23,11,31,22,57,33,33,9,9,0],"gold":326,"neow_bonus":"THREE_RARE_CARDS","is_prod":false,"is_daily":false,"chose_seed":false,"campfire_upgraded":2,"win_rate":0,"timestamp":1551730495,"path_taken":["M","M","M","?","M","R","M","E","T","?","R","?","?","M","R","BOSS","M","?","?","?","?"],"build_version":"2019-01-23","purchased_purges":0,"victory":false,"max_hp_per_floor":[68,68,68,68,68,68,68,68,68,68,68,68,68,68,68,68,68,68,68,68,68,68],"card_choices":[{"not_picked":["Reboot","Multi-Cast"],"picked":"Biased Cognition","floor":0},{"not_picked":["Leap","Steam"],"picked":"Beam Cell","floor":1},{"not_picked":["Leap","Redo"],"picked":"Cold Snap","floor":2},{"not_picked":["Stack","Beam Cell"],"picked":"Amplify","floor":3},{"not_picked":["Aggregate","Rebound"],"picked":"Ball Lightning","floor":5},{"not_picked":["Coolheaded","Undo"],"picked":"Sweeping Beam","floor":7},{"not_picked":["Streamline","Tempest"],"picked":"Glacier","floor":8},{"not_picked":["Doom and Gloom","Streamline"],"picked":"Barrage","floor":13},{"not_picked":["Consume","Leap"],"picked":"Reinforced Body","floor":14},{"not_picked":["Core Surge","Electrodynamics"],"picked":"Echo Form","floor":16},{"not_picked":["Beam Cell","Fusion"],"picked":"Static Discharge","floor":18}],"player_experience":186428,"relics_obtained":[{"floor":8,"key":"StoneCalendar"},{"floor":9,"key":"Matryoshka"}],"event_choices":[{"damage_healed":0,"gold_gain":0,"player_choice":"Ignored","damage_taken":0,"max_hp_gain":0,"max_hp_loss":0,"event_name":"Liars Game","floor":4,"gold_loss":0},{"damage_healed":0,"gold_gain":0,"player_choice":"Success","damage_taken":7,"relics_obtained":["Ice Cream"],"max_hp_gain":0,"max_hp_loss":0,"event_name":"Scrap Ooze","floor":10,"gold_loss":0},{"cards_removed":["Strike_B"],"damage_healed":0,"gold_gain":0,"player_choice":"Purged","damage_taken":0,"max_hp_gain":0,"max_hp_loss":0,"event_name":"Purifier","floor":12,"gold_loss":0},{"damage_healed":0,"gold_gain":0,"player_choice":"Obtained Relic","damage_taken":0,"relics_obtained":["Vajra"],"max_hp_gain":0,"max_hp_loss":0,"event_name":"Addict","floor":19,"gold_loss":85},{"damage_healed":0,"gold_gain":0,"player_choice":"Fight","damage_taken":0,"max_hp_gain":0,"max_hp_loss":0,"event_name":"Colosseum","floor":20,"gold_loss":0},{"damage_healed":0,"gold_gain":0,"player_choice":"Fled From Nobs","damage_taken":0,"max_hp_gain":0,"max_hp_loss":0,"event_name":"Colosseum","floor":20,"gold_loss":0},{"damage_healed":0,"gold_gain":0,"player_choice":"Simplicity","damage_taken":0,"max_hp_gain":0,"max_hp_loss":0,"event_name":"Back to Basics","floor":21,"gold_loss":0,"cards_upgraded":["Strike_B","Strike_B","Strike_B","Defend_B","Defend_B","Defend_B","Defend_B"]}],"is_beta":false,"boss_relics":[{"not_picked":["Empty Cage","Sozu"],"picked":"Inserter"}],"items_purged_floors":[],"is_endless":false,"potions_floor_spawned":[5,14],"killed_by":"3 Byrds","ascension_level":5}