{"gold_per_floor":[10,10,21,40,115,149,149,175,175,189,189,206,216,226,226,324,324,344,362,382,68,68,95,95,111,111,130,130,150,170,170,170,274,274,292,306,306],"floor_reached":37,"playtime":4173,"items_purged":["Strike_R"],"score":495,"play_id":"8d27fa60-8e75-469c-81bf-8e3baa5232dd","local_time":"20190407192129","is_ascension_mode":true,"campfire_choices":[{"data":"True Grit","floor":7,"key":"SMITH"},{"data":"Uppercut","floor":15,"key":"SMITH"},{"data":"True Grit","floor":24,"key":"SMITH"},{"data":"Metallicize","floor":28,"key":"SMITH"},{"data":"Heavy Blade","floor":32,"key":"SMITH"}],"neow_cost":"NO_GOLD","seed_source_timestamp":422634450582900,"circlet_count":0,"master_deck":["Strike_R","Strike_R","Defend_R","Defend_R","Defend_R","Defend_R","Bash","Sword Boomerang","True Grit+1","Inflame","Rage","Uppercut+1","Whirlwind","Reckless Charge","Double Tap","Metallicize+1","Bludgeon","Clothesline+1","True Grit+1","Exhume","Bandage Up","Juggernaut","Demon Form","Flame Barrier","Power Through","Heavy Blade+1","Dark Embrace","Rampage+1"],"relics":["Burning Blood","Du-Vu Doll","Self Forming Clay","Bird Faced Urn","Thread and Needle","White Beast Statue","Singing Bowl","Torii","Cursed Key"],"potions_floor_usage":[10,12,12,16,16,18,20,23,23,25,27,29,30,31,31,35,37,37],"damage_taken":[{"damage":1,"enemies":"Cultist","floor":1,"turns":3},{"damage":0,"enemies":"Small Slimes","floor":3,"turns":3},{"damage":8,"enemies":"2 Louse","floor":4,"turns":3},{"damage":27,"enemies":"Gremlin Nob","floor":6,"turns":4},{"damage":15,"enemies":"Lagavulin","floor":8,"turns":7},{"damage":28,"enemies":"Gremlin Gang","floor":10,"turns":6},{"damage":0,"enemies":"3 Louse","floor":12,"turns":2},{"damage":0,"enemies":"Lots of Slimes","floor":13,"turns":1},{"damage":8,"enemies":"Exordium Wildlife","floor":14,"turns":4},{"damage":15,"enemies":"Slime Boss","floor":16,"turns":12},{"damage":0,"enemies":"Chosen","floor":18,"turns":6},{"damage":5,"enemies":"Shell Parasite","floor":19,"turns":8},{"damage":15,"enemies":"Snake Plant","floor":20,"turns":6},{"damage":32,"enemies":"Book of Stabbing","floor":23,"turns":9},{"damage":17,"enemies":"Centurion and Healer","floor":25,"turns":6},{"damage":9,"enemies":"Chosen and Byrds","floor":27,"turns":8},{"damage":8,"enemies":"Snake Plant","floor":29,"turns":4},{"damage":21,"enemies":"Shelled Parasite and Fungi","floor":30,"turns":6},{"damage":1,"enemies":"Gremlin Leader","floor":31,"turns":2},{"damage":73,"enemies":"Champ","floor":33,"turns":13},{"damage":52,"enemies":"3 Darklings","floor":35,"turns":14},{"damage":7,"enemies":"3 Shapes","floor":36,"turns":6},{"damage":108,"enemies":"2 Orb Walkers","floor":37,"turns":7}],"seed_played":"602858598323858236","potions_obtained":[{"floor":3,"key":"SpeedPotion"},{"floor":11,"key":"SmokeBomb"},{"floor":11,"key":"Explosive Potion"},{"floor":11,"key":"Ancient Potion"},{"floor":12,"key":"Fruit Juice"},{"floor":14,"key":"Block Potion"},{"floor":16,"key":"SkillPotion"},{"floor":18,"key":"Explosive Potion"},{"floor":19,"key":"Dexterity Potion"},{"floor":20,"key":"AttackPotion"},{"floor":23,"key":"Fruit Juice"},{"floor":25,"key":"FearPotion"},{"floor":27,"key":"Ancient Potion"},{"floor":29,"key":"Regen Potion"},{"floor":30,"key":"EssenceOfSteel"},{"floor":33,"key":"Strength Potion"},{"floor":35,"key":"SkillPotion"},{"floor":36,"key":"Energy Potion"}],"is_trial":false,"path_per_floor":["M","?","M","M","?","E","R","E","T","M","?","M","M","M","R","B",null,"M","M","M","$","?","E","R","M","T","M","R","M","M","E","R","B",null,"M","M","?"],"character_chosen":"IRONCLAD","items_purchased":["Bandage Up","Juggernaut"],"campfire_rested":0,"item_purchase_floors":[21,21],"current_hp_per_floor":[80,73,79,77,66,45,45,36,36,16,16,27,33,33,33,28,85,85,85,78,78,78,73,73,70,70,81,81,87,94,94,94,37,94,66,81,0],"gold":306,"neow_bonus":"ONE_RARE_RELIC","is_prod":false,"is_daily":false,"chose_seed":false,"campfire_upgraded":5,"win_rate":0,"timestamp":1554679289,"path_taken":["M","?","M","M","?","E","R","E","T","M","?","M","M","M","R","BOSS","M","?","M","$","?","E","R","M","T","M","R","?","M","E","R","BOSS","M","M","?"],"build_version":"2019-01-23","purchased_purges":1,"victory":false,"max_hp_per_floor":[80,80,80,80,80,80,80,80,80,80,80,85,85,85,85,85,85,85,85,85,85,85,92,92,92,92,94,94,94,94,94,94,94,94,96,96,96],"card_choices":[{"not_picked":["Thunderclap","Perfected Strike"],"picked":"Sword Boomerang","floor":1},{"not_picked":["Rage","Inflame"],"picked":"True Grit","floor":3},{"not_picked":["Sword Boomerang","Pommel Strike"],"picked":"Inflame","floor":4},{"not_picked":["Flex","Anger"],"picked":"Rage","floor":6},{"not_picked":["Warcry","Clash"],"picked":"Uppercut","floor":8},{"not_picked":["True Grit","Intimidate"],"picked":"Whirlwind","floor":10},{"not_picked":["Anger","Body Slam"],"picked":"Reckless Charge","floor":12},{"not_picked":["Fire Breathing","Headbutt"],"picked":"Double Tap","floor":13},{"not_picked":["Warcry","Armaments"],"picked":"Metallicize","floor":14},{"not_picked":["Offering","Fiend Fire"],"picked":"Bludgeon","floor":16},{"not_picked":["Searing Blow","Flex+1"],"picked":"Clothesline+1","floor":18},{"not_picked":["Cleave","Blood for Blood"],"picked":"True Grit","floor":19},{"not_picked":["Anger","Fire Breathing"],"picked":"Exhume","floor":20},{"not_picked":["Pummel","Iron Wave","Sword Boomerang"],"picked":"Singing Bowl","floor":23},{"not_picked":["Twin Strike","Intimidate"],"picked":"Flame Barrier","floor":25},{"not_picked":["Pommel Strike","Havoc","Blood for Blood"],"picked":"Singing Bowl","floor":27},{"not_picked":["Evolve+1","Clothesline"],"picked":"Power Through","floor":29},{"not_picked":["Burning Pact","Dropkick"],"picked":"Heavy Blade","floor":30},{"not_picked":["Juggernaut","Berserk"],"picked":"Dark Embrace","floor":33},{"not_picked":["Shrug It Off","Clothesline","Iron Wave+1"],"picked":"Singing Bowl","floor":35},{"not_picked":["Twin Strike","Dropkick+1"],"picked":"Rampage+1","floor":36}],"player_experience":126932,"relics_obtained":[{"floor":6,"key":"Self Forming Clay"},{"floor":8,"key":"Bird Faced Urn"},{"floor":9,"key":"Thread and Needle"},{"floor":23,"key":"Singing Bowl"},{"floor":26,"key":"Torii"}],"event_choices":[{"cards_removed":["Strike_R"],"damage_healed":0,"gold_gain":0,"player_choice":"Card Removal","damage_taken":7,"max_hp_gain":0,"max_hp_loss":0,"event_name":"Golden Wing","floor":2,"gold_loss":0},{"damage_healed":0,"gold_gain":75,"player_choice":"Gather Gold","damage_taken":11,"max_hp_gain":0,"max_hp_loss":0,"event_name":"World of Goop","floor":5,"gold_loss":0},{"damage_healed":0,"gold_gain":0,"player_choice":"Got Potions","damage_taken":0,"max_hp_gain":0,"max_hp_loss":0,"event_name":"Lab","floor":11,"gold_loss":0},{"damage_healed":0,"gold_gain":0,"cards_transformed":["Strike_R"],"player_choice":"Transformed","damage_taken":0,"max_hp_gain":0,"max_hp_loss":0,"event_name":"Transmorgrifier","floor":22,"gold_loss":0,"cards_obtained":["Demon Form"]},{"damage_healed":0,"gold_gain":0,"player_choice":"Fight","damage_taken":0,"max_hp_gain":0,"max_hp_loss":0,"event_name":"Mysterious Sphere","floor":37,"gold_loss":0}],"is_beta":false,"boss_relics":[{"not_picked":["Runic Dome","Runic Cube"],"picked":"White Beast Statue"},{"not_picked":["Philosopher\u0027s Stone","Fusion Hammer"],"picked":"Cursed Key"}],"items_purged_floors":[21],"is_endless":false,"potions_floor_spawned":[3,12,14,16,18,19,20,23,25,27,29,30,31,33,35,36],"killed_by":"2 Orb Walkers","ascension_level":2}