{"path_per_floor":["M","?","M","$","M","E","R","M","T","R","E","M","R","M","R","B",null,"M","M","?","M"],"character_chosen":"IRONCLAD","items_purchased":["Thunderclap"],"gold_per_floor":[215,165,185,85,104,135,135,155,182,182,208,224,224,244,244,348,348,359,377,377,394],"floor_reached":22,"campfire_rested":1,"playtime":1150,"current_hp_per_floor":[76,76,76,76,59,33,33,39,39,63,52,57,57,49,49,35,69,35,41,25,31],"items_purged":["Strike_R"],"gold":394,"play_id":"55ac28e8-cbe5-4f3a-b407-983202de159f","is_prod":false,"is_daily":false,"is_ascension_mode":true,"campfire_upgraded":3,"path_taken":["M","?","M","$","M","E","R","?","T","R","E","M","R","M","R","BOSS","M","?","?","M","M"],"build_version":"2018-02-01-PROD3","purchased_purges":1,"victory":false,"master_deck":["Strike_R","Strike_R","Strike_R","Defend_R","Defend_R","Defend_R","Defend_R","Bash","Whirlwind+1","Combust","Thunderclap","True Grit","Body Slam","Cleave","Feel No Pain+1","Seeing Red","Clothesline+1","Immolate","Decay","Normality","Normality","Headbutt","Havoc","Finesse","Bloodletting+1"],"max_hp_per_floor":[80,80,80,80,80,80,80,80,80,80,80,80,80,80,80,80,80,80,80,80,80],"relics":["Burning Blood","Orichalcum","Art of War","Thread and Needle","Calling Bell","Kunai","Sundial","Oddly Smooth Stone"],"card_choices":[{"not_picked":["Ghostly Armor","Havoc"],"picked":"Whirlwind"},{"not_picked":["Second Wind","Corruption"],"picked":"Combust"},{"not_picked":["Sentinel","Wild Strike"],"picked":"True Grit"},{"not_picked":["Thunderclap","Iron Wave"],"picked":"Body Slam"},{"not_picked":["Shrug It Off","Body Slam"],"picked":"Cleave"},{"not_picked":["Havoc","Dark Embrace"],"picked":"Feel No Pain"},{"not_picked":["Havoc","Feel No Pain"],"picked":"Seeing Red"},{"not_picked":["Iron Wave","Ghostly Armor"],"picked":"Clothesline"},{"not_picked":["Reaper","Feed"],"picked":"Immolate"},{"not_picked":["Havoc","Dual Wield"],"picked":"Headbutt"},{"not_picked":["Pummel","Sword Boomerang"],"picked":"Havoc"},{"not_picked":["Iron Wave","Flame Barrier"],"picked":"Bloodletting"}],"player_experience":234007,"potions_floor_usage":[21,21,22],"damage_taken":[{"damage":2.0,"enemies":"2 Louse","floor":1.0,"turns":4.0},{"damage":6.0,"enemies":"Cultist","floor":3.0,"turns":3.0},{"damage":23.0,"enemies":"Blue Slaver","floor":5.0,"turns":3.0},{"damage":32.0,"enemies":"Gremlin Nob","floor":6.0,"turns":4.0},{"damage":0.0,"enemies":"Gremlin Gang","floor":8.0,"turns":3.0},{"damage":17.0,"enemies":"3 Sentries","floor":11.0,"turns":3.0},{"damage":1.0,"enemies":"Looter","floor":12.0,"turns":3.0},{"damage":14.0,"enemies":"Lots of Slimes","floor":14.0,"turns":3.0},{"damage":20.0,"enemies":"Slime Boss","floor":16.0,"turns":7.0},{"damage":40.0,"enemies":"Chosen","floor":18.0,"turns":7.0},{"damage":0.0,"enemies":"3 Byrds","floor":19.0,"turns":3.0},{"damage":0,"enemies":"3 Cultists","floor":21,"turns":3},{"damage":52,"enemies":"Slaver and Parasite","floor":22,"turns":4}],"event_choices":[{"event_name":"The Cleric","player_choice":"Card Removal","floor":2.0,"damage_taken":0.0},{"event_name":"Knowing Skull","player_choice":"CARD ","floor":20.0,"damage_taken":0.0}],"boss_relics":[],"potions_floor_spawned":[1,3,11,16,18,19,21],"seed_played":"-301950269710755529","killed_by":"Slaver and Parasite","ascension_level":7,"is_trial":false}