{"gold_per_floor":[112,187,202,202,226,226,50,86,110,85,85,85,85,123,123,216,216,240,240,9,27,48,91,91,125,125,45,45,79,79,100,100,196,196,220,48,71,71,90,134,134,80,80,100,123,44,44,65,65,65,65],"floor_reached":51,"playtime":3743,"items_purged":["Strike_G"],"score":1411,"play_id":"1c03ed1f-7f3b-4458-b0ce-1c70c263952e","local_time":"20190127005453","is_ascension_mode":true,"campfire_choices":[{"data":"A Thousand Cuts","floor":6.0,"key":"SMITH"},{"floor":11.0,"key":"REST"},{"data":"Malaise","floor":15.0,"key":"SMITH"},{"floor":24.0,"key":"REST"},{"floor":28.0,"key":"REST"},{"floor":30.0,"key":"REST"},{"floor":32.0,"key":"RECALL"},{"floor":41.0,"key":"REST"},{"floor":47.0,"key":"REST"},{"floor":49.0,"key":"REST"}],"neow_cost":"TEN_PERCENT_HP_LOSS","seed_source_timestamp":5001423035733591,"circlet_count":0,"master_deck":["AscendersBane","Defend_G","Defend_G","Defend_G","Defend_G","Defend_G","Strike_G","Strike_G","Survivor","Neutralize+1","A Thousand Cuts+1","Deadly Poison","Deadly Poison","Dodge and Roll","Crippling Poison","Caltrops","Malaise+1","Backflip","Cloak And Dagger","After Image+1","Dagger Spray","Prepared","Tools of the Trade","Dagger Throw+1","Catalyst","Crippling Poison+1","Prepared+1","Wraith Form v2","Dodge and Roll+1","Dark Shackles+1","Deadly Poison+1","Acrobatics+1","Venomology+1","Acrobatics+1","Backflip+1","Footwork"],"special_seed":0,"relics":["Ring of the Snake","Golden Idol","Blood Vial","Vajra","Bottled Tornado","Fusion Hammer","OrangePellets","Omamori","Ice Cream","Toxic Egg 2","Regal Pillow","Cursed Key","Lantern"],"potions_floor_usage":[51],"damage_taken":[{"damage":9.0,"enemies":"Jaw Worm","floor":1.0,"turns":7.0},{"damage":3.0,"enemies":"Small Slimes","floor":3.0,"turns":5.0},{"damage":0.0,"enemies":"2 Louse","floor":5.0,"turns":2.0},{"damage":19.0,"enemies":"Lagavulin","floor":8.0,"turns":8.0},{"damage":20.0,"enemies":"Exordium Thugs","floor":10.0,"turns":4.0},{"damage":28.0,"enemies":"3 Sentries","floor":14.0,"turns":12.0},{"damage":1.0,"enemies":"Hexaghost","floor":16.0,"turns":10.0},{"damage":0.0,"enemies":"3 Byrds","floor":18.0,"turns":2.0},{"damage":0.0,"enemies":"Spheric Guardian","floor":21.0,"turns":6.0},{"damage":13.0,"enemies":"Shelled Parasite and Fungi","floor":22.0,"turns":9.0},{"damage":5.0,"enemies":"Book of Stabbing","floor":23.0,"turns":8.0},{"damage":22.0,"enemies":"Slavers","floor":25.0,"turns":5.0},{"damage":21.0,"enemies":"Book of Stabbing","floor":29.0,"turns":7.0},{"damage":9.0,"enemies":"Snecko","floor":31.0,"turns":6.0},{"damage":42.0,"enemies":"Automaton","floor":33.0,"turns":11.0},{"damage":2.0,"enemies":"Orb Walker","floor":35.0,"turns":4.0},{"damage":24.0,"enemies":"3 Darklings","floor":37.0,"turns":5.0},{"damage":0.0,"enemies":"Sphere and 2 Shapes","floor":39.0,"turns":7.0},{"damage":5.0,"enemies":"Nemesis","floor":40.0,"turns":10.0},{"damage":0.0,"enemies":"Maw","floor":44.0,"turns":7.0},{"damage":20.0,"enemies":"Writhing Mass","floor":45.0,"turns":7.0},{"damage":0.0,"enemies":"Sphere and 2 Shapes","floor":48.0,"turns":6.0},{"damage":36.0,"enemies":"Awakened One","floor":50.0,"turns":24.0},{"damage":24,"enemies":"Donu and Deca","floor":51,"turns":10}],"seed_played":"5898335022663706316","potions_obtained":[{"floor":1.0,"key":"Regen Potion"},{"floor":5.0,"key":"Regen Potion"},{"floor":14.0,"key":"Strength Potion"},{"floor":16.0,"key":"SkillPotion"},{"floor":18.0,"key":"PowerPotion"},{"floor":31.0,"key":"GhostInAJar"},{"floor":33.0,"key":"Ancient Potion"},{"floor":40.0,"key":"SkillPotion"},{"floor":45.0,"key":"Poison Potion"}],"is_trial":false,"path_per_floor":["M","?","M","?","M","R","$","E","T","M","R","?","?","E","R","B",null,"M","?","$","M","M","E","R","E","T","$","R","E","R","M","R","B",null,"M","$","M","?","M","E","R","$","T","M","M","$","R","M","R","B","B"],"character_chosen":"THE_SILENT","items_purchased":["Crippling Poison","Caltrops","OrangePellets","Crippling Poison+1","Dark Shackles+1","Acrobatics+1","Footwork"],"campfire_rested":7,"item_purchase_floors":[7,7,20,27,36,42,46],"current_hp_per_floor":[50,39,36,36,36,36,36,32,32,28,44,44,44,18,18,19,45,47,47,47,49,38,35,51,31,31,31,47,28,54,45,45,5,42,42,42,20,20,22,19,50,50,50,52,34,34,54,54,54,18,0],"gold":65,"neow_bonus":"THREE_RARE_CARDS","is_prod":false,"is_daily":false,"chose_seed":false,"campfire_upgraded":2,"win_rate":0,"timestamp":1548568493,"path_taken":["M","?","M","?","M","R","$","E","T","M","R","?","?","E","R","BOSS","M","?","$","M","M","E","R","E","T","$","R","E","R","M","R","BOSS","M","$","M","?","M","E","R","?","T","M","M","$","R","?","R","BOSS","BOSS"],"build_version":"2019-01-23","purchased_purges":1,"victory":false,"max_hp_per_floor":[60,60,60,54,54,54,54,54,54,54,54,54,54,54,54,54,54,54,54,54,54,54,54,54,54,54,54,54,54,54,54,54,54,54,54,54,54,54,54,54,54,54,54,54,54,54,54,54,54,54,54],"card_choices":[{"not_picked":["Storm of Steel","Die Die Die"],"picked":"A Thousand Cuts","floor":0.0},{"not_picked":["Choke","Riddle With Holes"],"picked":"Deadly Poison","floor":1.0},{"not_picked":["Underhanded Strike","Endless Agony"],"picked":"Deadly Poison","floor":3.0},{"not_picked":["Slice","Deflect"],"picked":"Dodge and Roll","floor":5.0},{"not_picked":["Expertise","Concentrate"],"picked":"Malaise","floor":8.0},{"not_picked":["Deflect","Acrobatics"],"picked":"Backflip","floor":10.0},{"not_picked":["Quick Slash","Finisher"],"picked":"Cloak And Dagger","floor":14.0},{"not_picked":["Malaise","Die Die Die"],"picked":"After Image","floor":16.0},{"not_picked":["Sucker Punch","Deflect"],"picked":"Dagger Spray","floor":18.0},{"not_picked":["Sucker Punch","Concentrate","Flying Knee"],"picked":"SKIP","floor":21.0},{"not_picked":["Concentrate+1","Prepared"],"picked":"Dagger Throw+1","floor":22.0},{"not_picked":["Outmaneuver","Escape Plan"],"picked":"Catalyst","floor":23.0},{"not_picked":["Dagger Spray+1","Unload","Deflect+1"],"picked":"SKIP","floor":25.0},{"not_picked":["Bane","Slice+1"],"picked":"Prepared+1","floor":29.0},{"not_picked":["Quick Slash","Prepared+1","Caltrops"],"picked":"SKIP","floor":31.0},{"not_picked":["Envenom","A Thousand Cuts"],"picked":"Wraith Form v2","floor":33.0},{"not_picked":["Slice","Flechettes"],"picked":"Dodge and Roll+1","floor":35.0},{"not_picked":["Prepared+1","Deflect+1"],"picked":"Deadly Poison+1","floor":37.0},{"not_picked":["Backflip+1","Dagger Spray"],"picked":"Acrobatics+1","floor":39.0},{"not_picked":["Dagger Spray","Underhanded Strike"],"picked":"Venomology+1","floor":40.0},{"not_picked":["Dagger Spray","Blade Dance+1"],"picked":"Backflip+1","floor":44.0},{"not_picked":["Caltrops","Backstab","Prepared+1"],"picked":"SKIP","floor":45.0},{"not_picked":["Deadly Poison+1","Choke","Flying Knee"],"picked":"SKIP","floor":48.0}],"player_experience":678648,"relics_obtained":[{"floor":8.0,"key":"Blood Vial"},{"floor":9.0,"key":"Vajra"},{"floor":14.0,"key":"Bottled Tornado"},{"floor":23.0,"key":"Omamori"},{"floor":25.0,"key":"Ice Cream"},{"floor":26.0,"key":"Toxic Egg 2"},{"floor":29.0,"key":"Regal Pillow"},{"floor":40.0,"key":"Lantern"}],"event_choices":[{"damage_healed":0.0,"max_hp_gain":0.0,"max_hp_loss":0.0,"gold_gain":75.0,"event_name":"World of Goop","player_choice":"Gather Gold","floor":2.0,"gold_loss":0.0,"damage_taken":11.0},{"damage_healed":0.0,"max_hp_gain":0.0,"max_hp_loss":6.0,"gold_gain":0.0,"event_name":"Golden Idol","player_choice":"Lose Max HP","floor":4.0,"gold_loss":0.0,"damage_taken":0.0,"relics_obtained":["Golden Idol"]},{"damage_healed":0.0,"max_hp_gain":0.0,"max_hp_loss":0.0,"gold_gain":0.0,"event_name":"Living Wall","player_choice":"Grow","floor":12.0,"gold_loss":0.0,"damage_taken":0.0,"cards_upgraded":["Neutralize"]},{"damage_healed":0.0,"max_hp_gain":0.0,"max_hp_loss":0.0,"gold_gain":0.0,"event_name":"Liars Game","player_choice":"Ignored","floor":13.0,"gold_loss":0.0,"damage_taken":0.0},{"damage_healed":0.0,"max_hp_gain":0.0,"max_hp_loss":0.0,"gold_gain":0.0,"cards_transformed":["Strike_G","Strike_G"],"event_name":"Drug Dealer","player_choice":"Became Test Subject","floor":19.0,"gold_loss":0.0,"damage_taken":0.0,"cards_obtained":["Prepared","Tools of the Trade"]},{"damage_healed":0.0,"max_hp_gain":0.0,"max_hp_loss":0.0,"gold_gain":0.0,"event_name":"Upgrade Shrine","player_choice":"Upgraded","floor":38.0,"gold_loss":0.0,"damage_taken":0.0,"cards_upgraded":["After Image"]}],"is_beta":true,"boss_relics":[{"not_picked":["Orrery","Calling Bell"],"picked":"Fusion Hammer"},{"not_picked":["Velvet Choker","Empty Cage"],"picked":"Cursed Key"}],"items_purged_floors":[36],"is_endless":false,"potions_floor_spawned":[1,5,14,16,18,31,33,39,40,45],"killed_by":"Donu and Deca","ascension_level":20}