{"path_per_floor":["M","$","?","M","M","R","E","M","T","?","M","R","?","M","R","B",null,"M","M","T","M","?","R","M","R","T","M","E","M","M","$","R"],"character_chosen":"IRONCLAD","items_purchased":["Shrug It Off","True Grit","Lantern","Shrug It Off","Body Slam","Armaments"],"gold_per_floor":[117,47,47,59,74,74,106,116,168,198,209,209,209,229,229,355,355,376,391,418,434,414,414,428,428,428,441,485,504,527,183,183],"floor_reached":33,"campfire_rested":2,"playtime":2394,"current_hp_per_floor":[78,78,78,77,80,80,55,56,56,39,24,24,24,15,37,9,58,54,54,61,53,53,53,40,40,40,42,22,18,21,21,44],"items_purged":["Parasite"],"gold":183,"score":407,"play_id":"3d3308dd-f62f-401a-bc9c-ecc8dfff8964","is_prod":false,"is_daily":false,"is_ascension_mode":true,"campfire_upgraded":4,"path_taken":["M","$","?","M","?","R","E","M","T","?","M","R","?","M","R","BOSS","M","M","?","M","?","R","M","R","T","M","E","?","M","?","R","BOSS"],"build_version":"2018-02-12-PROD1","purchased_purges":1,"victory":false,"master_deck":["Strike_R","Strike_R","Strike_R","Strike_R","Strike_R","Defend_R","Defend_R","Defend_R","Defend_R","Bash","Pommel Strike","Shrug It Off","True Grit+1","Disarm+1","Metallicize+1","Body Slam+1","Body Slam+1","Pommel Strike","Offering","Flame Barrier","Sentinel+1","Headbutt","Evolve","Warcry","Shrug It Off","Body Slam","Armaments"],"max_hp_per_floor":[80,80,80,80,80,80,80,80,80,80,80,80,74,74,74,74,74,74,74,81,81,81,81,81,81,81,81,81,81,81,78,78],"relics":["Burning Blood","Oddly Smooth Stone","Bottled Flame","Art of War","Odd Mushroom","Golden Idol","White Beast Statue","Strawberry","Du-Vu Doll","Ginger","Lantern"],"card_choices":[{"not_picked":["Thunderclap","Twin Strike"],"picked":"Pommel Strike"},{"not_picked":["Cleave","Seeing Red"],"picked":"Disarm"},{"not_picked":["Fiend Fire","Disarm"],"picked":"Metallicize"},{"not_picked":["Sword Boomerang","Disarm"],"picked":"Body Slam"},{"not_picked":["Second Wind","Evolve"],"picked":"Body Slam"},{"not_picked":["Rage","Armaments"],"picked":"Pommel Strike"},{"not_picked":["Limit Break","Juggernaut"],"picked":"Offering"},{"not_picked":["Body Slam","Twin Strike"],"picked":"Flame Barrier"},{"not_picked":["Wild Strike","Fire Breathing"],"picked":"Sentinel"},{"not_picked":["Heavy Blade","Clothesline"],"picked":"Headbutt"},{"not_picked":["Fire Breathing","Armaments"],"picked":"Evolve"},{"not_picked":["Anger","Heavy Blade"],"picked":"Warcry"}],"player_experience":342310,"potions_floor_usage":[7,10,21,21,21,24,28,29,30,30,33,33],"damage_taken":[{"damage":0,"enemies":"Cultist","floor":1,"turns":3},{"damage":7,"enemies":"Blue Slaver","floor":4,"turns":4},{"damage":1,"enemies":"2 Louse","floor":5,"turns":3},{"damage":31,"enemies":"Gremlin Nob","floor":7,"turns":5},{"damage":5,"enemies":"Gremlin Gang","floor":8,"turns":8},{"damage":23,"enemies":"The Mushroom Lair","floor":10,"turns":5},{"damage":21,"enemies":"Large Slime","floor":11,"turns":8},{"damage":15,"enemies":"Exordium Thugs","floor":14,"turns":7},{"damage":34,"enemies":"The Guardian","floor":16,"turns":14},{"damage":10,"enemies":"2 Thieves","floor":18,"turns":5},{"damage":6,"enemies":"Chosen","floor":19,"turns":7},{"damage":14,"enemies":"3 Cultists","floor":21,"turns":6},{"damage":19,"enemies":"Slaver and Parasite","floor":24,"turns":12},{"damage":4,"enemies":"Centurion and Healer","floor":27,"turns":10},{"damage":26,"enemies":"Book of Stabbing","floor":28,"turns":8},{"damage":10,"enemies":"Chosen and Byrds","floor":29,"turns":9},{"damage":3,"enemies":"Snecko","floor":30,"turns":6},{"damage":68,"enemies":"Collector","floor":33,"turns":7}],"event_choices":[{"event_name":"Upgrade Shrine","player_choice":"Upgraded","floor":3,"damage_taken":0},{"event_name":"Mushrooms","player_choice":"Fought Mushrooms","floor":10,"damage_taken":0},{"event_name":"Golden Idol","player_choice":"Lose Max HP","floor":13,"damage_taken":0},{"event_name":"The Woman in Blue","player_choice":"Bought 1 Potion","floor":22,"damage_taken":0}],"boss_relics":[{"not_picked":["Tiny House","Runic Pyramid"],"picked":"White Beast Statue"}],"potions_floor_spawned":[5,7,16,18,19,21,24,27,28,29,30],"seed_played":"-289077094568097079","killed_by":"Collector","ascension_level":10,"is_trial":false}