{"path_per_floor":["M","?","?","?","M","R","M","M","T","T","M","$","R","M","R","B",null,"M","T","T","T","M","R","E","M","T","$","M","R","M","M","R","B",null,"M","M","$","?","M","R","E","R","T","M","E","R","M","M","R","B"],"character_chosen":"IRONCLAD","items_purchased":["Ornamental Fan","Paper Frog","Pen Nib","Fire Potion"],"gold_per_floor":[109,109,109,109,122,122,138,158,215,269,293,218,218,241,241,362,362,382,382,382,461,484,484,524,545,545,69,93,93,107,121,121,245,245,264,289,31,0,16,16,47,47,73,91,126,126,145,164,164,164],"floor_reached":51,"campfire_rested":1,"playtime":2136,"current_hp_per_floor":[69,69,69,54,60,60,66,71,71,71,73,73,73,70,70,22,63,36,36,36,36,40,40,34,48,48,48,52,52,52,61,61,34,76,73,70,70,70,64,64,56,56,56,56,64,64,68,67,95,40],"items_purged":["Strike_R","Strike_R","Defend_R"],"gold":164,"score":804,"play_id":"3c13f373-543a-445e-8790-4cc09c8a0beb","is_prod":false,"is_daily":false,"is_ascension_mode":true,"campfire_upgraded":9,"path_taken":["M","?","?","?","M","R","M","M","T","?","M","$","R","M","R","BOSS","M","?","?","?","M","R","E","M","T","?","M","R","?","M","R","BOSS","M","M","$","?","M","R","E","R","T","M","E","R","M","M","R","BOSS"],"build_version":"2018-02-08-PROD1","purchased_purges":3,"victory":true,"master_deck":["Strike_R+1","Strike_R+1","Defend_R","Defend_R","Defend_R+1","Bash+1","Shrug It Off+1","Rampage+1","Pommel Strike+1","Thunderclap","Rampage+1","Flex","Offering+1","Dual Wield+1","Pommel Strike+1","Inflame+1","Pommel Strike+1","Bloodletting+1","Spot Weakness+1"],"max_hp_per_floor":[80,74,74,74,74,74,74,74,74,74,76,76,76,76,76,76,76,78,78,78,78,80,80,82,84,84,84,86,86,86,88,88,90,90,90,92,92,92,92,92,94,94,94,94,94,94,96,96,96,96],"relics":["Burning Blood","Bronze Scales","Golden Idol","Tiny Chest","Singing Bowl","Philosopher\u0027s Stone","Thread and Needle","Torii","The Courier","Meat on the Bone","Ancient Tea Set","Ornamental Fan","Paper Frog","Runic Cube","Pen Nib","Red Mask","Bag of Preparation","Prayer Wheel","Magic Flower"],"card_choices":[{"not_picked":["Pommel Strike","Wild Strike"],"picked":"Shrug It Off"},{"not_picked":["Dual Wield","Hemokinesis"],"picked":"Pommel Strike"},{"not_picked":["Clash","Searing Blow"],"picked":"Thunderclap"},{"not_picked":["Wild Strike","Warcry"],"picked":"Rampage"},{"not_picked":["Rampage","Thunderclap"],"picked":"Flex"},{"not_picked":["Barricade","Bludgeon"],"picked":"Offering"},{"not_picked":["Juggernaut","Clash"],"picked":"Dual Wield"},{"not_picked":["Iron Wave","Perfected Strike"],"picked":"Pommel Strike"},{"not_picked":["Warcry","Flex"],"picked":"Inflame"},{"not_picked":["Rupture","Entrench"],"picked":"Pommel Strike"},{"not_picked":["Uppercut","Body Slam"],"picked":"Bloodletting"},{"not_picked":["Intimidate","Perfected Strike"],"picked":"Spot Weakness"}],"player_experience":326708,"potions_floor_usage":[41,41,41,50,50],"damage_taken":[{"damage":9.0,"enemies":"2 Louse","floor":1.0,"turns":2.0},{"damage":0.0,"enemies":"Cultist","floor":5.0,"turns":2.0},{"damage":0.0,"enemies":"Small Slimes","floor":7.0,"turns":3.0},{"damage":1.0,"enemies":"3 Louse","floor":8.0,"turns":3.0},{"damage":6.0,"enemies":"Gremlin Gang","floor":11.0,"turns":2.0},{"damage":9.0,"enemies":"Looter","floor":14.0,"turns":3.0},{"damage":54.0,"enemies":"Slime Boss","floor":16.0,"turns":10.0},{"damage":35.0,"enemies":"3 Byrds","floor":18.0,"turns":4.0},{"damage":4.0,"enemies":"Shell Parasite","floor":22.0,"turns":1.0},{"damage":14.0,"enemies":"Gremlin Leader","floor":24.0,"turns":6.0},{"damage":6.0,"enemies":"Centurion and Healer","floor":25.0,"turns":5.0},{"damage":4.0,"enemies":"Snecko","floor":28.0,"turns":3.0},{"damage":6.0,"enemies":"Slaver and Parasite","floor":30.0,"turns":3.0},{"damage":11.0,"enemies":"Snake Plant","floor":31.0,"turns":2.0},{"damage":47.0,"enemies":"Collector","floor":33.0,"turns":6.0},{"damage":9.0,"enemies":"Orb Walker","floor":35.0,"turns":3.0},{"damage":11.0,"enemies":"3 Darklings","floor":36.0,"turns":4.0},{"damage":12.0,"enemies":"Maw","floor":39.0,"turns":5.0},{"damage":28,"enemies":"Nemesis","floor":41,"turns":4},{"damage":18,"enemies":"4 Shapes","floor":44,"turns":5},{"damage":10,"enemies":"Giant Head","floor":45,"turns":5},{"damage":7,"enemies":"3 Darklings","floor":47,"turns":1},{"damage":10,"enemies":"Maw","floor":48,"turns":4},{"damage":82,"enemies":"Time Eater","floor":50,"turns":5}],"event_choices":[{"event_name":"Golden Idol","player_choice":"Lose Max HP","floor":2.0,"damage_taken":0.0},{"event_name":"Transmorgrifier","player_choice":"Transform","floor":3.0,"damage_taken":0.0},{"event_name":"Shining Light","player_choice":"Entered Light","floor":4.0,"damage_taken":0.0},{"event_name":"Tomb of Lord Red Mask","player_choice":"Paid","floor":38.0,"damage_taken":0.0}],"boss_relics":[],"potions_floor_spawned":[1,7,14,16,18,22,25,28,33,35,39,44,47,48],"seed_played":"5941025059800779310","ascension_level":8,"is_trial":false}