{"path_per_floor":["M","?","$","M","M","R","E","T","T","E","R","E","M","M","R","B",null,"M","?","M","M","M","R"],"character_chosen":"IRONCLAD","items_purchased":[],"gold_per_floor":[13,13,13,24,37,37,95,169,169,196,196,228,243,260,260,362,362,380,380,393,407,417,417],"floor_reached":24,"campfire_rested":2,"playtime":1647,"current_hp_per_floor":[77,77,77,59,48,48,37,37,37,20,44,26,17,20,44,19,80,83,83,71,30,33,33],"items_purged":[],"gold":417,"play_id":"f53c3988-5a20-4218-b399-45797847f216","is_prod":false,"is_daily":false,"is_ascension_mode":true,"campfire_upgraded":2,"path_taken":["M","?","?","M","M","R","E","?","T","E","R","E","?","?","R","BOSS","M","?","M","M","M","R","E"],"build_version":"2018-01-25-PROD3","purchased_purges":0,"victory":false,"master_deck":["Strike_R","Strike_R","Strike_R","Strike_R","Strike_R","Defend_R","Defend_R","Defend_R","Bash","Uppercut+1","Metallicize+1","Cleave","Infernal Blade","Feed","Warcry+1","Clothesline+1","Sword Boomerang+1"],"max_hp_per_floor":[80,80,80,80,80,80,80,80,80,80,80,80,80,80,80,80,80,83,83,86,89,89,89],"relics":["Black Blood","Bird Faced Urn","Tiny Chest","Bottled Flame","Lantern","Oddly Smooth Stone","Bronze Scales"],"card_choices":[{"not_picked":["Armaments","Spot Weakness"],"picked":"Uppercut"},{"not_picked":["Twin Strike","True Grit"],"picked":"Metallicize"},{"not_picked":["Dark Embrace","Burning Pact"],"picked":"Cleave"},{"not_picked":["Clothesline","Armaments"],"picked":"Infernal Blade"},{"not_picked":["Exhume","Fiend Fire"],"picked":"Feed"},{"not_picked":["Headbutt","Sentinel"],"picked":"Warcry"},{"not_picked":["Fire Breathing","Anger"],"picked":"Clothesline"},{"not_picked":["Flex","Power Through"],"picked":"Sword Boomerang"}],"player_experience":184980,"potions_floor_usage":[7,7,10,12,21,22],"damage_taken":[{"damage":9,"enemies":"2 Louse","floor":1,"turns":2},{"damage":24,"enemies":"Blue Slaver","floor":4,"turns":4},{"damage":17,"enemies":"Small Slimes","floor":5,"turns":3},{"damage":17,"enemies":"Gremlin Nob","floor":7,"turns":4},{"damage":25,"enemies":"Lagavulin","floor":10,"turns":5},{"damage":26,"enemies":"3 Sentries","floor":12,"turns":6},{"damage":17,"enemies":"Exordium Thugs","floor":13,"turns":4},{"damage":3,"enemies":"Exordium Wildlife","floor":14,"turns":3},{"damage":33,"enemies":"Slime Boss","floor":16,"turns":9},{"damage":12,"enemies":"3 Byrds","floor":18,"turns":3},{"damage":25,"enemies":"Chosen","floor":20,"turns":5},{"damage":56,"enemies":"Slaver and Parasite","floor":21,"turns":7},{"damage":9,"enemies":"Chosen and Byrds","floor":22,"turns":5},{"damage":40,"enemies":"Slavers","floor":24,"turns":2}],"event_choices":[{"event_name":"Bonfire Elementals","player_choice":"BASIC","floor":2,"damage_taken":0},{"event_name":"N\u0027loth","player_choice":"Ignored","floor":19,"damage_taken":0}],"boss_relics":[{"not_picked":["Calling Bell","Ectoplasm"],"picked":"Black Blood"}],"potions_floor_spawned":[4,5,7,10,16,21],"seed_played":"-8847961811048372008","killed_by":"Slavers","ascension_level":2,"is_trial":false}