{"gold_per_floor":[114,114,189,205,218,218,244,272,296,52,52,152,152,165,165,165],"floor_reached":16,"playtime":421,"items_purged":[],"score":98,"play_id":"8e802e31-c931-45f9-b4b2-93ab638647be","local_time":"20190128175002","is_ascension_mode":false,"campfire_choices":[{"floor":6,"key":"REST"},{"floor":11,"key":"REST"},{"floor":13,"key":"REST"},{"data":"Neutralize","floor":15,"key":"SMITH"}],"neow_cost":"NONE","seed_source_timestamp":434519229639625,"circlet_count":0,"master_deck":["Defend_G","Defend_G","Defend_G","Defend_G","Defend_G","Strike_G","Strike_G","Strike_G","Strike_G","Strike_G","Survivor","Neutralize+1","Accuracy","Accuracy"],"relics":["Ring of the Snake","PreservedInsect","Odd Mushroom","Paper Crane","Regal Pillow","Ninja Scroll"],"potions_floor_usage":[7,7],"damage_taken":[{"damage":0,"enemies":"Jaw Worm","floor":1,"turns":4},{"damage":0,"enemies":"2 Louse","floor":4,"turns":5},{"damage":4,"enemies":"Small Slimes","floor":5,"turns":4},{"damage":25,"enemies":"The Mushroom Lair","floor":7,"turns":7},{"damage":36,"enemies":"Gremlin Nob","floor":8,"turns":5},{"damage":18,"enemies":"Exordium Thugs","floor":14,"turns":7},{"damage":46,"enemies":"The Guardian","floor":16,"turns":14}],"seed_played":"-9042225657834563227","potions_obtained":[{"floor":1,"key":"Weak Potion"},{"floor":4,"key":"Block Potion"}],"is_trial":false,"path_per_floor":["M","?","?","M","M","R","?","E","T","$","R","?","R","M","R","B"],"character_chosen":"THE_SILENT","items_purchased":["Ninja Scroll"],"campfire_rested":3,"item_purchase_floors":[10],"current_hp_per_floor":[77,74,63,63,59,77,52,16,16,16,54,54,77,59,59,13],"gold":165,"neow_bonus":"TEN_PERCENT_HP_BONUS","is_prod":false,"is_daily":false,"chose_seed":false,"campfire_upgraded":1,"win_rate":0,"timestamp":1548715802,"path_taken":["M","?","?","M","M","R","?","E","T","$","R","?","R","?","R","BOSS"],"build_version":"2019-01-23","purchased_purges":0,"victory":false,"max_hp_per_floor":[77,77,77,77,77,77,77,77,77,77,77,77,77,77,77,77],"card_choices":[{"not_picked":["Finisher","Setup"],"picked":"Accuracy","floor":1},{"not_picked":["Blur","Slice"],"picked":"Accuracy","floor":4},{"not_picked":["Eviscerate","Slice","Caltrops"],"picked":"SKIP","floor":5},{"not_picked":["Night Terror","Poisoned Stab","All Out Attack"],"picked":"SKIP","floor":8},{"not_picked":["PiercingWail","Sucker Punch","Bane"],"picked":"SKIP","floor":14}],"player_experience":174857,"relics_obtained":[{"floor":7,"key":"Odd Mushroom"},{"floor":8,"key":"Paper Crane"},{"floor":9,"key":"Regal Pillow"}],"event_choices":[{"damage_healed":0,"gold_gain":0,"player_choice":"Success","damage_taken":3,"relics_obtained":["PreservedInsect"],"max_hp_gain":0,"max_hp_loss":0,"event_name":"Scrap Ooze","floor":2,"gold_loss":0},{"damage_healed":0,"gold_gain":75,"player_choice":"Gather Gold","damage_taken":11,"max_hp_gain":0,"max_hp_loss":0,"event_name":"World of Goop","floor":3,"gold_loss":0},{"damage_healed":0,"gold_gain":0,"player_choice":"Fought Mushrooms","damage_taken":0,"max_hp_gain":0,"max_hp_loss":0,"event_name":"Mushrooms","floor":7,"gold_loss":0},{"damage_healed":0,"gold_gain":100,"player_choice":"Pray","damage_taken":0,"max_hp_gain":0,"max_hp_loss":0,"event_name":"Golden Shrine","floor":12,"gold_loss":0}],"is_beta":false,"boss_relics":[],"items_purged_floors":[],"is_endless":false,"potions_floor_spawned":[1,4],"killed_by":"The Guardian","ascension_level":0}