{"gold_per_floor":[210,210,89,108,108,140,157,176,203,203,230,260,284,308,320,436,448,448,43,43,43,43,43,43,43,43,43,43,43,43,43,43,43,43,43],"floor_reached":35,"playtime":1110,"items_purged":["Strike_R"],"score":389,"play_id":"84459f11-52cc-49fa-b1f2-2e535be507b7","local_time":"20190127010644","is_ascension_mode":false,"campfire_choices":[{"floor":10,"key":"REST"},{"data":"Armaments","floor":15,"key":"SMITH"},{"data":"Demon Form","floor":23,"key":"SMITH"},{"floor":27,"key":"REST"},{"floor":32,"key":"REST"}],"neow_cost":"NONE","seed_source_timestamp":287226323983742,"circlet_count":0,"master_deck":["Bash","Armaments+1","Flex","Cleave","Flex","Twin Strike","Demon Form+1","Cleave+1","Sword Boomerang","Sword Boomerang+1","Evolve","Armaments","Dual Wield","Combust","Headbutt","Perfected Strike","Bloodletting"],"relics":["Burning Blood","Anchor","Happy Flower","Odd Mushroom","MawBank","Ectoplasm","Sling","Ancient Tea Set","Kunai","Lantern","Pandora\u0027s Box"],"potions_floor_usage":[12,16,16,30,33],"damage_taken":[{"damage":15,"enemies":"Jaw Worm","floor":1,"turns":4},{"damage":5,"enemies":"2 Louse","floor":4,"turns":2},{"damage":34,"enemies":"3 Sentries","floor":6,"turns":10},{"damage":6,"enemies":"Cultist","floor":7,"turns":3},{"damage":0,"enemies":"Exordium Wildlife","floor":8,"turns":3},{"damage":7,"enemies":"The Mushroom Lair","floor":11,"turns":5},{"damage":20,"enemies":"Gremlin Nob","floor":12,"turns":4},{"damage":5,"enemies":"Looter","floor":13,"turns":3},{"damage":0,"enemies":"3 Louse","floor":14,"turns":2},{"damage":46,"enemies":"The Guardian","floor":16,"turns":9},{"damage":0,"enemies":"Chosen","floor":18,"turns":4},{"damage":0,"enemies":"Spheric Guardian","floor":21,"turns":2},{"damage":5,"enemies":"3 Cultists","floor":25,"turns":4},{"damage":14,"enemies":"Centurion and Healer","floor":28,"turns":3},{"damage":0,"enemies":"Chosen and Byrds","floor":29,"turns":4},{"damage":61,"enemies":"Gremlin Leader","floor":30,"turns":5},{"damage":2,"enemies":"3 Cultists","floor":31,"turns":3},{"damage":19,"enemies":"Champ","floor":33,"turns":8},{"damage":0,"enemies":"3 Darklings","floor":35,"turns":1}],"seed_played":"-6940815580755037276","potions_obtained":[{"floor":4,"key":"Regen Potion"},{"floor":7,"key":"GamblersBrew"},{"floor":11,"key":"Fire Potion"},{"floor":14,"key":"AttackPotion"},{"floor":16,"key":"Dexterity Potion"},{"floor":18,"key":"Fire Potion"},{"floor":30,"key":"FearPotion"}],"is_trial":false,"path_per_floor":["M","?","$","M","?","E","M","M","T","R","?","E","M","M","R","B",null,"M","$","?","M","?","R","?","M","T","R","M","M","E","M","R","B",null,"M"],"character_chosen":"IRONCLAD","items_purchased":["Armaments","Sword Boomerang","Sling","Ancient Tea Set"],"campfire_rested":3,"item_purchase_floors":[3,19,19,19],"current_hp_per_floor":[71,64,64,65,80,52,52,58,58,80,79,65,66,72,72,47,80,80,80,80,80,80,80,65,66,66,85,77,83,28,32,57,44,85,85],"gold":43,"neow_bonus":"HUNDRED_GOLD","is_prod":false,"is_daily":false,"chose_seed":false,"campfire_upgraded":2,"win_rate":0,"timestamp":1548569204,"path_taken":["M","?","$","M","?","E","?","M","T","R","?","E","M","M","R","BOSS","M","$","?","M","?","R","?","M","T","R","M","M","E","M","R","BOSS","M"],"build_version":"2019-01-23","purchased_purges":1,"victory":false,"max_hp_per_floor":[80,80,80,80,80,80,80,80,80,80,80,80,80,80,80,80,80,80,80,80,80,80,80,85,85,85,85,85,85,85,85,85,85,85,85],"card_choices":[{"not_picked":["Havoc","Clothesline","Heavy Blade"],"picked":"SKIP","floor":1},{"not_picked":["Heavy Blade","Rage"],"picked":"Flex","floor":4},{"not_picked":["Armaments","Dropkick"],"picked":"Cleave","floor":6},{"not_picked":["Second Wind","Heavy Blade","Perfected Strike"],"picked":"SKIP","floor":7},{"not_picked":["Sword Boomerang","Ghostly Armor"],"picked":"Flex","floor":8},{"not_picked":["Clothesline","Flame Barrier","Wild Strike"],"picked":"SKIP","floor":12},{"not_picked":["True Grit","Heavy Blade"],"picked":"Twin Strike","floor":13},{"not_picked":["Offering","Shrug It Off","Havoc"],"picked":"SKIP","floor":14},{"not_picked":["Limit Break","Juggernaut"],"picked":"Demon Form","floor":16},{"not_picked":["Body Slam","Armaments+1"],"picked":"Cleave+1","floor":18},{"not_picked":["Warcry","Shrug It Off","Combust"],"picked":"SKIP","floor":21},{"not_picked":["Seeing Red","True Grit+1"],"picked":"Sword Boomerang+1","floor":25},{"not_picked":["Havoc","Reckless Charge","Wild Strike+1"],"picked":"SKIP","floor":28},{"not_picked":["Anger","Warcry+1","Flame Barrier"],"picked":"SKIP","floor":29},{"not_picked":["Carnage+1","Wild Strike","Iron Wave"],"picked":"SKIP","floor":30},{"not_picked":["Armaments","Disarm","Carnage"],"picked":"SKIP","floor":31}],"player_experience":150551,"relics_obtained":[{"floor":6,"key":"Anchor"},{"floor":9,"key":"Happy Flower"},{"floor":11,"key":"Odd Mushroom"},{"floor":12,"key":"MawBank"},{"floor":26,"key":"Kunai"},{"floor":30,"key":"Lantern"}],"event_choices":[{"cards_removed":["Defend_R"],"damage_healed":0,"gold_gain":0,"player_choice":"Card Removal","damage_taken":7,"max_hp_gain":0,"max_hp_loss":0,"event_name":"Golden Wing","floor":2,"gold_loss":0},{"damage_healed":15,"gold_gain":0,"player_choice":"Full Heal","damage_taken":0,"max_hp_gain":0,"max_hp_loss":0,"event_name":"Wheel of Change","floor":5,"gold_loss":0},{"damage_healed":0,"gold_gain":0,"player_choice":"Fought Mushrooms","damage_taken":0,"max_hp_gain":0,"max_hp_loss":0,"event_name":"Mushrooms","floor":11,"gold_loss":0},{"damage_healed":0,"gold_gain":0,"player_choice":"Ignored","damage_taken":0,"max_hp_gain":0,"max_hp_loss":0,"event_name":"Vampires","floor":20,"gold_loss":0},{"damage_healed":0,"gold_gain":0,"player_choice":"Simplicity","damage_taken":0,"max_hp_gain":0,"max_hp_loss":0,"event_name":"Back to Basics","floor":22,"gold_loss":0,"cards_upgraded":["Strike_R","Strike_R","Strike_R","Strike_R","Defend_R","Defend_R","Defend_R"]},{"damage_healed":0,"gold_gain":0,"player_choice":"Shed Blood","damage_taken":20,"max_hp_gain":5,"max_hp_loss":0,"event_name":"Forgotten Altar","floor":24,"gold_loss":0}],"is_beta":false,"boss_relics":[{"not_picked":["Fusion Hammer","Coffee Dripper"],"picked":"Ectoplasm"},{"not_picked":["Orrery","Busted Crown"],"picked":"Pandora\u0027s Box"}],"items_purged_floors":[3],"is_endless":false,"potions_floor_spawned":[4,7,11,14,16,18,25,28,30],"killed_by":"3 Darklings","ascension_level":0}