{"path_per_floor":["M","M","M","?","$","R","E","?","T","R","?","M","M","E","R"],"character_chosen":"DEFECT","items_purchased":["Capacitor","Leap"],"gold_per_floor":[19,30,43,118,20,20,54,54,54,54,54,72,95,136,136,136],"floor_reached":16,"campfire_rested":1,"playtime":443,"current_hp_per_floor":[68,61,61,50,50,50,33,58,58,58,58,45,32,20,40,0],"items_purged":[],"gold":136,"score":143,"play_id":"72964a22-31b8-4d21-bdc1-f864b8004d59","local_time":"20180504225958","is_prod":false,"is_daily":false,"chose_seed":false,"is_ascension_mode":true,"campfire_upgraded":2,"timestamp":1525445998,"path_taken":["M","M","M","?","$","R","E","?","T","R","?","M","M","E","R","BOSS"],"build_version":"2018-05-03","seed_source_timestamp":815094246883235,"purchased_purges":0,"victory":false,"master_deck":["Strike_B","Strike_B","Strike_B","Strike_B","Defend_B","Defend_B","Defend_B","Defend_B","Zap+1","Dualcast","Static Discharge","Heatsinks","Go for the Eyes","Capacitor","Leap","Gash+1","Undo","Turbo","Fusion","Leap"],"max_hp_per_floor":[75,75,75,75,75,75,75,75,75,75,69,69,69,69,69,69],"relics":["Cracked Core","Ice Cream","Bottled Lightning","Dream Catcher","Golden Idol","Omamori"],"card_choices":[{"not_picked":["Conserve Battery","BootSequence"],"picked":"Static Discharge","floor":1},{"not_picked":["Impulse","Hologram"],"picked":"Heatsinks","floor":2},{"not_picked":["Coolheaded","Sweeping Beam"],"picked":"Go for the Eyes","floor":3},{"not_picked":["Prime","Sweeping Beam"],"picked":"Gash","floor":7},{"not_picked":["Skim","Axe Kick"],"picked":"Undo","floor":12},{"not_picked":["Coolheaded","Consume"],"picked":"Turbo","floor":13},{"not_picked":["Streamline","Skim"],"picked":"Fusion","floor":14},{"not_picked":["Ball Lightning","Reinforced Body"],"picked":"Leap","floor":15}],"player_experience":939485,"potions_floor_usage":[7,14,14,16],"damage_taken":[{"damage":0,"enemies":"Jaw Worm","floor":1,"turns":4},{"damage":7,"enemies":"2 Louse","floor":2,"turns":2},{"damage":0,"enemies":"Small Slimes","floor":3,"turns":4},{"damage":17,"enemies":"3 Sentries","floor":7,"turns":8},{"damage":13,"enemies":"3 Louse","floor":12,"turns":3},{"damage":13,"enemies":"Blue Slaver","floor":13,"turns":3},{"damage":24,"enemies":"Gremlin Nob","floor":14,"turns":4},{"damage":50,"enemies":"Hexaghost","floor":16,"turns":10}],"event_choices":[{"event_name":"World of Goop","player_choice":"Gather Gold","floor":4,"damage_taken":0},{"event_name":"Big Fish","player_choice":"Banana","floor":8,"damage_taken":0},{"event_name":"Golden Idol","player_choice":"Lose Max HP","floor":11,"damage_taken":0}],"boss_relics":[],"potions_floor_spawned":[1,2,7,12,14],"seed_played":"158663163191444488","killed_by":"Hexaghost","ascension_level":6,"is_trial":false}