{"path_per_floor":["M","M","?","M","$","R","M","R","T","?","M","E","R","$","R","B",null,"M","M","?","$","?","R","E","R","T","?","M","R","E","M","R","B",null,"M","M","$","M","?","R","E","$","T","R","?","M","M","M","R"],"character_chosen":"IRONCLAD","items_purchased":["Ice Cream","Headbutt","Pantograph","Sword Boomerang"],"gold_per_floor":[361,380,330,340,39,39,54,54,54,54,70,95,95,45,45,146,146,158,172,172,97,97,97,131,131,158,158,178,178,210,220,220,322,322,336,353,9,21,21,21,55,9,58,58,58,78,89,109,109],"floor_reached":50,"campfire_rested":1,"playtime":3133,"current_hp_per_floor":[72,68,68,68,68,68,72,72,72,65,63,53,53,53,53,7,72,72,74,60,60,60,60,40,40,40,68,64,64,20,27,53,15,88,77,68,68,36,59,59,43,43,43,43,79,81,81,64,64],"items_purged":["Strike_R","Strike_R"],"gold":109,"score":460,"play_id":"80032462-4d66-4ab1-89d3-270dade04eff","is_prod":false,"is_daily":false,"is_ascension_mode":false,"campfire_upgraded":10,"path_taken":["M","M","?","M","$","R","M","R","T","?","?","E","R","$","R","BOSS","M","M","?","$","?","R","E","R","T","?","?","R","E","M","R","BOSS","M","M","$","M","?","R","E","$","T","R","?","M","?","M","R","BOSS"],"build_version":"2018-02-15-PROD1","purchased_purges":2,"victory":false,"master_deck":["Strike_R+1","Strike_R+1","Defend_R+1","Defend_R+1","Defend_R+1","Defend_R+1","Bash+1","Flex+1","Rampage+1","Pommel Strike+1","Pommel Strike","Shockwave+1","Headbutt","Double Tap+1","True Grit+1","Whirlwind+1","Flex+1","Shrug It Off+1","Limit Break+1","Power Through+1","Reaper","Writhe","Seeing Red+1","Sword Boomerang+1","Entrench+1","Pummel+1"],"max_hp_per_floor":[72,72,72,72,72,72,72,72,72,72,72,72,72,72,72,72,72,72,74,79,79,79,79,86,86,86,86,86,86,86,88,88,88,88,90,90,90,90,90,90,90,90,90,90,79,81,81,81,81],"relics":["Black Blood","Ice Cream","Charon\u0027s Ashes","Singing Bowl","Strawberry","Oddly Smooth Stone","Mummified Hand","Sozu","Pantograph","Champion Belt","Vajra"],"card_choices":[{"not_picked":["Perfected Strike","Feel No Pain"],"picked":"Flex"},{"not_picked":["Thunderclap","Flame Barrier"],"picked":"Rampage"},{"not_picked":["Armaments","Wild Strike"],"picked":"Pommel Strike"},{"not_picked":["Cleave","Whirlwind"],"picked":"Pommel Strike"},{"not_picked":["Whirlwind","Berserk"],"picked":"Shockwave"},{"not_picked":["Impervious","Bludgeon"],"picked":"Double Tap"},{"not_picked":["Heavy Blade","Ghostly Armor"],"picked":"True Grit"},{"not_picked":["Clothesline","Hemokinesis"],"picked":"Whirlwind"},{"not_picked":["Clothesline","Intimidate"],"picked":"Flex"},{"not_picked":["Flex","Wild Strike"],"picked":"Shrug It Off"},{"not_picked":["Feed","Juggernaut"],"picked":"Limit Break"},{"not_picked":["True Grit","Thunderclap"],"picked":"Power Through"},{"not_picked":["Cleave","Hemokinesis"],"picked":"Reaper"},{"not_picked":["Entrench","Twin Strike"],"picked":"Seeing Red"},{"not_picked":["Armaments","Clothesline"],"picked":"Entrench"},{"not_picked":["Thunderclap","Clothesline"],"picked":"Pummel"}],"player_experience":363394,"potions_floor_usage":[11,18,24,30,33,33],"damage_taken":[{"damage":1,"enemies":"2 Louse","floor":1,"turns":3},{"damage":10,"enemies":"Small Slimes","floor":2,"turns":5},{"damage":6,"enemies":"Cultist","floor":4,"turns":3},{"damage":1,"enemies":"2 Fungi Beasts","floor":7,"turns":3},{"damage":23,"enemies":"Gremlin Gang","floor":11,"turns":7},{"damage":16,"enemies":"Gremlin Nob","floor":12,"turns":4},{"damage":52,"enemies":"Hexaghost","floor":16,"turns":9},{"damage":10,"enemies":"Spheric Guardian","floor":18,"turns":3},{"damage":1,"enemies":"Chosen","floor":19,"turns":4},{"damage":37,"enemies":"Slavers","floor":24,"turns":3},{"damage":14,"enemies":"Snake Plant","floor":28,"turns":4},{"damage":66,"enemies":"Book of Stabbing","floor":30,"turns":5},{"damage":5,"enemies":"Centurion and Healer","floor":31,"turns":7},{"damage":48,"enemies":"Collector","floor":33,"turns":7},{"damage":23,"enemies":"3 Darklings","floor":35,"turns":6},{"damage":19,"enemies":"Orb Walker","floor":36,"turns":3},{"damage":42,"enemies":"Maw","floor":38,"turns":6},{"damage":34,"enemies":"Nemesis","floor":41,"turns":7},{"damage":7,"enemies":"4 Shapes","floor":46,"turns":4},{"damage":0,"enemies":"Sphere and 2 Shapes","floor":47,"turns":4},{"damage":40,"enemies":"3 Darklings","floor":48,"turns":4},{"damage":87,"enemies":"Donu and Deca","floor":50,"turns":6}],"event_choices":[{"event_name":"The Cleric","player_choice":"Card Removal","floor":3,"damage_taken":0},{"event_name":"Wheel of Change","player_choice":"Damage","floor":10,"damage_taken":0},{"event_name":"Forgotten Altar","player_choice":"Shed Blood","floor":20,"damage_taken":0},{"event_name":"Back to Basics","player_choice":"Simplicity","floor":22,"damage_taken":0},{"event_name":"The Library","player_choice":"Heal","floor":27,"damage_taken":0},{"event_name":"Winding Halls","player_choice":"Writhe","floor":39,"damage_taken":0},{"event_name":"The Moai Head","player_choice":"Heal","floor":45,"damage_taken":0}],"boss_relics":[{"not_picked":["Calling Bell","Runic Pyramid"],"picked":"Black Blood"},{"not_picked":["Tiny House","Snecko Eye"],"picked":"Sozu"}],"potions_floor_spawned":[4,12,16,28,30,31,36,38,47,48],"seed_played":"5254727572711445148","killed_by":"Donu and Deca","ascension_level":0,"is_trial":false}