{"gold_per_floor":[117,129,144,154,30,30,49,49,72,72,72,101,121,138,138,239,239,257,80,80,92,111,111,138,138,165,165,184,56,88,187,187,282,282,293,305,319,335,3,3],"floor_reached":40,"playtime":1781,"items_purged":["Meteor Strike","Strike_B","Strike_B"],"score":600,"play_id":"fb3a07a8-c375-4fc4-b446-1862bca956a4","local_time":"20180717172944","is_ascension_mode":true,"campfire_choices":[{"data":"Zap","floor":6,"key":"SMITH"},{"data":"Defragment","floor":8,"key":"SMITH"},{"data":"Ball Lightning","floor":10,"key":"SMITH"},{"data":"Rainbow","floor":15,"key":"SMITH"},{"data":"Defragment","floor":23,"key":"SMITH"},{"data":"Biased Cognition","floor":25,"key":"SMITH"},{"data":"White Noise","floor":27,"key":"SMITH"},{"floor":32,"key":"REST"}],"neow_cost":"NONE","seed_source_timestamp":28389002193481,"circlet_count":0,"master_deck":["Defend_B","Defend_B","Defend_B","Defend_B","Zap+1","Dualcast","Turbo","Conserve Battery","Defragment+1","Ball Lightning+1","Conserve Battery","White Noise+1","Rainbow+1","Hologram","Biased Cognition+1","Defragment+1","Steam Power","Loop","White Noise","Rainbow","Auto Shields","Conserve Battery+1","Barrage+1","Steam+1","Consume+1","Core Surge","White Noise+1"],"relics":["Cracked Core","DataDisk","Anchor","Inserter","Centennial Puzzle","Dream Catcher","Prayer Wheel","Velvet Choker","DollysMirror"],"potions_floor_usage":[16,16,24,30,33,33,36,36],"damage_taken":[{"damage":3,"enemies":"Jaw Worm","floor":1,"turns":4},{"damage":0,"enemies":"Cultist","floor":2,"turns":3},{"damage":0,"enemies":"Small Slimes","floor":3,"turns":4},{"damage":12,"enemies":"Red Slaver","floor":4,"turns":7},{"damage":1,"enemies":"Blue Slaver","floor":7,"turns":3},{"damage":6,"enemies":"3 Sentries","floor":12,"turns":5},{"damage":0,"enemies":"Looter","floor":13,"turns":2},{"damage":0,"enemies":"Gremlin Gang","floor":14,"turns":3},{"damage":0,"enemies":"Slime Boss","floor":16,"turns":5},{"damage":0,"enemies":"Chosen","floor":18,"turns":3},{"damage":5,"enemies":"2 Thieves","floor":21,"turns":4},{"damage":2,"enemies":"Snake Plant","floor":22,"turns":3},{"damage":11,"enemies":"Book of Stabbing","floor":24,"turns":4},{"damage":0,"enemies":"Cultist and Chosen","floor":28,"turns":4},{"damage":34,"enemies":"Slavers","floor":30,"turns":5},{"damage":22,"enemies":"Champ","floor":33,"turns":6},{"damage":24,"enemies":"Flame Bruiser 1 Orb","floor":35,"turns":4},{"damage":4,"enemies":"3 Darklings","floor":36,"turns":7},{"damage":21,"enemies":"Sphere and 2 Shapes","floor":37,"turns":5},{"damage":0,"enemies":"Spire Growth","floor":38,"turns":6},{"damage":22,"enemies":"2 Orb Walkers","floor":40,"turns":3}],"seed_played":"-5313092071125898179","potions_obtained":[{"floor":1,"key":"LiquidBronze"},{"floor":12,"key":"FocusPotion"},{"floor":13,"key":"FocusPotion"},{"floor":16,"key":"Block Potion"},{"floor":18,"key":"Poison Potion"},{"floor":30,"key":"LiquidBronze"},{"floor":35,"key":"Explosive Potion"}],"is_trial":false,"path_per_floor":["M","M","M","M","$","R","M","R","T","R","?","E","M","M","R","B",null,"M","$","?","M","M","R","E","R","T","R","M","$","E","?","R","B",null,"M","M","M","M","$"],"character_chosen":"DEFECT","items_purchased":["Fire Potion","Defragment","Loop","FearPotion","DollysMirror"],"campfire_rested":1,"item_purchase_floors":[5,19,29,29,39],"current_hp_per_floor":[72,72,72,60,60,60,59,59,59,59,59,53,53,53,53,53,70,70,70,70,65,63,63,52,52,52,52,52,52,18,18,40,18,61,37,40,19,19,19,0],"gold":3,"neow_bonus":"TRANSFORM_CARD","is_prod":false,"is_daily":false,"chose_seed":false,"campfire_upgraded":7,"win_rate":0,"timestamp":1531828784,"path_taken":["M","M","M","M","$","R","M","R","T","R","?","E","M","M","R","BOSS","M","$","?","M","?","R","E","R","T","R","M","?","E","?","R","BOSS","M","M","?","M","$","E"],"build_version":"2018-07-13","purchased_purges":3,"victory":false,"max_hp_per_floor":[75,75,75,75,75,75,75,75,75,75,75,75,75,75,75,75,75,75,75,75,75,75,75,75,75,75,75,75,75,75,75,75,75,75,75,75,75,75,75,75],"card_choices":[{"not_picked":["Beam Cell","Stack"],"picked":"Turbo","floor":1},{"not_picked":["Turbo","Hello World"],"picked":"Conserve Battery","floor":2},{"not_picked":["Chill","Auto Shields"],"picked":"Defragment","floor":3},{"not_picked":["Rip and Tear","Steam"],"picked":"Ball Lightning","floor":4},{"not_picked":["Rebound","Redo"],"picked":"Conserve Battery","floor":7},{"not_picked":["Stack","Lockon"],"picked":"White Noise","floor":12},{"not_picked":["Beam Cell","Go for the Eyes"],"picked":"Rainbow","floor":13},{"not_picked":["Cold Snap","Gash"],"picked":"Hologram","floor":14},{"not_picked":["Meteor Strike","Core Surge"],"picked":"Biased Cognition","floor":16},{"not_picked":["Compile Driver+1","Steam","Scrape"],"picked":"SKIP","floor":18},{"not_picked":["Recycle","Redo","Scrape+1"],"picked":"SKIP","floor":21},{"not_picked":["Streamline","Rebound"],"picked":"Steam Power","floor":22},{"not_picked":["Reprogram","Darkness+1","Stack"],"picked":"SKIP","floor":24},{"not_picked":["Stack","Cold Snap+1","Compile Driver+1"],"picked":"SKIP","floor":28},{"not_picked":["Hologram","Sunder","Ball Lightning"],"picked":"SKIP","floor":30},{"not_picked":["Force Field","Gash+1"],"picked":"White Noise","floor":32},{"not_picked":["Multi-Cast","Core Surge"],"picked":"Rainbow","floor":33},{"not_picked":["Ball Lightning","Beam Cell"],"picked":"Auto Shields","floor":35},{"not_picked":["Double Energy+1","Stack"],"picked":"Conserve Battery+1","floor":35},{"not_picked":["Ball Lightning","Sunder+1"],"picked":"Barrage+1","floor":36},{"not_picked":["Turbo+1","Streamline"],"picked":"Steam+1","floor":36},{"not_picked":["Go for the Eyes","Rip and Tear+1"],"picked":"Consume+1","floor":37},{"not_picked":["Turbo","Sunder"],"picked":"Core Surge","floor":37},{"not_picked":["Rip and Tear+1","Beam Cell+1","Redo"],"picked":"SKIP","floor":38},{"not_picked":["Go for the Eyes+1","Conserve Battery","Rebound+1"],"picked":"SKIP","floor":38}],"player_experience":246172,"relics_obtained":[{"floor":9,"key":"DataDisk"},{"floor":12,"key":"Anchor"},{"floor":24,"key":"Centennial Puzzle"},{"floor":26,"key":"Dream Catcher"},{"floor":30,"key":"Prayer Wheel"}],"event_choices":[{"event_name":"Wheel of Change","player_choice":"Card Removal","floor":11,"damage_taken":0},{"event_name":"Addict","player_choice":"Ignored","floor":20,"damage_taken":0},{"event_name":"Nest","player_choice":"Stole From Cult","floor":31,"damage_taken":0}],"boss_relics":[{"not_picked":["Nuclear Battery","Astrolabe"],"picked":"Inserter"},{"not_picked":["Tiny House","Orrery"],"picked":"Velvet Choker"}],"items_purged_floors":[5,19,39],"is_endless":false,"potions_floor_spawned":[1,12,13,16,18,22,30,35],"killed_by":"2 Orb Walkers","ascension_level":5}