{"gold_per_floor":[118,193,211,230,230,230,244,273,319,332,332,344,294,294,294,396,396,410,510,527,527,527],"floor_reached":22,"playtime":490,"items_purged":[],"score":186,"play_id":"d7918f0d-5006-433a-8bb7-15341fd2cf12","local_time":"20190127152838","is_ascension_mode":false,"campfire_choices":[{"floor":6,"key":"REST"},{"data":"Armaments","floor":15,"key":"SMITH"}],"neow_cost":"NONE","seed_source_timestamp":339563042079008,"circlet_count":0,"master_deck":["Strike_R","Strike_R+1","Strike_R","Strike_R","Strike_R+1","Defend_R","Defend_R","Bash","Body Slam","Iron Wave","Armaments+1","Iron Wave","Intimidate+1"],"relics":["Burning Blood","Singing Bowl","Dream Catcher","Sozu"],"potions_floor_usage":[16],"damage_taken":[{"damage":10,"enemies":"Jaw Worm","floor":1,"turns":4},{"damage":0,"enemies":"Small Slimes","floor":3,"turns":3},{"damage":4,"enemies":"Cultist","floor":4,"turns":4},{"damage":0,"enemies":"Looter","floor":7,"turns":4},{"damage":38,"enemies":"Lagavulin","floor":8,"turns":7},{"damage":13,"enemies":"Large Slime","floor":10,"turns":6},{"damage":2,"enemies":"Exordium Wildlife","floor":12,"turns":4},{"damage":63,"enemies":"Hexaghost","floor":16,"turns":10},{"damage":24,"enemies":"Spheric Guardian","floor":18,"turns":4},{"damage":18,"enemies":"Shell Parasite","floor":20,"turns":3},{"damage":0,"enemies":"Snecko","floor":22,"turns":1}],"seed_played":"-293043635574071949","potions_obtained":[{"floor":3,"key":"GamblersBrew"},{"floor":10,"key":"LiquidBronze"},{"floor":16,"key":"GamblersBrew"}],"is_trial":false,"path_per_floor":["M","?","M","M","?","R","M","E","T","M","?","M","?","?","R","B",null,"M","?","M","?","M"],"character_chosen":"IRONCLAD","items_purchased":[],"campfire_rested":1,"item_purchase_floors":[],"current_hp_per_floor":[76,65,71,73,57,80,80,48,48,43,82,84,84,77,77,22,86,70,70,58,41,41],"gold":527,"neow_bonus":"THREE_CARDS","is_prod":false,"is_daily":false,"chose_seed":false,"campfire_upgraded":1,"win_rate":0,"timestamp":1548620918,"path_taken":["M","?","M","M","?","R","M","E","T","M","?","?","?","?","R","BOSS","M","?","?","?","M"],"build_version":"2019-01-23","purchased_purges":0,"victory":false,"max_hp_per_floor":[80,80,80,80,80,80,80,80,80,82,82,84,84,84,84,86,86,88,88,88,93,93],"card_choices":[{"not_picked":["Twin Strike","Feel No Pain"],"picked":"Body Slam","floor":0},{"not_picked":["Sword Boomerang","Clash"],"picked":"Iron Wave","floor":1},{"not_picked":["Body Slam","Dual Wield","Clash"],"picked":"SKIP","floor":3},{"not_picked":["Thunderclap","Warcry"],"picked":"Armaments","floor":4},{"not_picked":["Body Slam","Immolate","Ghostly Armor"],"picked":"SKIP","floor":7},{"not_picked":["Blood for Blood","Warcry"],"picked":"Iron Wave","floor":8},{"not_picked":["Warcry","Spot Weakness","Wild Strike"],"picked":"Singing Bowl","floor":10},{"not_picked":["Burning Pact","Sever Soul","Combust"],"picked":"Singing Bowl","floor":12},{"not_picked":["Limit Break","Immolate","Reaper"],"picked":"Singing Bowl","floor":16},{"not_picked":["Perfected Strike","Sentinel+1","Pommel Strike"],"picked":"Singing Bowl","floor":18},{"not_picked":["Reckless Charge","Combust"],"picked":"Intimidate+1","floor":20}],"player_experience":170762,"relics_obtained":[{"floor":8,"key":"Singing Bowl"},{"floor":9,"key":"Dream Catcher"}],"event_choices":[{"damage_healed":0,"gold_gain":75,"player_choice":"Gather Gold","damage_taken":11,"max_hp_gain":0,"max_hp_loss":0,"event_name":"World of Goop","floor":2,"gold_loss":0},{"damage_healed":0,"gold_gain":0,"player_choice":"Entered Light","damage_taken":16,"max_hp_gain":0,"max_hp_loss":0,"event_name":"Shining Light","floor":5,"gold_loss":0,"cards_upgraded":["Strike_R","Strike_R"]},{"damage_healed":39,"gold_gain":0,"player_choice":"Full Heal","damage_taken":0,"max_hp_gain":0,"max_hp_loss":0,"event_name":"Wheel of Change","floor":11,"gold_loss":0},{"cards_removed":["Defend_R"],"damage_healed":0,"gold_gain":0,"player_choice":"Card Removal","damage_taken":0,"max_hp_gain":0,"max_hp_loss":0,"event_name":"The Cleric","floor":13,"gold_loss":50},{"cards_removed":["Defend_R"],"damage_healed":0,"gold_gain":0,"player_choice":"Card Removal","damage_taken":7,"max_hp_gain":0,"max_hp_loss":0,"event_name":"Golden Wing","floor":14,"gold_loss":0},{"damage_healed":0,"gold_gain":100,"player_choice":"Pray","damage_taken":0,"max_hp_gain":0,"max_hp_loss":0,"event_name":"Golden Shrine","floor":19,"gold_loss":0},{"damage_healed":0,"gold_gain":0,"player_choice":"Shed Blood","damage_taken":22,"max_hp_gain":5,"max_hp_loss":0,"event_name":"Forgotten Altar","floor":21,"gold_loss":0}],"is_beta":false,"boss_relics":[{"not_picked":["Black Star","Snecko Eye"],"picked":"Sozu"}],"items_purged_floors":[],"is_endless":false,"potions_floor_spawned":[3,10,16,18],"killed_by":"Snecko","ascension_level":0}