{"gold_per_floor":[114,114,129,139,58,83,83,94,94,94,105,120,132,146,146,217,217,235,249,249,22,50,78,78,78,78,91,91,124,124,155,155,230,230,243,243,243,243,71,105,105,123,123,123,136,169,180,213,213,213],"floor_reached":50,"playtime":2882,"items_purged":[],"score":1101,"play_id":"601604ab-a2bd-46ac-9f1a-ad06b912937b","local_time":"20190408154740","is_ascension_mode":true,"campfire_choices":[{"data":"Whirlwind","floor":7.0,"key":"SMITH"},{"data":"Feed","floor":10.0,"key":"SMITH"},{"data":"True Grit","floor":15.0,"key":"SMITH"},{"floor":24.0,"key":"REST"},{"data":"Metallicize","floor":28.0,"key":"SMITH"},{"data":"Spot Weakness","floor":30.0,"key":"SMITH"},{"data":"Battle Trance","floor":32.0,"key":"SMITH"},{"floor":41,"key":"RECALL"},{"data":"Brutality","floor":49,"key":"SMITH"}],"neow_cost":"TEN_PERCENT_HP_LOSS","seed_source_timestamp":44632231778800,"circlet_count":0,"master_deck":["AscendersBane","Defend_R+1","Defend_R","Defend_R","Bash","Feed+1","Power Through","Pommel Strike","Spot Weakness+1","Whirlwind+1","Metallicize+1","True Grit+1","Impervious","Rampage+1","Bite","Bite+1","Bite","Bite","Bite+1","Battle Trance+1","Power Through","Impervious","Hemokinesis+1","Exhume","Immolate","Blind","The Bomb","Shockwave","Shrug It Off","Inflame","Sword Boomerang+1","Shrug It Off","Brutality+1","Evolve"],"special_seed":0,"relics":["Burning Blood","Omamori","Bronze Scales","Philosopher\u0027s Stone","Bag of Marbles","Red Mask","Bottled Tornado","Gremlin Horn","Whetstone","Blood Vial","Velvet Choker","Matryoshka","Kunai","Letter Opener","Blue Candle"],"potions_floor_usage":[46],"damage_taken":[{"damage":0.0,"enemies":"Small Slimes","floor":1.0,"turns":2.0},{"damage":8.0,"enemies":"Jaw Worm","floor":3.0,"turns":5.0},{"damage":6.0,"enemies":"Cultist","floor":4.0,"turns":3.0},{"damage":20.0,"enemies":"Lagavulin","floor":6.0,"turns":6.0},{"damage":0.0,"enemies":"Looter","floor":8.0,"turns":4.0},{"damage":0.0,"enemies":"2 Fungi Beasts","floor":11.0,"turns":2.0},{"damage":25.0,"enemies":"Exordium Wildlife","floor":12.0,"turns":7.0},{"damage":0.0,"enemies":"3 Louse","floor":13.0,"turns":3.0},{"damage":21.0,"enemies":"Lots of Slimes","floor":14.0,"turns":3.0},{"damage":13.0,"enemies":"The Guardian","floor":16.0,"turns":12.0},{"damage":14.0,"enemies":"Shell Parasite","floor":18.0,"turns":7.0},{"damage":0.0,"enemies":"Chosen","floor":19.0,"turns":4.0},{"damage":28.0,"enemies":"Masked Bandits","floor":22.0,"turns":6.0},{"damage":73.0,"enemies":"Gremlin Leader","floor":23.0,"turns":10.0},{"damage":13.0,"enemies":"Sentry and Sphere","floor":27.0,"turns":8.0},{"damage":18.0,"enemies":"Book of Stabbing","floor":29.0,"turns":5.0},{"damage":25.0,"enemies":"Gremlin Leader","floor":31.0,"turns":9.0},{"damage":70,"enemies":"Champ","floor":33,"turns":14},{"damage":20,"enemies":"3 Darklings","floor":35,"turns":11},{"damage":19,"enemies":"Nemesis","floor":40,"turns":9},{"damage":0,"enemies":"3 Shapes","floor":42,"turns":1},{"damage":2,"enemies":"Maw","floor":45,"turns":7},{"damage":73,"enemies":"Giant Head","floor":46,"turns":11},{"damage":4,"enemies":"4 Shapes","floor":47,"turns":8},{"damage":3,"enemies":"Reptomancer","floor":48,"turns":5},{"damage":102,"enemies":"Time Eater","floor":50,"turns":15}],"seed_played":"-3335417748169059812","potions_obtained":[{"floor":1.0,"key":"FearPotion"},{"floor":3.0,"key":"SpeedPotion"},{"floor":6.0,"key":"Strength Potion"},{"floor":14.0,"key":"AttackPotion"},{"floor":18.0,"key":"SteroidPotion"},{"floor":23.0,"key":"BloodPotion"},{"floor":27.0,"key":"SkillPotion"},{"floor":33,"key":"SteroidPotion"},{"floor":35,"key":"Energy Potion"},{"floor":40,"key":"Swift Potion"}],"is_trial":false,"path_per_floor":["M","?","M","M","$","E","R","M","T","R","M","M","M","M","R","B",null,"M","M","?","$","?","E","R","?","T","M","R","E","R","E","R","B",null,"M","?","$","?","$","E","R","M","T","?","M","E","M","E","R","B"],"character_chosen":"IRONCLAD","items_purchased":["Spot Weakness","Bag of Marbles","Battle Trance","Shockwave","Shrug It Off","Inflame"],"campfire_rested":1,"item_purchase_floors":[5,21,21,39,39,39],"current_hp_per_floor":[71,50,51,54,54,43,43,49,49,49,55,40,50,39,39,32,77,73,79,67,67,59,20,41,41,41,57,57,55,55,63,63,38,69,76,66,66,66,66,70,70,78,78,78,87,35,57,74,74,0],"gold":213,"neow_bonus":"THREE_RARE_CARDS","is_prod":false,"is_daily":false,"chose_seed":false,"campfire_upgraded":7,"win_rate":0,"timestamp":1554752860,"path_taken":["M","?","M","M","$","E","R","M","T","R","M","M","M","M","R","BOSS","M","M","?","$","?","E","R","?","T","?","R","E","R","E","R","BOSS","M","?","$","?","?","E","R","M","T","?","M","E","M","E","R","BOSS"],"build_version":"2019-04-04","purchased_purges":0,"victory":false,"max_hp_per_floor":[71,71,74,77,77,80,80,80,80,80,80,84,88,92,92,92,92,96,96,67,67,71,71,71,71,71,75,75,75,75,79,79,79,79,79,79,79,79,79,83,83,83,83,83,87,87,91,91,91,91],"card_choices":[{"not_picked":["Juggernaut","Immolate"],"picked":"Feed","floor":0.0},{"not_picked":["Seeing Red","Sword Boomerang"],"picked":"Power Through","floor":1.0},{"not_picked":["Clothesline","Anger","Clash"],"picked":"SKIP","floor":3.0},{"not_picked":["Warcry","Clash"],"picked":"Pommel Strike","floor":4.0},{"not_picked":["Clothesline","True Grit"],"picked":"Whirlwind","floor":6.0},{"not_picked":["Dual Wield","Perfected Strike","Anger"],"picked":"SKIP","floor":8.0},{"not_picked":["Seeing Red","Havoc","Bludgeon"],"picked":"SKIP","floor":11.0},{"not_picked":["Sword Boomerang","Clothesline"],"picked":"Metallicize","floor":12.0},{"not_picked":["Thunderclap","Iron Wave"],"picked":"True Grit","floor":13.0},{"not_picked":["Twin Strike","Wild Strike","Infernal Blade"],"picked":"SKIP","floor":14.0},{"not_picked":["Immolate","Double Tap"],"picked":"Impervious","floor":16.0},{"not_picked":["Cleave","Burning Pact"],"picked":"Rampage+1","floor":18.0},{"not_picked":["Sentinel","Cleave","Clash+1"],"picked":"SKIP","floor":19.0},{"not_picked":["Blood for Blood","Anger"],"picked":"Power Through","floor":23.0},{"not_picked":["Warcry","Perfected Strike+1"],"picked":"Hemokinesis+1","floor":27.0},{"not_picked":["Clash","Havoc"],"picked":"Exhume","floor":29.0},{"not_picked":["Second Wind","Body Slam","Entrench"],"picked":"SKIP","floor":31.0},{"not_picked":["Fiend Fire","Juggernaut"],"picked":"Immolate","floor":33},{"not_picked":["Havoc","Warcry+1","Combust"],"picked":"SKIP","floor":35},{"not_picked":["Flash of Steel","Impatience"],"picked":"Blind","floor":36},{"not_picked":["Bandage Up","Good Instincts"],"picked":"The Bomb","floor":36},{"not_picked":["Flex","Warcry"],"picked":"Sword Boomerang+1","floor":40},{"not_picked":["Body Slam+1","Armaments"],"picked":"Shrug It Off","floor":42},{"not_picked":["Ghostly Armor","Anger","Flex+1"],"picked":"SKIP","floor":45},{"not_picked":["Searing Blow+1","Second Wind"],"picked":"Brutality","floor":46},{"not_picked":["Armaments","Dropkick","Shockwave"],"picked":"SKIP","floor":47},{"not_picked":["Wild Strike","Intimidate"],"picked":"Evolve","floor":48}],"player_experience":926787,"relics_obtained":[{"floor":6.0,"key":"Omamori"},{"floor":9.0,"key":"Bronze Scales"},{"floor":22.0,"key":"Red Mask"},{"floor":23.0,"key":"Bottled Tornado"},{"floor":26.0,"key":"Gremlin Horn"},{"floor":29.0,"key":"Whetstone"},{"floor":31.0,"key":"Blood Vial"},{"floor":40,"key":"Matryoshka"},{"floor":43,"key":"Kunai"},{"floor":46,"key":"Blue Candle"}],"event_choices":[{"damage_healed":0.0,"max_hp_gain":0.0,"max_hp_loss":0.0,"gold_gain":0.0,"event_name":"Shining Light","player_choice":"Entered Light","floor":2.0,"gold_loss":0.0,"damage_taken":21.0,"cards_upgraded":["Defend_R","Strike_R"]},{"damage_healed":0.0,"max_hp_gain":0.0,"max_hp_loss":29.0,"gold_gain":0.0,"event_name":"Vampires","player_choice":"Became a vampire","floor":20.0,"gold_loss":0.0,"damage_taken":0.0,"cards_obtained":["Bite","Bite","Bite","Bite","Bite"]},{"damage_healed":0.0,"max_hp_gain":0.0,"max_hp_loss":0.0,"gold_gain":0.0,"event_name":"Masked Bandits","player_choice":"Fought Bandits","floor":22.0,"gold_loss":0.0,"damage_taken":0.0},{"damage_healed":0.0,"max_hp_gain":0.0,"max_hp_loss":0.0,"gold_gain":0.0,"event_name":"Duplicator","player_choice":"Copied","floor":25.0,"gold_loss":0.0,"damage_taken":0.0,"cards_obtained":["Impervious"]},{"damage_healed":0,"gold_gain":0,"player_choice":"Memory 3","damage_taken":10,"max_hp_gain":0,"max_hp_loss":0,"event_name":"SensoryStone","floor":36,"gold_loss":0},{"cards_removed":["Defend_R"],"damage_healed":0,"gold_gain":0,"player_choice":"Removed Skill","damage_taken":0,"max_hp_gain":0,"max_hp_loss":0,"event_name":"Falling","floor":38,"gold_loss":0},{"damage_healed":0,"gold_gain":0,"player_choice":"Gave Potion","damage_taken":0,"relics_obtained":["Letter Opener"],"max_hp_gain":0,"max_hp_loss":0,"event_name":"WeMeetAgain","floor":44,"gold_loss":0}],"is_beta":true,"boss_relics":[{"not_picked":["Runic Pyramid","Astrolabe"],"picked":"Philosopher\u0027s Stone"},{"not_picked":["Black Star","Coffee Dripper"],"picked":"Velvet Choker"}],"items_purged_floors":[],"is_endless":false,"potions_floor_spawned":[1,3,6,14,18,23,27,33,35,40],"killed_by":"Time Eater","ascension_level":15}