{"gold_per_floor":[210,220,65,65,65,100,100,114,137,137,152,152,168,168,168,261,261,281,301,316,336,182,182,206,206,229,272,290,311,103,103,103,103],"floor_reached":33,"playtime":2052,"items_purged":["Strike_R"],"score":496,"play_id":"84c91bb7-eddc-41e3-90bf-c151545d4afe","local_time":"20190401213520","is_ascension_mode":true,"campfire_choices":[{"data":"True Grit","floor":7.0,"key":"SMITH"},{"data":"Bash","floor":10.0,"key":"SMITH"},{"data":"Wild Strike","floor":12.0,"key":"SMITH"},{"data":"Feel No Pain","floor":15.0,"key":"SMITH"},{"floor":23.0,"key":"REST"},{"data":"Feel No Pain","floor":32,"key":"SMITH"}],"neow_cost":"NONE","seed_source_timestamp":3289371793482365,"circlet_count":0,"master_deck":["AscendersBane","Defend_R+1","Defend_R+1","Defend_R+1","Defend_R+1","Bash+1","Wild Strike+1","True Grit+1","Battle Trance","True Grit+1","Wild Strike","Sword Boomerang","Feel No Pain+1","Fiend Fire","Pummel","Spot Weakness+1","Power Through+1","Feel No Pain+1","Second Wind+1","Bite","Bite","Bite","Bite","Bite","Ghostly Armor+1","Seeing Red+1"],"special_seed":0,"relics":["Burning Blood","Mercury Hourglass","Toxic Egg 2","Golden Idol","Black Star","Anchor","Happy Flower","War Paint","Lee\u0027s Waffle"],"potions_floor_usage":[33],"damage_taken":[{"damage":1.0,"enemies":"Cultist","floor":1.0,"turns":4.0},{"damage":0.0,"enemies":"2 Louse","floor":2.0,"turns":4.0},{"damage":18.0,"enemies":"3 Sentries","floor":6.0,"turns":7.0},{"damage":0.0,"enemies":"Small Slimes","floor":8.0,"turns":3.0},{"damage":1.0,"enemies":"2 Fungi Beasts","floor":11.0,"turns":3.0},{"damage":15.0,"enemies":"Exordium Wildlife","floor":13.0,"turns":4.0},{"damage":42.0,"enemies":"Hexaghost","floor":16.0,"turns":11.0},{"damage":21.0,"enemies":"3 Byrds","floor":18.0,"turns":5.0},{"damage":9.0,"enemies":"Shell Parasite","floor":19.0,"turns":4.0},{"damage":6.0,"enemies":"Snake Plant","floor":20.0,"turns":4.0},{"damage":58.0,"enemies":"Shelled Parasite and Fungi","floor":21.0,"turns":5.0},{"damage":15.0,"enemies":"Cultist and Chosen","floor":24.0,"turns":8.0},{"damage":8.0,"enemies":"Gremlin Leader","floor":27.0,"turns":9.0},{"damage":2.0,"enemies":"Centurion and Healer","floor":28.0,"turns":8.0},{"damage":18,"enemies":"Shelled Parasite and Fungi","floor":29,"turns":5},{"damage":72,"enemies":"Collector","floor":33,"turns":13}],"seed_played":"3106704277396443211","potions_obtained":[{"floor":1.0,"key":"Strength Potion"},{"floor":6.0,"key":"AttackPotion"},{"floor":11.0,"key":"Block Potion"},{"floor":20.0,"key":"FairyPotion"},{"floor":21.0,"key":"Strength Potion"},{"floor":27.0,"key":"Weak Potion"},{"floor":29,"key":"Explosive Potion"}],"is_trial":false,"path_per_floor":["M","M","$","T","?","E","R","M","T","R","M","R","M","?","R","B",null,"M","M","M","M","$","R","M","?","T","E","M","M","$","?","R","B"],"character_chosen":"IRONCLAD","items_purchased":["Battle Trance","Feel No Pain","Second Wind+1","Lee\u0027s Waffle"],"campfire_rested":1,"item_purchase_floors":[3,22,22,30],"current_hp_per_floor":[73,75,75,75,75,63,63,69,69,69,74,74,65,65,65,29,58,43,40,40,12,12,32,23,23,23,43,47,37,54,54,54,0],"gold":103,"neow_bonus":"HUNDRED_GOLD","is_prod":false,"is_daily":false,"chose_seed":false,"campfire_upgraded":5,"win_rate":0,"timestamp":1554168920,"path_taken":["M","M","$","?","?","E","R","M","T","R","M","R","M","?","R","BOSS","M","M","M","M","$","R","M","?","T","E","M","M","$","?","R","BOSS"],"build_version":"2019-03-15","purchased_purges":1,"victory":false,"max_hp_per_floor":[75,75,75,75,75,75,75,75,75,75,75,75,75,68,68,68,68,68,68,68,68,68,68,68,47,47,47,47,47,54,54,54,54],"card_choices":[{"not_picked":["Fire Breathing","Anger"],"picked":"Wild Strike","floor":1.0},{"not_picked":["Perfected Strike","Fire Breathing"],"picked":"True Grit","floor":2.0},{"not_picked":["Rampage","Corruption"],"picked":"True Grit","floor":6.0},{"not_picked":["Twin Strike","Sentinel+1"],"picked":"Wild Strike","floor":8.0},{"not_picked":["Warcry+1","Iron Wave"],"picked":"Sword Boomerang","floor":11.0},{"not_picked":["Dual Wield+1","Immolate"],"picked":"Feel No Pain","floor":13.0},{"not_picked":["Limit Break+1","Demon Form"],"picked":"Fiend Fire","floor":16.0},{"not_picked":["Thunderclap","Bloodletting+1"],"picked":"Pummel","floor":18.0},{"not_picked":["Anger","Warcry+1"],"picked":"Spot Weakness+1","floor":19.0},{"not_picked":["Thunderclap","Headbutt"],"picked":"Power Through+1","floor":20.0},{"not_picked":["Rage+1","Thunderclap","Cleave"],"picked":"SKIP","floor":21.0},{"not_picked":["Fire Breathing","Cleave","Clothesline"],"picked":"SKIP","floor":24.0},{"not_picked":["Pommel Strike","Body Slam","Combust"],"picked":"SKIP","floor":27.0},{"not_picked":["Body Slam","Uppercut"],"picked":"Ghostly Armor+1","floor":28.0},{"not_picked":["Hemokinesis","Burning Pact+1"],"picked":"Seeing Red+1","floor":29}],"player_experience":894227,"relics_obtained":[{"floor":4.0,"key":"Mercury Hourglass"},{"floor":6.0,"key":"Toxic Egg 2"},{"floor":26.0,"key":"Anchor"},{"floor":27.0,"key":"Happy Flower"},{"floor":27.0,"key":"War Paint"}],"event_choices":[{"damage_healed":0.0,"max_hp_gain":0.0,"max_hp_loss":0.0,"gold_gain":0.0,"event_name":"Liars Game","player_choice":"Ignored","floor":5.0,"gold_loss":0.0,"damage_taken":0.0},{"damage_healed":0.0,"max_hp_gain":0.0,"max_hp_loss":7.0,"gold_gain":0.0,"event_name":"Golden Idol","player_choice":"Lose Max HP","floor":14.0,"gold_loss":0.0,"damage_taken":0.0,"relics_obtained":["Golden Idol"]},{"damage_healed":0.0,"max_hp_gain":0.0,"max_hp_loss":21.0,"gold_gain":0.0,"event_name":"Vampires","player_choice":"Became a vampire","floor":25.0,"gold_loss":0.0,"damage_taken":0.0,"cards_obtained":["Bite","Bite","Bite","Bite","Bite"]},{"damage_healed":0,"gold_gain":0,"player_choice":"Simplicity","damage_taken":0,"max_hp_gain":0,"max_hp_loss":0,"event_name":"Back to Basics","floor":31,"gold_loss":0,"cards_upgraded":["Defend_R","Defend_R"]}],"is_beta":true,"boss_relics":[{"not_picked":["Lizard Tail","Empty Cage"],"picked":"Black Star"}],"items_purged_floors":[3],"is_endless":false,"potions_floor_spawned":[1,6,11,18,20,21,27,29],"killed_by":"Collector","ascension_level":15}