{"gold_per_floor":[14,26,41,41,58,86,86,96,146,161,181,181,213,213,213,318,318,332,110,110,126,141,141,141,171,171,210,239,264,276,32,32,130,130,149,149,194,1193,677,677],"floor_reached":40,"playtime":2470,"items_purged":["Strike_R","Pain","Normality"],"score":576,"play_id":"023d1644-b5e4-4ab3-a647-6d9016bf7df0","local_time":"20190314161243","is_ascension_mode":true,"campfire_choices":[{"data":"Uppercut","floor":7,"key":"SMITH"},{"data":"Anger","floor":12,"key":"SMITH"},{"data":"Flame Barrier","floor":15,"key":"SMITH"},{"data":"Feel No Pain","floor":23,"key":"SMITH"},{"data":"Corruption","floor":30,"key":"SMITH"},{"data":"Metallicize","floor":32,"key":"SMITH"}],"neow_cost":"NO_GOLD","seed_source_timestamp":3520711727804,"circlet_count":0,"master_deck":["Bash","Feed","Pommel Strike","Uppercut+1","Pommel Strike","Flame Barrier+1","Anger+1","Burning Pact","Feel No Pain+1","Dual Wield","Impervious","Battle Trance","Spot Weakness","Metallicize+1","Corruption+1","Immolate","Sword Boomerang+1","Limit Break","Body Slam","Evolve","Exhume","Offering","Bludgeon","Second Wind","Feel No Pain","Berserk","Spot Weakness+1","Madness","Madness","Normality"],"relics":["Burning Blood","Paper Frog","Ancient Tea Set","Meat on the Bone","Velvet Choker","Pen Nib","WarpedTongs","Blood Vial","MawBank","Dodecahedron","Orichalcum","Pandora\u0027s Box","Ice Cream","Peace Pipe"],"potions_floor_usage":[6,16,22,22,22,25,27,37,40],"damage_taken":[{"damage":13,"enemies":"Jaw Worm","floor":1,"turns":4},{"damage":11,"enemies":"2 Louse","floor":2,"turns":3},{"damage":0,"enemies":"Small Slimes","floor":3,"turns":2},{"damage":7,"enemies":"3 Louse","floor":5,"turns":3},{"damage":18,"enemies":"Gremlin Nob","floor":6,"turns":4},{"damage":12,"enemies":"2 Fungi Beasts","floor":8,"turns":5},{"damage":0,"enemies":"Large Slime","floor":10,"turns":4},{"damage":9,"enemies":"Blue Slaver","floor":11,"turns":2},{"damage":12,"enemies":"3 Sentries","floor":13,"turns":7},{"damage":61,"enemies":"Hexaghost","floor":16,"turns":11},{"damage":25,"enemies":"2 Thieves","floor":18,"turns":3},{"damage":3,"enemies":"Shell Parasite","floor":21,"turns":3},{"damage":0,"enemies":"Shelled Parasite and Fungi","floor":22,"turns":2},{"damage":25,"enemies":"Gremlin Leader","floor":25,"turns":7},{"damage":73,"enemies":"Slavers","floor":27,"turns":6},{"damage":10,"enemies":"Centurion and Healer","floor":28,"turns":5},{"damage":16,"enemies":"Snecko","floor":29,"turns":5},{"damage":24,"enemies":"Champ","floor":33,"turns":8},{"damage":14,"enemies":"Orb Walker","floor":35,"turns":3},{"damage":52,"enemies":"2 Orb Walkers","floor":37,"turns":6},{"damage":91,"enemies":"Reptomancer","floor":40,"turns":2}],"seed_played":"2029351754444817130","potions_obtained":[{"floor":3,"key":"Explosive Potion"},{"floor":6,"key":"Swift Potion"},{"floor":11,"key":"Explosive Potion"},{"floor":13,"key":"AttackPotion"},{"floor":21,"key":"Explosive Potion"},{"floor":22,"key":"Block Potion"},{"floor":25,"key":"EssenceOfSteel"},{"floor":33,"key":"AttackPotion"},{"floor":37,"key":"LiquidBronze"}],"is_trial":false,"path_per_floor":["M","M","M","?","M","E","R","M","T","M","M","R","E","?","R","B",null,"M","$","?","M","M","R","?","E","T","E","M","M","R","$","R","B",null,"M","?","?","?","$","E"],"character_chosen":"IRONCLAD","items_purchased":["Spot Weakness","Metallicize","Orichalcum","Peace Pipe","AttackPotion","Block Potion"],"campfire_rested":0,"item_purchase_floors":[19,19,31,39,39,39],"current_hp_per_floor":[76,74,83,83,85,73,73,70,70,79,79,79,76,81,81,41,112,96,96,96,99,105,105,105,86,86,33,46,54,54,54,54,50,122,117,101,69,69,69,0],"gold":677,"neow_bonus":"THREE_RARE_CARDS","is_prod":false,"is_daily":false,"chose_seed":false,"campfire_upgraded":6,"win_rate":0,"timestamp":1552576363,"path_taken":["M","M","M","?","M","E","R","M","T","M","M","R","E","?","R","BOSS","M","$","?","M","M","R","?","E","T","E","?","M","R","$","R","BOSS","M","?","?","?","$","E"],"build_version":"2019-01-23","purchased_purges":3,"victory":false,"max_hp_per_floor":[83,86,89,89,92,92,92,95,95,98,101,101,104,109,109,112,112,115,115,115,115,115,115,115,115,115,115,118,122,122,122,122,122,122,125,125,125,125,125,125],"card_choices":[{"not_picked":["Double Tap","Demon Form"],"picked":"Feed","floor":0},{"not_picked":["Havoc","Perfected Strike"],"picked":"Pommel Strike","floor":1},{"not_picked":["Pommel Strike","Cleave"],"picked":"Uppercut","floor":2},{"not_picked":["Havoc","Heavy Blade","Clothesline"],"picked":"SKIP","floor":3},{"not_picked":["Burning Pact","Body Slam"],"picked":"Pommel Strike","floor":5},{"not_picked":["Clothesline","Evolve"],"picked":"Flame Barrier","floor":6},{"not_picked":["Searing Blow","Pommel Strike"],"picked":"Anger","floor":8},{"not_picked":["Havoc","Hemokinesis"],"picked":"Burning Pact","floor":10},{"not_picked":["Clash","Anger"],"picked":"Feel No Pain","floor":11},{"not_picked":["Bloodletting","Anger"],"picked":"Dual Wield","floor":13},{"not_picked":["Reaper","Dark Embrace"],"picked":"Impervious","floor":16},{"not_picked":["Anger","Headbutt"],"picked":"Battle Trance","floor":18},{"not_picked":["Havoc","Uppercut"],"picked":"Corruption","floor":21},{"not_picked":["Anger","Rampage"],"picked":"Immolate","floor":22},{"not_picked":["Searing Blow","Ghostly Armor","Heavy Blade"],"picked":"SKIP","floor":25},{"not_picked":["Evolve","True Grit","Ghostly Armor"],"picked":"SKIP","floor":27},{"not_picked":["Havoc+1","Perfected Strike"],"picked":"Sword Boomerang+1","floor":28},{"not_picked":["Thunderclap","Wild Strike+1","Perfected Strike"],"picked":"SKIP","floor":29},{"not_picked":["Double Tap","Reaper"],"picked":"Limit Break","floor":33},{"not_picked":["Perfected Strike","Seeing Red+1"],"picked":"Spot Weakness+1","floor":35}],"player_experience":206416,"relics_obtained":[{"floor":6,"key":"Paper Frog"},{"floor":9,"key":"Ancient Tea Set"},{"floor":13,"key":"Meat on the Bone"},{"floor":25,"key":"Blood Vial"},{"floor":26,"key":"MawBank"},{"floor":27,"key":"Dodecahedron"},{"floor":37,"key":"Ice Cream"}],"event_choices":[{"damage_healed":0,"gold_gain":0,"player_choice":"Ignored","damage_taken":0,"max_hp_gain":0,"max_hp_loss":0,"event_name":"Liars Game","floor":4,"gold_loss":0},{"damage_healed":0,"gold_gain":0,"player_choice":"Donut","damage_taken":0,"max_hp_gain":5,"max_hp_loss":0,"event_name":"Big Fish","floor":14,"gold_loss":0},{"damage_healed":0,"gold_gain":0,"player_choice":"Opened","damage_taken":0,"relics_obtained":["Pen Nib"],"max_hp_gain":0,"max_hp_loss":0,"event_name":"The Mausoleum","floor":20,"gold_loss":0},{"damage_healed":0,"gold_gain":0,"player_choice":"Rummage","damage_taken":0,"relics_obtained":["WarpedTongs"],"max_hp_gain":0,"max_hp_loss":0,"event_name":"Accursed Blacksmith","floor":24,"gold_loss":0,"cards_obtained":["Pain"]},{"damage_healed":0,"gold_gain":0,"player_choice":"Embrace Madness","damage_taken":16,"max_hp_gain":0,"max_hp_loss":0,"event_name":"Winding Halls","floor":36,"gold_loss":0,"cards_obtained":["Madness","Madness"]},{"damage_healed":0,"gold_gain":0,"player_choice":"Fight","damage_taken":0,"max_hp_gain":0,"max_hp_loss":0,"event_name":"Mysterious Sphere","floor":37,"gold_loss":0},{"damage_healed":0,"gold_gain":999,"player_choice":"Gold","damage_taken":0,"max_hp_gain":0,"max_hp_loss":0,"event_name":"MindBloom","floor":38,"gold_loss":0,"cards_obtained":["Normality","Normality"]}],"is_beta":false,"boss_relics":[{"not_picked":["Lizard Tail","Runic Cube"],"picked":"Velvet Choker"},{"not_picked":["Busted Crown","White Beast Statue"],"picked":"Pandora\u0027s Box"}],"items_purged_floors":[19,31,39],"is_endless":false,"potions_floor_spawned":[3,6,11,13,21,22,25,33,37],"killed_by":"Reptomancer","ascension_level":3}