{"path_per_floor":["M","$","M","M","?","R","E","R","T","R","M","R","E","M","R","B",null,"M","?","M","M","?","R","M","R","T","$","?","$","R","?","R"],"character_chosen":"IRONCLAD","items_purchased":["Bag of Marbles","Offering","Lantern"],"gold_per_floor":[113,38,48,64,64,64,93,93,169,169,188,188,222,236,236,334,334,354,354,364,384,384,384,397,397,397,34,34,34,34,34,34],"floor_reached":33,"campfire_rested":4,"playtime":1088,"current_hp_per_floor":[54,54,55,43,68,68,50,50,50,50,56,56,28,25,50,14,67,36,20,48,23,23,48,30,55,55,55,39,39,39,39,65],"items_purged":["Parasite"],"gold":34,"score":380,"play_id":"03d7ccdc-838d-4e60-862e-7f578e371790","is_prod":false,"is_daily":false,"is_ascension_mode":true,"campfire_upgraded":5,"path_taken":["M","$","M","M","?","R","E","R","T","R","M","R","E","?","R","BOSS","M","?","M","M","?","R","M","R","T","$","?","$","R","?","R","BOSS"],"build_version":"2018-02-08-PROD1","purchased_purges":1,"victory":false,"master_deck":["Strike_R","Strike_R","Strike_R","Strike_R","Strike_R","Defend_R","Defend_R","Defend_R","Defend_R","Bash+1","Disarm+1","Rage+1","Heavy Blade","Whirlwind+1","Limit Break","Heavy Blade","Ghostly Armor","Necronomicurse","True Grit+1","True Grit+1","Offering+1","Decay"],"max_hp_per_floor":[80,77,77,77,77,77,84,84,84,84,84,84,84,84,84,84,84,84,84,84,84,84,84,84,84,84,84,89,89,89,89,89],"relics":["Burning Blood","Strawberry","Blue Candle","Art of War","Lizard Tail","Necronomicon","Du-Vu Doll","Bag of Marbles","Lantern"],"card_choices":[{"not_picked":["Havoc","Anger"],"picked":"Disarm"},{"not_picked":["Havoc","Feel No Pain"],"picked":"Rage"},{"not_picked":["Sword Boomerang","Warcry"],"picked":"Heavy Blade"},{"not_picked":["Evolve","Cleave"],"picked":"Whirlwind"},{"not_picked":["Pommel Strike","Ghostly Armor"],"picked":"Limit Break"},{"not_picked":["Rupture","Cleave"],"picked":"Heavy Blade"},{"not_picked":["Perfected Strike","Headbutt"],"picked":"Ghostly Armor"},{"not_picked":["Twin Strike","Shrug It Off"],"picked":"True Grit"},{"not_picked":["Twin Strike","Searing Blow"],"picked":"True Grit"}],"player_experience":331437,"potions_floor_usage":[7,13,16],"damage_taken":[{"damage":24.0,"enemies":"Small Slimes","floor":1.0,"turns":6.0},{"damage":5.0,"enemies":"2 Louse","floor":3.0,"turns":4.0},{"damage":18.0,"enemies":"Blue Slaver","floor":4.0,"turns":5.0},{"damage":31,"enemies":"3 Sentries","floor":7,"turns":5},{"damage":0,"enemies":"3 Louse","floor":11,"turns":1},{"damage":34,"enemies":"Lagavulin","floor":13,"turns":5},{"damage":9,"enemies":"Red Slaver","floor":14,"turns":3},{"damage":42,"enemies":"The Guardian","floor":16,"turns":13},{"damage":37,"enemies":"Shell Parasite","floor":18,"turns":12},{"damage":22,"enemies":"2 Thieves","floor":20,"turns":3},{"damage":31,"enemies":"3 Cultists","floor":21,"turns":4},{"damage":24,"enemies":"Snake Plant","floor":24,"turns":3},{"damage":78,"enemies":"Automaton","floor":33,"turns":6}],"event_choices":[{"event_name":"Big Fish","player_choice":"Banana","floor":5.0,"damage_taken":0.0},{"event_name":"Cursed Tome","player_choice":"Obtained Book","floor":19,"damage_taken":0},{"event_name":"Drug Dealer","player_choice":"Ignored","floor":22,"damage_taken":0},{"event_name":"Forgotten Altar","player_choice":"Shed Blood","floor":28,"damage_taken":0},{"event_name":"Wheel of Change","player_choice":"Curse","floor":31,"damage_taken":0}],"boss_relics":[{"not_picked":["Calling Bell","Pandora\u0027s Box"],"picked":"Lizard Tail"}],"potions_floor_spawned":[3,11,13,20],"seed_played":"-1294198264016350570","killed_by":"Automaton","ascension_level":10,"is_trial":false}