{"gold_per_floor":[114,189,208,208,227,227,241,241,265,2,2,29,44,77,77,77],"floor_reached":16,"playtime":483,"items_purged":["Strike_B"],"score":203,"play_id":"b186919d-b514-4fb4-ab7a-b4c0440daab6","local_time":"20181013232921","is_ascension_mode":true,"campfire_choices":[{"data":"Darkness","floor":6,"key":"SMITH"},{"floor":8,"key":"REST"},{"data":"Go for the Eyes","floor":15,"key":"SMITH"}],"neow_cost":"NONE","seed_source_timestamp":94675058394261,"circlet_count":0,"master_deck":["Strike_B","Strike_B","Strike_B","Defend_B","Defend_B","Defend_B","Defend_B","Zap+1","Dualcast","AscendersBane","Darkness+1","Go for the Eyes","Ball Lightning","FTL","Go for the Eyes+1","Compile Driver","Cold Snap"],"relics":["Cracked Core","Lantern","DataDisk","Membership Card","Pen Nib","Singing Bowl"],"potions_floor_usage":[14],"damage_taken":[{"damage":8,"enemies":"2 Louse","floor":1,"turns":3},{"damage":9,"enemies":"Jaw Worm","floor":3,"turns":4},{"damage":0,"enemies":"Cultist","floor":5,"turns":4},{"damage":10,"enemies":"2 Fungi Beasts","floor":7,"turns":3},{"damage":15,"enemies":"Lagavulin","floor":12,"turns":5},{"damage":1,"enemies":"Looter","floor":13,"turns":2},{"damage":0,"enemies":"Gremlin Nob","floor":14,"turns":3},{"damage":22,"enemies":"The Guardian","floor":16,"turns":10}],"seed_played":"-6241717684882113079","potions_obtained":[{"floor":1,"key":"Strength Potion"},{"floor":3,"key":"Strength Potion"},{"floor":12,"key":"SpeedPotion"},{"floor":14,"key":"SteroidPotion"}],"is_trial":false,"path_per_floor":["M","?","M","?","M","R","M","R","T","$","?","E","M","E","R"],"character_chosen":"DEFECT","items_purchased":["Membership Card","Go for the Eyes"],"campfire_rested":1,"item_purchase_floors":[10,10],"current_hp_per_floor":[60,49,40,22,22,22,12,34,34,34,34,19,18,20,20,0],"gold":77,"neow_bonus":"UPGRADE_CARD","is_prod":false,"is_daily":false,"chose_seed":false,"campfire_upgraded":2,"win_rate":0,"timestamp":1539453561,"path_taken":["M","?","M","?","?","R","M","R","T","?","?","E","?","E","R","BOSS"],"build_version":"2018-10-11","purchased_purges":1,"victory":false,"max_hp_per_floor":[75,75,75,75,75,75,75,75,75,75,75,75,75,77,77,77],"card_choices":[{"not_picked":["Go for the Eyes","Consume"],"picked":"Darkness","floor":1},{"not_picked":["Undo","Scrape"],"picked":"Go for the Eyes","floor":3},{"not_picked":["Double Energy","Auto Shields"],"picked":"Ball Lightning","floor":5},{"not_picked":["Stack","Leap"],"picked":"FTL","floor":7},{"not_picked":["Coolheaded","Heatsinks"],"picked":"Compile Driver","floor":12},{"not_picked":["Force Field","Undo"],"picked":"Cold Snap","floor":13},{"not_picked":["Steam","Hologram","Skim"],"picked":"Singing Bowl","floor":14}],"player_experience":630728,"relics_obtained":[{"floor":9,"key":"DataDisk"},{"floor":12,"key":"Pen Nib"},{"floor":14,"key":"Singing Bowl"}],"event_choices":[{"event_name":"World of Goop","player_choice":"Gather Gold","floor":2,"damage_taken":0},{"event_name":"Scrap Ooze","player_choice":"success","floor":4,"damage_taken":18},{"event_name":"The Cleric","player_choice":"Leave","floor":11,"damage_taken":0}],"is_beta":true,"boss_relics":[],"items_purged_floors":[10],"is_endless":false,"potions_floor_spawned":[1,3,12,14],"killed_by":"The Guardian","ascension_level":10}