{"gold_per_floor":[111,81,93,110,123,123,153,170,224,224,1,18,29,29,29,103,103,116,116,116,135,60,60,71,71,125,151,168,168,68,0,0,73,73,73],"floor_reached":35,"playtime":2349,"items_purged":["Strike_B+1","Strike_B+1"],"score":754,"play_id":"b38823f8-8018-4f06-be62-6720a8b944cb","local_time":"20190420150702","is_ascension_mode":true,"campfire_choices":[{"data":"Streamline","floor":6.0,"key":"SMITH"},{"floor":10.0,"key":"REST"},{"data":"Zap","floor":15.0,"key":"SMITH"},{"data":"Creative AI","floor":23.0,"key":"SMITH"},{"floor":25.0,"key":"REST"},{"floor":32.0,"key":"REST"}],"neow_cost":"PERCENT_DAMAGE","seed_source_timestamp":797797852053911,"circlet_count":0,"master_deck":["AscendersBane","Strike_B+1","Strike_B+1","Defend_B+1","Defend_B+1","Defend_B+1","Defend_B+1","Zap+1","Dualcast","Streamline+1","Capacitor","Chill","BootSequence","Seek","Go for the Eyes","Glacier","Machine Learning","Creative AI+1","Reinforced Body","Electrodynamics"],"special_seed":0,"relics":["Cracked Core","Turnip","Ancient Tea Set","Juzu Bracelet","TheAbacus","Sozu","Tiny Chest","Shuriken","Eternal Feather"],"potions_floor_usage":[],"damage_taken":[{"damage":4.0,"enemies":"Jaw Worm","floor":1.0,"turns":4.0},{"damage":0.0,"enemies":"Cultist","floor":3.0,"turns":3.0},{"damage":0.0,"enemies":"Small Slimes","floor":4.0,"turns":3.0},{"damage":0.0,"enemies":"Exordium Thugs","floor":5.0,"turns":1.0},{"damage":26.0,"enemies":"3 Sentries","floor":7.0,"turns":10.0},{"damage":0.0,"enemies":"Large Slime","floor":8.0,"turns":3.0},{"damage":0.0,"enemies":"2 Fungi Beasts","floor":12.0,"turns":3.0},{"damage":8.0,"enemies":"3 Louse","floor":13.0,"turns":3.0},{"damage":10.0,"enemies":"The Guardian","floor":16.0,"turns":14.0},{"damage":12.0,"enemies":"2 Thieves","floor":18.0,"turns":4.0},{"damage":0.0,"enemies":"Shell Parasite","floor":21.0,"turns":7.0},{"damage":6.0,"enemies":"Shelled Parasite and Fungi","floor":24.0,"turns":7.0},{"damage":37.0,"enemies":"Slavers","floor":27.0,"turns":9.0},{"damage":0.0,"enemies":"Centurion and Healer","floor":28.0,"turns":9.0},{"damage":30,"enemies":"Automaton","floor":33,"turns":12},{"damage":62,"enemies":"3 Darklings","floor":35,"turns":4}],"seed_played":"8033834456196839524","potions_obtained":[{"floor":2.0,"key":"FairyPotion"},{"floor":2.0,"key":"Fire Potion"},{"floor":3.0,"key":"Explosive Potion"},{"floor":5.0,"key":"FearPotion"},{"floor":7.0,"key":"SteroidPotion"},{"floor":8.0,"key":"GamblersBrew"},{"floor":16.0,"key":"Swift Potion"}],"is_trial":false,"path_per_floor":["?","M","$","?","?","?","$","?"],"character_chosen":"DEFECT","items_purchased":["TheAbacus"],"campfire_rested":3,"item_purchase_floors":[11],"current_hp_per_floor":[42,42,42,42,42,42,16,16,16,37,37,37,29,29,29,19,58,46,46,46,46,46,46,40,61,61,24,24,24,24,24,45,15,57,0],"gold":73,"neow_bonus":"ONE_RARE_RELIC","is_prod":false,"is_daily":false,"chose_seed":false,"campfire_upgraded":3,"win_rate":0,"timestamp":1555790822,"path_taken":["M","?","?","M","M","R","E","M","T","R","$","M","M","?","R","BOSS","M","?","?","M","$","R","M","R","T","E","M","?","?","?","R","BOSS","M"],"build_version":"2019-01-23","purchased_purges":2,"victory":false,"max_hp_per_floor":[71,71,71,71,71,71,71,71,71,71,71,71,71,71,71,71,71,71,71,71,71,71,71,71,71,71,71,71,71,71,71,71,71,71,71],"card_choices":[{"not_picked":["Barrage","Sweeping Beam"],"picked":"Streamline","floor":1.0},{"not_picked":["Rebound","Beam Cell"],"picked":"Capacitor","floor":3.0},{"not_picked":["Stack","Steam"],"picked":"Chill","floor":4.0},{"not_picked":["Rebound","Barrage"],"picked":"BootSequence","floor":5.0},{"not_picked":["Conserve Battery","Gash"],"picked":"Seek","floor":7.0},{"not_picked":["Hologram","Steam","Thunder Strike"],"picked":"SKIP","floor":8.0},{"not_picked":["Hologram","Streamline"],"picked":"Go for the Eyes","floor":12.0},{"not_picked":["Melter","Rebound"],"picked":"Glacier","floor":13.0},{"not_picked":["Core Surge","Hyperbeam"],"picked":"Machine Learning","floor":16.0},{"not_picked":["Steam+1","Redo","Go for the Eyes"],"picked":"SKIP","floor":18.0},{"not_picked":["Rebound","Chaos","Double Energy+1"],"picked":"SKIP","floor":21.0},{"not_picked":["Leap","Compile Driver","Barrage"],"picked":"SKIP","floor":24.0},{"not_picked":["Gash","Aggregate"],"picked":"Reinforced Body","floor":27.0},{"not_picked":["Auto Shields","Chill+1","Cold Snap"],"picked":"SKIP","floor":28.0},{"not_picked":["Buffer","Seek"],"picked":"Electrodynamics","floor":33}],"player_experience":466077,"relics_obtained":[{"floor":7.0,"key":"Ancient Tea Set"},{"floor":9.0,"key":"Juzu Bracelet"},{"floor":26.0,"key":"Tiny Chest"},{"floor":27.0,"key":"Shuriken"}],"event_choices":[{"damage_healed":0.0,"max_hp_gain":0.0,"max_hp_loss":0.0,"gold_gain":0.0,"event_name":"The Woman in Blue","player_choice":"Bought 2 Potions","floor":2.0,"gold_loss":0.0,"damage_taken":0.0},{"damage_healed":0.0,"max_hp_gain":0.0,"max_hp_loss":0.0,"gold_gain":0.0,"event_name":"Match and Keep!","player_choice":"1 cards matched","floor":19.0,"gold_loss":0.0,"damage_taken":0.0,"cards_obtained":["Creative AI"]},{"damage_healed":0.0,"max_hp_gain":0.0,"max_hp_loss":0.0,"gold_gain":0.0,"event_name":"Back to Basics","player_choice":"Simplicity","floor":20.0,"gold_loss":0.0,"damage_taken":0.0,"cards_upgraded":["Strike_B","Strike_B","Strike_B","Strike_B","Defend_B","Defend_B","Defend_B","Defend_B"]},{"damage_healed":0.0,"max_hp_gain":0.0,"max_hp_loss":0.0,"gold_gain":0.0,"event_name":"The Mausoleum","player_choice":"Ignored","floor":29.0,"gold_loss":0.0,"damage_taken":0.0},{"damage_healed":0.0,"max_hp_gain":0.0,"max_hp_loss":0.0,"gold_gain":0.0,"event_name":"Masked Bandits","player_choice":"Paid Fearfully","floor":31.0,"gold_loss":68.0,"damage_taken":0.0}],"is_beta":false,"boss_relics":[{"not_picked":["Philosopher\u0027s Stone","Busted Crown"],"picked":"Sozu"},{"not_picked":["Black Star","Runic Pyramid"],"picked":"Eternal Feather"}],"items_purged_floors":[22,30],"is_endless":false,"potions_floor_spawned":[3,5,7,8,16,21,28,33],"killed_by":"3 Darklings","ascension_level":20}