{"gold_per_floor":[112,125,125,125,53,87,87,87,113,134,172,196,196,236,236,330,330,350,363,55,71,71,71,95,95,95,108,131,147,162,162],"floor_reached":31,"playtime":1298,"items_purged":[],"score":494,"play_id":"bca40184-4430-448e-94da-fb38b32b7939","local_time":"20190331020144","is_ascension_mode":true,"campfire_choices":[{"floor":7.0,"key":"REST"},{"data":"Dash","floor":13.0,"key":"SMITH"},{"data":"Malaise","floor":15.0,"key":"SMITH"},{"floor":23.0,"key":"REST"},{"data":"Noxious Fumes","floor":25.0,"key":"SMITH"}],"neow_cost":"NONE","seed_source_timestamp":3133351119403431,"circlet_count":0,"master_deck":["AscendersBane","Defend_G","Defend_G","Defend_G","Defend_G","Defend_G","Strike_G","Strike_G","Strike_G+1","Strike_G","Strike_G","Survivor","Neutralize+1","Backflip","All Out Attack+1","Dash+1","Malaise+1","Flying Knee","Dagger Spray","Backstab","Phantasmal Killer","Backstab","Noxious Fumes+1","Acrobatics","Quick Slash","PiercingWail+1","Acrobatics","Noxious Fumes+1","Wraith Form v2+1","Skewer"],"special_seed":0,"relics":["White Beast Statue","Dodecahedron","Golden Idol","Regal Pillow","Oddly Smooth Stone","Bottled Flame","HoveringKite","Paper Crane","Juzu Bracelet","Frozen Egg 2"],"potions_floor_usage":[30],"damage_taken":[{"damage":7.0,"enemies":"2 Louse","floor":1.0,"turns":3.0},{"damage":0.0,"enemies":"Jaw Worm","floor":2.0,"turns":6.0},{"damage":7.0,"enemies":"Lagavulin","floor":6.0,"turns":5.0},{"damage":1.0,"enemies":"Small Slimes","floor":10.0,"turns":4.0},{"damage":0.0,"enemies":"Gremlin Nob","floor":11.0,"turns":3.0},{"damage":0.0,"enemies":"2 Fungi Beasts","floor":12.0,"turns":3.0},{"damage":9.0,"enemies":"Lagavulin","floor":14.0,"turns":8.0},{"damage":20.0,"enemies":"Slime Boss","floor":16.0,"turns":8.0},{"damage":11.0,"enemies":"Spheric Guardian","floor":18.0,"turns":5.0},{"damage":9.0,"enemies":"3 Byrds","floor":19.0,"turns":6.0},{"damage":1.0,"enemies":"Centurion and Healer","floor":21.0,"turns":7.0},{"damage":9.0,"enemies":"Colosseum Slavers","floor":22.0,"turns":5.0},{"damage":31.0,"enemies":"3 Cultists","floor":27.0,"turns":5.0},{"damage":4.0,"enemies":"Snake Plant","floor":28.0,"turns":7.0},{"damage":14.0,"enemies":"Centurion and Healer","floor":29.0,"turns":9.0},{"damage":0,"enemies":"Shelled Parasite and Fungi","floor":30,"turns":6},{"damage":10,"enemies":"Snake Plant","floor":31,"turns":1}],"seed_played":"-2149363247878013867","potions_obtained":[{"floor":1.0,"key":"FearPotion"},{"floor":2.0,"key":"Energy Potion"},{"floor":6.0,"key":"Strength Potion"},{"floor":10.0,"key":"Explosive Potion"},{"floor":11.0,"key":"Energy Potion"},{"floor":12.0,"key":"Block Potion"},{"floor":14.0,"key":"SteroidPotion"},{"floor":16.0,"key":"SpeedPotion"},{"floor":18.0,"key":"Poison Potion"},{"floor":19.0,"key":"Ancient Potion"},{"floor":27.0,"key":"GamblersBrew"},{"floor":29.0,"key":"AttackPotion"},{"floor":30,"key":"Energy Potion"}],"is_trial":false,"path_per_floor":["M","M","?","?","$","E","R","?","T","M","E","M","R","E","R","B",null,"M","M","$","M","?","R","T","R","T","M","M","M","M","M"],"character_chosen":"THE_SILENT","items_purchased":["Dash","Acrobatics","Paper Crane","Quick Slash"],"campfire_rested":2,"item_purchase_floors":[5,20,20,20],"current_hp_per_floor":[52,52,32,32,32,25,44,44,44,43,43,43,43,34,34,14,49,38,29,29,28,19,52,52,52,52,21,17,3,3,0],"gold":162,"neow_bonus":"BOSS_RELIC","is_prod":false,"is_daily":false,"chose_seed":false,"campfire_upgraded":3,"win_rate":0,"timestamp":1554012104,"path_taken":["M","M","?","?","$","E","R","?","T","M","E","M","R","E","R","BOSS","M","M","$","M","?","R","?","R","T","M","M","M","M","M"],"build_version":"2019-03-15","purchased_purges":0,"victory":false,"max_hp_per_floor":[66,66,66,66,66,66,66,60,60,60,60,60,60,60,60,60,60,60,60,60,60,60,60,60,60,60,60,60,60,60,60],"card_choices":[{"not_picked":["Sucker Punch","Calculated Gamble"],"picked":"Backflip","floor":1.0},{"not_picked":["Sucker Punch","Dagger Throw"],"picked":"All Out Attack","floor":2.0},{"not_picked":["Bane","Underhanded Strike"],"picked":"Malaise","floor":6.0},{"not_picked":["Blade Dance","Endless Agony"],"picked":"Flying Knee","floor":10.0},{"not_picked":["Finisher","Flying Knee"],"picked":"Dagger Spray","floor":11.0},{"not_picked":["Finisher","Dagger Spray","Reflex"],"picked":"SKIP","floor":12.0},{"not_picked":["Finisher","Poisoned Stab"],"picked":"Backstab","floor":14.0},{"not_picked":["Burst","Grand Finale"],"picked":"Phantasmal Killer","floor":16.0},{"not_picked":["All Out Attack","Sucker Punch"],"picked":"Backstab","floor":18.0},{"not_picked":["Prepared","Outmaneuver"],"picked":"Noxious Fumes","floor":19.0},{"not_picked":["Underhanded Strike","Dagger Spray"],"picked":"PiercingWail+1","floor":21.0},{"not_picked":["PiercingWail","Dagger Throw"],"picked":"Acrobatics","floor":27.0},{"not_picked":["Dagger Spray","Backstab+1"],"picked":"Noxious Fumes+1","floor":28.0},{"not_picked":["Bane+1","Quick Slash"],"picked":"Wraith Form v2+1","floor":29.0},{"not_picked":["Caltrops+1","PiercingWail"],"picked":"Skewer","floor":30}],"player_experience":869609,"relics_obtained":[{"floor":6.0,"key":"Dodecahedron"},{"floor":9.0,"key":"Regal Pillow"},{"floor":11.0,"key":"Oddly Smooth Stone"},{"floor":14.0,"key":"Bottled Flame"},{"floor":24.0,"key":"Juzu Bracelet"},{"floor":26.0,"key":"Frozen Egg 2"}],"event_choices":[{"damage_healed":0.0,"max_hp_gain":0.0,"max_hp_loss":0.0,"gold_gain":0.0,"event_name":"Shining Light","player_choice":"Entered Light","floor":3.0,"gold_loss":0.0,"damage_taken":20.0,"cards_upgraded":["All Out Attack","Strike_G"]},{"damage_healed":0.0,"max_hp_gain":0.0,"max_hp_loss":0.0,"gold_gain":0.0,"event_name":"Living Wall","player_choice":"Grow","floor":4.0,"gold_loss":0.0,"damage_taken":0.0,"cards_upgraded":["Neutralize"]},{"damage_healed":0.0,"max_hp_gain":0.0,"max_hp_loss":6.0,"gold_gain":0.0,"event_name":"Golden Idol","player_choice":"Lose Max HP","floor":8.0,"gold_loss":0.0,"damage_taken":0.0,"relics_obtained":["Golden Idol"]},{"damage_healed":0.0,"max_hp_gain":0.0,"max_hp_loss":0.0,"gold_gain":0.0,"event_name":"Colosseum","player_choice":"Fight","floor":22.0,"gold_loss":0.0,"damage_taken":0.0},{"damage_healed":0.0,"max_hp_gain":0.0,"max_hp_loss":0.0,"gold_gain":0.0,"event_name":"Colosseum","player_choice":"Fled From Nobs","floor":22.0,"gold_loss":0.0,"damage_taken":0.0}],"is_beta":true,"boss_relics":[{"not_picked":["Calling Bell","Sozu"],"picked":"HoveringKite"}],"items_purged_floors":[],"is_endless":false,"potions_floor_spawned":[1,2,6,10,11,12,14,16,18,19,21,22,27,28,29,30],"killed_by":"Snake Plant","ascension_level":15}