{"gold_per_floor":[112,125,140,140,151,177,177,209,232,252,252,252],"floor_reached":12,"playtime":1001,"items_purged":[],"score":127,"play_id":"7b3af2e9-fe71-4358-b870-b8ade011fd5b","local_time":"20190126234012","is_ascension_mode":true,"campfire_choices":[{"floor":7,"key":"REST"}],"neow_cost":"NONE","seed_source_timestamp":210864470691073,"circlet_count":0,"master_deck":["Defend_G","Defend_G","Defend_G","Defend_G","Defend_G","Strike_G","Strike_G","Strike_G","Strike_G","Strike_G","Survivor","Neutralize","PiercingWail","Acrobatics","Poisoned Stab","Pain","Backflip","Cloak And Dagger","Venomology"],"relics":["Ring of the Snake","NeowsBlessing","WarpedTongs","Happy Flower","Omamori","Juzu Bracelet","Bag of Preparation"],"potions_floor_usage":[6,6,10,10,12],"damage_taken":[{"damage":0,"enemies":"Cultist","floor":1,"turns":1},{"damage":0,"enemies":"Small Slimes","floor":2,"turns":1},{"damage":0,"enemies":"2 Louse","floor":3,"turns":1},{"damage":19,"enemies":"Lots of Slimes","floor":5,"turns":6},{"damage":35,"enemies":"Gremlin Nob","floor":6,"turns":6},{"damage":5,"enemies":"Lagavulin","floor":8,"turns":9},{"damage":28,"enemies":"Gremlin Gang","floor":10,"turns":7},{"damage":25,"enemies":"Gremlin Nob","floor":12,"turns":4}],"seed_played":"-4011657922838868297","potions_obtained":[{"floor":3,"key":"EssenceOfSteel"},{"floor":5,"key":"Weak Potion"},{"floor":8,"key":"Dexterity Potion"}],"is_trial":false,"path_per_floor":["M","M","M","?","M","E","R","E","T","M","?","E"],"character_chosen":"THE_SILENT","items_purchased":[],"campfire_rested":1,"item_purchase_floors":[],"current_hp_per_floor":[70,70,70,70,51,16,37,32,32,4,4,0],"gold":252,"neow_bonus":"THREE_ENEMY_KILL","is_prod":false,"is_daily":false,"chose_seed":false,"campfire_upgraded":0,"win_rate":0,"timestamp":1548542412,"path_taken":["M","M","?","?","?","E","R","E","T","M","?","E"],"build_version":"2019-01-23","purchased_purges":0,"victory":false,"max_hp_per_floor":[70,70,70,70,70,70,70,70,70,70,70,70],"card_choices":[{"not_picked":["Prepared","Dagger Throw"],"picked":"PiercingWail","floor":1},{"not_picked":["Tactician","Dagger Spray"],"picked":"Acrobatics","floor":2},{"not_picked":["Prepared","Blur"],"picked":"Poisoned Stab","floor":3},{"not_picked":["Choke","Outmaneuver"],"picked":"Backflip","floor":5},{"not_picked":["Blade Dance","Dagger Spray"],"picked":"Cloak And Dagger","floor":6},{"not_picked":["Bane","Endless Agony"],"picked":"Venomology","floor":8},{"not_picked":["Sucker Punch","Quick Slash","Masterful Stab"],"picked":"SKIP","floor":10}],"player_experience":44411,"relics_obtained":[{"floor":6,"key":"Happy Flower"},{"floor":8,"key":"Omamori"},{"floor":9,"key":"Juzu Bracelet"},{"floor":11,"key":"Bag of Preparation"}],"event_choices":[{"damage_healed":0,"gold_gain":0,"player_choice":"Rummage","damage_taken":0,"relics_obtained":["WarpedTongs"],"max_hp_gain":0,"max_hp_loss":0,"event_name":"Accursed Blacksmith","floor":4,"gold_loss":0,"cards_obtained":["Pain"]},{"damage_healed":0,"gold_gain":0,"player_choice":"Relic","damage_taken":0,"max_hp_gain":0,"max_hp_loss":0,"event_name":"Wheel of Change","floor":11,"gold_loss":0}],"is_beta":false,"boss_relics":[],"items_purged_floors":[],"is_endless":false,"potions_floor_spawned":[3,5,8],"killed_by":"Gremlin Nob","ascension_level":2}