{"gold_per_floor":[116,130,130,130,141,169,181,223,235,267,292,323,335,372,384,492,504,530,542,524,551,238,238,238],"floor_reached":24,"playtime":2922,"items_purged":["Strike_B"],"score":338,"play_id":"db1ce480-37e4-4aa6-8ea5-539aa8c6b86c","local_time":"20181203220425","is_ascension_mode":true,"campfire_choices":[{"data":"Cold Snap","floor":7,"key":"SMITH"},{"floor":13,"key":"REST"},{"data":"Barrage","floor":15,"key":"SMITH"},{"data":"Go for the Eyes","floor":23,"key":"SMITH"}],"neow_cost":"NONE","seed_source_timestamp":14328366413854,"circlet_count":0,"master_deck":["AscendersBane","Strike_B","Strike_B","Defend_B","Defend_B","Defend_B","Defend_B","Zap+1","Dualcast","Leap","Cold Snap+1","Conserve Battery","Compile Driver","Coolheaded","Barrage+1","Glacier","Glacier","Echo Form","Go for the Eyes+1","Stack","Self Repair"],"relics":["Cracked Core","Art of War","MawBank","Sundial","Oddly Smooth Stone","Blue Candle","Coffee Dripper","Pear"],"potions_floor_usage":[6,11,14,16,24],"damage_taken":[{"damage":7,"enemies":"Jaw Worm","floor":1,"turns":3},{"damage":2,"enemies":"2 Louse","floor":2,"turns":3},{"damage":0,"enemies":"Cultist","floor":5,"turns":4},{"damage":20,"enemies":"Gremlin Nob","floor":6,"turns":5},{"damage":20,"enemies":"3 Sentries","floor":8,"turns":11},{"damage":5,"enemies":"Blue Slaver","floor":10,"turns":4},{"damage":0,"enemies":"Exordium Wildlife","floor":11,"turns":4},{"damage":1,"enemies":"Large Slime","floor":12,"turns":5},{"damage":3,"enemies":"Lagavulin","floor":14,"turns":7},{"damage":25,"enemies":"Hexaghost","floor":16,"turns":18},{"damage":13,"enemies":"3 Byrds","floor":18,"turns":6},{"damage":16,"enemies":"2 Thieves","floor":20,"turns":5},{"damage":0,"enemies":"Snake Plant","floor":21,"turns":5},{"damage":41,"enemies":"Slavers","floor":24,"turns":2}],"seed_played":"-8136962561727249967","potions_obtained":[{"floor":1,"key":"Block Potion"},{"floor":10,"key":"Fire Potion"},{"floor":11,"key":"Poison Potion"},{"floor":14,"key":"Swift Potion"},{"floor":16,"key":"GamblersBrew"},{"floor":20,"key":"SpeedPotion"}],"is_trial":false,"path_per_floor":["M","M","?","?","M","E","R","E","T","M","M","M","R","E","R","B",null,"M","?","M","M","$","R","E"],"character_chosen":"DEFECT","items_purchased":["Pear"],"campfire_rested":1,"item_purchase_floors":[22],"current_hp_per_floor":[61,59,59,59,59,39,39,19,19,14,14,13,35,32,32,7,58,45,45,29,29,39,39,0],"gold":238,"neow_bonus":"RANDOM_COMMON_RELIC","is_prod":false,"is_daily":false,"chose_seed":false,"campfire_upgraded":3,"win_rate":0,"timestamp":1543854865,"path_taken":["M","M","?","?","M","E","R","E","T","M","M","?","R","E","R","BOSS","M","?","M","M","$","R","E"],"build_version":"2018-11-15","purchased_purges":1,"victory":false,"max_hp_per_floor":[75,75,75,75,75,75,75,75,75,75,75,75,75,75,75,75,75,75,75,75,75,85,85,85],"card_choices":[{"not_picked":["Darkness","Stack"],"picked":"Leap","floor":1},{"not_picked":["Barrage","Chaos"],"picked":"Cold Snap","floor":2},{"not_picked":["Barrage","Tempest"],"picked":"Conserve Battery","floor":5},{"not_picked":["Beam Cell","Static Discharge","Scrape"],"picked":"SKIP","floor":6},{"not_picked":["Beam Cell","Steam Power"],"picked":"Compile Driver","floor":8},{"not_picked":["Gash","Beam Cell"],"picked":"Coolheaded","floor":10},{"not_picked":["Steam","White Noise"],"picked":"Barrage","floor":11},{"not_picked":["Loop","Compile Driver"],"picked":"Glacier","floor":12},{"not_picked":["Gash","Rainbow"],"picked":"Glacier","floor":14},{"not_picked":["Seek","Thunder Strike"],"picked":"Echo Form","floor":16},{"not_picked":["Melter+1","Streamline"],"picked":"Go for the Eyes","floor":18},{"not_picked":["Gash+1","Tempest+1"],"picked":"Stack","floor":20},{"not_picked":["Rip and Tear","Coolheaded"],"picked":"Self Repair","floor":21}],"player_experience":827035,"relics_obtained":[{"floor":6,"key":"MawBank"},{"floor":8,"key":"Sundial"},{"floor":9,"key":"Oddly Smooth Stone"},{"floor":14,"key":"Blue Candle"}],"event_choices":[{"damage_healed":0,"gold_gain":0,"player_choice":"Grow","damage_taken":0,"max_hp_gain":0,"max_hp_loss":0,"event_name":"Living Wall","floor":3,"gold_loss":0,"cards_upgraded":["Zap"]},{"cards_removed":["Strike_B"],"damage_healed":0,"gold_gain":0,"player_choice":"Purged","damage_taken":0,"max_hp_gain":0,"max_hp_loss":0,"event_name":"Purifier","floor":4,"gold_loss":0},{"damage_healed":0,"gold_gain":0,"player_choice":"Ignored","damage_taken":0,"max_hp_gain":0,"max_hp_loss":0,"event_name":"Cursed Tome","floor":19,"gold_loss":0}],"is_beta":true,"boss_relics":[{"not_picked":["Black Star","Astrolabe"],"picked":"Coffee Dripper"}],"items_purged_floors":[22],"is_endless":false,"potions_floor_spawned":[1,10,11,14,16,20],"killed_by":"Slavers","ascension_level":11}