{"path_per_floor":["M","M","T","M","?","E","R","E","T","M","R","E","R","?","R","B",null,"M","$","M","M","M","R","M","R","T","R","E","R","M","?","R","B",null,"M","?","M","M","?","R","E","R","T","M","R","M","M","$","R","B"],"character_chosen":"IRONCLAD","items_purchased":["Ice Cream","Frozen Egg 2","Orichalcum","Shuriken","Bag of Preparation"],"gold_per_floor":[369,384,384,403,403,430,430,460,487,502,502,531,531,531,531,630,630,642,56,68,82,98,98,115,115,186,186,214,214,229,154,154,259,259,274,324,336,349,349,349,376,376,376,388,388,399,409,26,26,26],"floor_reached":51,"campfire_rested":5,"playtime":3207,"current_hp_per_floor":[57,60,60,65,51,18,39,23,23,16,37,50,50,50,50,18,72,69,69,71,68,64,64,56,56,56,56,54,54,40,40,61,50,72,72,56,59,48,48,48,36,57,57,59,59,72,47,47,68,72],"items_purged":["Defend_R"],"gold":26,"score":594,"play_id":"78dd7898-d017-438f-b695-64361b9ffda2","is_prod":false,"is_daily":false,"is_ascension_mode":true,"campfire_upgraded":7,"path_taken":["M","?","?","?","?","E","R","E","T","M","R","E","R","?","R","BOSS","M","$","M","?","M","R","M","R","T","R","E","R","M","?","R","BOSS","M","?","M","M","?","R","E","R","T","M","R","M","M","$","R","BOSS"],"build_version":"2018-02-08-PROD1","purchased_purges":1,"victory":true,"master_deck":["Strike_R","Strike_R+1","Strike_R","Defend_R","Defend_R+1","Defend_R+1","Bash+1","Twin Strike+1","Heavy Blade+1","Whirlwind","Exhume+1","Pummel","Thunderclap","Clothesline+1","Reaper","Offering+1","Battle Trance","Spot Weakness+1","Twin Strike","Pummel","Flame Barrier+1","Flex+1","Limit Break+1","Ghostly Armor+1","Flex","Shrug It Off+1","Disarm","Flex+1","Limit Break"],"max_hp_per_floor":[72,72,72,72,72,72,72,72,72,72,72,72,72,72,72,72,72,72,72,72,72,72,72,72,72,72,72,72,72,72,72,72,72,72,72,72,72,72,72,72,72,72,72,72,72,72,72,72,72,72],"relics":["Burning Blood","Unceasing Top","War Paint","The Courier","Pen Nib","Bronze Scales","Sozu","Ice Cream","Frozen Egg 2","Orichalcum","Self Forming Clay","Bird Faced Urn","Question Card","Peace Pipe","Juzu Bracelet","Mercury Hourglass","Shuriken","Bag of Preparation"],"card_choices":[{"not_picked":["Sword Boomerang","Body Slam"],"picked":"Twin Strike"},{"not_picked":["Clash","Havoc"],"picked":"Heavy Blade"},{"not_picked":["Iron Wave","Body Slam"],"picked":"Whirlwind"},{"not_picked":["Blood for Blood","Feel No Pain"],"picked":"Exhume"},{"not_picked":["Headbutt","Intimidate"],"picked":"Pummel"},{"not_picked":["Iron Wave","Wild Strike"],"picked":"Thunderclap"},{"not_picked":["Clash","Sever Soul"],"picked":"Clothesline"},{"not_picked":["Bludgeon","Immolate"],"picked":"Offering"},{"not_picked":["Twin Strike","Perfected Strike"],"picked":"Battle Trance"},{"not_picked":["Battle Trance","True Grit"],"picked":"Spot Weakness"},{"not_picked":["Perfected Strike","Second Wind"],"picked":"Twin Strike"},{"not_picked":["Blood for Blood","Headbutt"],"picked":"Pummel"},{"not_picked":["Cleave","Clothesline"],"picked":"Flame Barrier"},{"not_picked":["Rage","Heavy Blade"],"picked":"Flex"},{"not_picked":["Dark Embrace","Juggernaut"],"picked":"Limit Break"},{"not_picked":["Clash","Disarm","Second Wind"],"picked":"Ghostly Armor"},{"not_picked":["Headbutt","Wild Strike","True Grit"],"picked":"Flex"},{"not_picked":["Sever Soul","Battle Trance","Clothesline"],"picked":"Shrug It Off"},{"not_picked":["Clothesline","Shockwave","Battle Trance"],"picked":"Disarm"},{"not_picked":["Headbutt","Rage","Pommel Strike"],"picked":"Flex"},{"not_picked":["Twin Strike","Second Wind","Sentinel"],"picked":"Limit Break"}],"player_experience":311045,"potions_floor_usage":[],"damage_taken":[{"damage":21.0,"enemies":"Blue Slaver","floor":1.0,"turns":4.0},{"damage":3.0,"enemies":"Jaw Worm","floor":2.0,"turns":3.0},{"damage":1.0,"enemies":"Cultist","floor":4.0,"turns":3.0},{"damage":39.0,"enemies":"Lagavulin","floor":6.0,"turns":6.0},{"damage":22.0,"enemies":"Gremlin Nob","floor":8.0,"turns":4.0},{"damage":13.0,"enemies":"Lots of Slimes","floor":10.0,"turns":5.0},{"damage":8.0,"enemies":"3 Sentries","floor":12.0,"turns":6.0},{"damage":38.0,"enemies":"The Guardian","floor":16.0,"turns":8.0},{"damage":9.0,"enemies":"Shell Parasite","floor":18.0,"turns":2.0},{"damage":4,"enemies":"Spheric Guardian","floor":20,"turns":3},{"damage":10,"enemies":"3 Cultists","floor":21,"turns":3},{"damage":14,"enemies":"Cultist and Chosen","floor":22,"turns":5},{"damage":14,"enemies":"Snecko","floor":24,"turns":4},{"damage":20,"enemies":"Gremlin Leader","floor":28,"turns":4},{"damage":20,"enemies":"Slaver and Parasite","floor":30,"turns":3},{"damage":17,"enemies":"Champ","floor":33,"turns":8},{"damage":4,"enemies":"3 Shapes","floor":35,"turns":4},{"damage":22,"enemies":"Mysterious Sphere","floor":36,"turns":5},{"damage":9,"enemies":"Orb Walker","floor":37,"turns":4},{"damage":23,"enemies":"Maw","floor":38,"turns":5},{"damage":25,"enemies":"Giant Head","floor":41,"turns":7},{"damage":16,"enemies":"4 Shapes","floor":44,"turns":9},{"damage":4,"enemies":"3 Darklings","floor":46,"turns":2},{"damage":31,"enemies":"Sphere and 2 Shapes","floor":47,"turns":3},{"damage":16,"enemies":"Donu and Deca","floor":50,"turns":4}],"event_choices":[{"event_name":"Shining Light","player_choice":"Entered Light","floor":5.0,"damage_taken":0.0},{"event_name":"Match and Keep!","player_choice":"1 cards matched","floor":14.0,"damage_taken":0.0},{"event_name":"Beggar","player_choice":"Gave Gold","floor":31,"damage_taken":0},{"event_name":"Mysterious Sphere","player_choice":"Fight","floor":36,"damage_taken":0},{"event_name":"Tomb of Lord Red Mask","player_choice":"Ignored","floor":39,"damage_taken":0}],"boss_relics":[{"not_picked":["Calling Bell","Orrery"],"picked":"Question Card"}],"potions_floor_spawned":[4,8,10,20,21,33,37,41,44,46],"seed_played":"5202260850186181259","ascension_level":1,"is_trial":false}