{"gold_per_floor":[112,130,130,130,149,149,184,184,184,31,64,64,75,25,25,130,130,140,155,165,179,179,179,208,223,223,168,168,183,212,229,229,326,326,336,356,356,356,134,166,66,85,109,119,119,70,70,70,70,70],"floor_reached":51,"playtime":2499,"items_purged":["Hello World","Defend_B"],"score":784,"play_id":"88161291-1927-4bb3-b361-0e362eec9e25","local_time":"20181011105513","is_ascension_mode":true,"campfire_choices":[{"data":"Sunder","floor":6,"key":"SMITH"},{"data":"Zap","floor":8,"key":"SMITH"},{"data":"Glacier","floor":12,"key":"SMITH"},{"data":"Glacier","floor":15,"key":"SMITH"},{"data":"Echo Form","floor":23,"key":"SMITH"},{"data":"Meteor Strike","floor":28,"key":"SMITH"},{"floor":32,"key":"REST"},{"data":"Enlightenment","floor":45,"key":"SMITH"},{"data":"Meteor Strike","floor":47,"key":"SMITH"},{"floor":49,"key":"REST"}],"neow_cost":"NONE","seed_source_timestamp":1639895457033,"circlet_count":0,"master_deck":["Defend_B","Defend_B","Zap+1","Dualcast+1","Gash+1","Sunder+1","Glacier+1","Meteor Strike+1","Glacier+1","Leap","Echo Form+1","Go for the Eyes+1","Streamline+1","Compile Driver","Gash+1","Core Surge","Biased Cognition+1","Steam+1","Beam Cell+1","Gash+1","Enlightenment+1","Flash of Steel","Finesse","Meteor Strike+1","Steam+1","Self Repair","Gash","Reboot"],"relics":["Runic Pyramid","Letter Opener","Sundial","Lantern","Busted Crown","Prayer Wheel","Ornamental Fan","Tiny Chest","Strawberry","Astrolabe","Calipers","Whetstone","Vajra"],"potions_floor_usage":[11,24,50,50],"damage_taken":[{"damage":1,"enemies":"Jaw Worm","floor":1,"turns":3},{"damage":3,"enemies":"2 Louse","floor":2,"turns":2},{"damage":0,"enemies":"Cultist","floor":5,"turns":3},{"damage":6,"enemies":"Lagavulin","floor":7,"turns":7},{"damage":13,"enemies":"3 Sentries","floor":11,"turns":4},{"damage":0,"enemies":"3 Louse","floor":13,"turns":3},{"damage":13,"enemies":"Hexaghost","floor":16,"turns":9},{"damage":0,"enemies":"Chosen","floor":18,"turns":5},{"damage":0,"enemies":"Shell Parasite","floor":19,"turns":3},{"damage":0,"enemies":"Snake Plant","floor":20,"turns":4},{"damage":0,"enemies":"Snecko","floor":21,"turns":4},{"damage":27,"enemies":"Slavers","floor":24,"turns":5},{"damage":0,"enemies":"Centurion and Healer","floor":25,"turns":4},{"damage":8,"enemies":"Chosen and Byrds","floor":29,"turns":5},{"damage":12,"enemies":"Book of Stabbing","floor":30,"turns":5},{"damage":1,"enemies":"Shelled Parasite and Fungi","floor":31,"turns":4},{"damage":6,"enemies":"Automaton","floor":33,"turns":10},{"damage":0,"enemies":"Orb Walker","floor":35,"turns":3},{"damage":1,"enemies":"3 Shapes","floor":36,"turns":3},{"damage":0,"enemies":"Mind Bloom Boss Battle","floor":37,"turns":7},{"damage":10,"enemies":"Nemesis","floor":40,"turns":5},{"damage":21,"enemies":"Reptomancer","floor":42,"turns":6},{"damage":9,"enemies":"Maw","floor":44,"turns":6},{"damage":19,"enemies":"Donu and Deca","floor":50,"turns":10}],"seed_played":"-9147225911205225815","potions_obtained":[{"floor":2,"key":"EntropicBrew"},{"floor":4,"key":"Energy Potion"},{"floor":4,"key":"SkillPotion"},{"floor":4,"key":"EntropicBrew"},{"floor":5,"key":"Explosive Potion"},{"floor":13,"key":"Explosive Potion"},{"floor":29,"key":"SpeedPotion"},{"floor":33,"key":"Swift Potion"},{"floor":36,"key":"Energy Potion"},{"floor":40,"key":"Dexterity Potion"}],"is_trial":false,"path_per_floor":["M","M","?","?","M","R","E","R","T","$","E","R","M","?","R","B",null,"M","M","M","M","?","R","E","M","T","?","R","M","E","M","R","B",null,"M","M","?","?","$","E","$","M","T","M","R","$","R","?","R","B"],"character_chosen":"DEFECT","items_purchased":["Meteor Strike","Meteor Strike","Gash"],"campfire_rested":2,"item_purchase_floors":[10,39,46],"current_hp_per_floor":[74,71,71,71,71,71,65,65,65,65,52,52,52,52,52,39,75,75,75,75,75,75,75,48,48,48,48,48,40,35,34,58,52,82,82,81,81,71,71,61,61,40,40,31,31,31,31,31,55,43],"gold":70,"neow_bonus":"BOSS_RELIC","is_prod":false,"is_daily":false,"chose_seed":false,"campfire_upgraded":8,"win_rate":0,"timestamp":1539235513,"path_taken":["M","M","?","?","M","R","E","R","T","?","E","R","M","?","R","BOSS","M","M","?","M","?","R","E","?","T","?","R","M","E","M","R","BOSS","M","M","?","?","$","E","?","?","T","M","R","$","R","?","R","BOSS"],"build_version":"2018-10-10","purchased_purges":2,"victory":true,"max_hp_per_floor":[75,75,75,75,75,75,75,75,75,75,75,75,75,75,75,75,75,75,75,75,75,75,75,75,75,75,75,75,75,82,82,82,82,82,82,82,82,82,82,82,82,82,82,82,82,82,82,82,82,82],"card_choices":[{"not_picked":["Steam","Redo"],"picked":"Gash","floor":1},{"not_picked":["Chill","Beam Cell"],"picked":"Hello World","floor":2},{"not_picked":["Rebound","Scrape"],"picked":"Sunder","floor":5},{"not_picked":["Scrape","Storm"],"picked":"Glacier","floor":7},{"not_picked":["Reboot","Steam"],"picked":"Glacier","floor":11},{"not_picked":["Streamline","Melter"],"picked":"Leap","floor":13},{"not_picked":["Buffer","Thunder Strike"],"picked":"Echo Form","floor":16},{"not_picked":["Barrage"],"picked":"SKIP","floor":18},{"not_picked":[],"picked":"Go for the Eyes","floor":19},{"not_picked":["Reprogram"],"picked":"SKIP","floor":20},{"not_picked":["Reprogram"],"picked":"SKIP","floor":21},{"not_picked":[],"picked":"Streamline+1","floor":24},{"not_picked":["Aggregate"],"picked":"SKIP","floor":25},{"not_picked":["Stack"],"picked":"SKIP","floor":25},{"not_picked":[],"picked":"Compile Driver","floor":29},{"not_picked":["Coolheaded"],"picked":"SKIP","floor":29},{"not_picked":["Auto Shields+1"],"picked":"SKIP","floor":30},{"not_picked":[],"picked":"Gash","floor":31},{"not_picked":["Rip and Tear+1"],"picked":"SKIP","floor":31},{"not_picked":[],"picked":"Core Surge","floor":33},{"not_picked":["Aggregate"],"picked":"SKIP","floor":35},{"not_picked":["Redo+1"],"picked":"SKIP","floor":35},{"not_picked":["Compile Driver"],"picked":"SKIP","floor":36},{"not_picked":["Chaos"],"picked":"SKIP","floor":36},{"not_picked":[],"picked":"Gash+1","floor":37},{"not_picked":[],"picked":"Enlightenment","floor":38},{"not_picked":[],"picked":"Flash of Steel","floor":38},{"not_picked":[],"picked":"Finesse","floor":38},{"not_picked":["Sunder"],"picked":"SKIP","floor":40},{"not_picked":[],"picked":"Steam+1","floor":42},{"not_picked":["Streamline"],"picked":"SKIP","floor":42},{"not_picked":[],"picked":"Self Repair","floor":44},{"not_picked":["Stack+1"],"picked":"SKIP","floor":44}],"player_experience":591579,"relics_obtained":[{"floor":7,"key":"Letter Opener"},{"floor":9,"key":"Sundial"},{"floor":11,"key":"Lantern"},{"floor":24,"key":"Prayer Wheel"},{"floor":26,"key":"Ornamental Fan"},{"floor":30,"key":"Strawberry"},{"floor":37,"key":"Calipers"},{"floor":40,"key":"Whetstone"},{"floor":43,"key":"Vajra"}],"event_choices":[{"event_name":"Living Wall","player_choice":"Grow","floor":3,"damage_taken":0},{"event_name":"The Lab","player_choice":"Got Potions","floor":4,"damage_taken":0},{"event_name":"The Cleric","player_choice":"Card Removal","floor":14,"damage_taken":0},{"event_name":"Accursed Blacksmith","player_choice":"Forge","floor":22,"damage_taken":0},{"event_name":"Addict","player_choice":"Obtained Relic","floor":27,"damage_taken":0},{"event_name":"MindBloom","player_choice":"Fight","floor":37,"damage_taken":0},{"event_name":"SensoryStone","player_choice":"Memory 3","floor":38,"damage_taken":0},{"event_name":"Transmorgrifier","player_choice":"Transform","floor":48,"damage_taken":0}],"is_beta":true,"boss_relics":[{"not_picked":["Inserter","Eternal Feather"],"picked":"Busted Crown"},{"not_picked":["Tiny House","Velvet Choker"],"picked":"Astrolabe"}],"items_purged_floors":[39,41],"is_endless":false,"potions_floor_spawned":[2,5,7,13,18,21,29,30,33,36,40,42],"ascension_level":1}