{"gold_per_floor":[115,115,126,126,142,173,173,173,173,173,186,71,71,100,100,195,195],"floor_reached":17,"playtime":473,"items_purged":[],"score":163,"play_id":"a5cd6d1e-6520-4710-9f1e-636cb1d6f57c","local_time":"20190127012812","is_ascension_mode":false,"campfire_choices":[{"floor":7,"key":"REST"},{"floor":15,"key":"REST"}],"neow_cost":"NONE","seed_source_timestamp":289150833099764,"circlet_count":0,"master_deck":["Zap+1","Dualcast","Genetic Algorithm+1","Sweeping Beam","Ball Lightning","Dramatic Entrance","All For One","Creative AI","Cold Snap","Amplify","Multi-Cast","FTL","Loop","Reinforced Body"],"relics":["Cracked Core","Girya","Mercury Hourglass","Omamori","Strawberry","Pandora\u0027s Box"],"potions_floor_usage":[6,16],"damage_taken":[{"damage":1,"enemies":"2 Louse","floor":1,"turns":2},{"damage":0,"enemies":"Small Slimes","floor":3,"turns":3},{"damage":1,"enemies":"Cultist","floor":5,"turns":3},{"damage":31,"enemies":"Gremlin Nob","floor":6,"turns":5},{"damage":3,"enemies":"3 Louse","floor":11,"turns":3},{"damage":9,"enemies":"3 Sentries","floor":14,"turns":3},{"damage":48,"enemies":"Hexaghost","floor":16,"turns":9}],"seed_played":"-3462607087282091074","potions_obtained":[{"floor":1,"key":"EssenceOfSteel"},{"floor":3,"key":"PowerPotion"},{"floor":14,"key":"SpeedPotion"},{"floor":16,"key":"Strength Potion"}],"is_trial":false,"path_per_floor":["M","?","M","?","M","E","R","?","T","?","M","$","?","E","R","B",null],"character_chosen":"DEFECT","items_purchased":["Ball Lightning","Dramatic Entrance"],"campfire_rested":2,"item_purchase_floors":[12,12],"current_hp_per_floor":[74,59,59,59,58,27,49,74,74,71,68,68,68,66,82,34,82],"gold":195,"neow_bonus":"UPGRADE_CARD","is_prod":false,"is_daily":false,"chose_seed":false,"campfire_upgraded":0,"win_rate":0.0,"timestamp":1548570492,"path_taken":["M","?","M","?","?","E","R","?","T","?","M","$","?","E","R","BOSS"],"build_version":"2019-01-23","purchased_purges":0,"victory":false,"max_hp_per_floor":[75,75,75,75,75,75,75,75,75,75,75,75,75,82,82,82,82],"card_choices":[{"not_picked":["Hello World","Rebound","Conserve Battery"],"picked":"SKIP","floor":1},{"not_picked":["Redo","Tempest"],"picked":"Genetic Algorithm","floor":3},{"not_picked":["Reprogram","Capacitor"],"picked":"Sweeping Beam","floor":5},{"not_picked":["Reprogram","Coolheaded","Sweeping Beam"],"picked":"SKIP","floor":6},{"not_picked":["Storm","Conserve Battery","Sweeping Beam"],"picked":"SKIP","floor":11},{"not_picked":["Static Discharge","Coolheaded","Cold Snap"],"picked":"SKIP","floor":14}],"player_experience":152414,"relics_obtained":[{"floor":6,"key":"Girya"},{"floor":9,"key":"Mercury Hourglass"},{"floor":14,"key":"Strawberry"}],"event_choices":[{"damage_healed":0,"gold_gain":0,"player_choice":"Entered Light","damage_taken":15,"max_hp_gain":0,"max_hp_loss":0,"event_name":"Shining Light","floor":2,"gold_loss":0,"cards_upgraded":["Defend_B","Defend_B"]},{"damage_healed":0,"gold_gain":0,"player_choice":"Forge","damage_taken":0,"max_hp_gain":0,"max_hp_loss":0,"event_name":"Accursed Blacksmith","floor":4,"gold_loss":0,"cards_upgraded":["Genetic Algorithm"]},{"damage_healed":25,"gold_gain":0,"player_choice":"Banana","damage_taken":0,"max_hp_gain":0,"max_hp_loss":0,"event_name":"Big Fish","floor":8,"gold_loss":0},{"damage_healed":0,"gold_gain":0,"player_choice":"Success","damage_taken":3,"relics_obtained":["Omamori"],"max_hp_gain":0,"max_hp_loss":0,"event_name":"Scrap Ooze","floor":10,"gold_loss":0},{"damage_healed":0,"gold_gain":0,"cards_transformed":["Defend_B"],"player_choice":"Change","damage_taken":0,"max_hp_gain":0,"max_hp_loss":0,"event_name":"Living Wall","floor":13,"gold_loss":0,"cards_obtained":["All For One"]}],"is_beta":false,"boss_relics":[{"not_picked":["Busted Crown","Calling Bell"],"picked":"Pandora\u0027s Box"}],"items_purged_floors":[],"is_endless":false,"potions_floor_spawned":[1,3,14,16],"ascension_level":0}