{"gold_per_floor":[111,122,140,151,169,169,200,125,202,202,212,247,247,281,281,355,355,374,4,104,104,123,123,139,139,139,151,151,161,161,177,177,254,254,272,222,222,242,254,254,274,294,321,332,332,349,349,359,359,359,359],"floor_reached":52,"playtime":4149,"items_purged":["Strike_B","Strike_B","Ball Lightning"],"score":1660,"play_id":"1a54feb4-03d5-4c6a-b0b8-b3a9ad3bca24","local_time":"20190420141907","is_ascension_mode":true,"campfire_choices":[{"data":"Sunder","floor":6.0,"key":"SMITH"},{"data":"Zap","floor":10.0,"key":"SMITH"},{"floor":13.0,"key":"REST"},{"data":"Defragment","floor":15.0,"key":"SMITH"},{"floor":23.0,"key":"REST"},{"data":"Go for the Eyes","floor":25.0,"key":"SMITH"},{"floor":32.0,"key":"REST"},{"data":"Strike_B+1","floor":40.0,"key":"PURGE"},{"data":"Strike_B+1","floor":45.0,"key":"PURGE"},{"data":"Zap+1","floor":47.0,"key":"PURGE"},{"data":"Dualcast","floor":49,"key":"PURGE"}],"neow_cost":"TEN_PERCENT_HP_LOSS","seed_source_timestamp":0,"circlet_count":0,"master_deck":["AscendersBane","Defend_B+1","Defend_B+1","Defend_B+1","Defend_B+1","Glacier","Sunder+1","Gash","Beam Cell","Conserve Battery","Go for the Eyes+1","Auto Shields","Defragment+1","Echo Form","Gash","Leap+1","Scrape+1","Machine Learning","Reinforced Body","Scrape+1","Defragment","Gash"],"special_seed":0,"relics":["FrozenCore","Prayer Wheel","Matryoshka","Boot","Dodecahedron","Centennial Puzzle","Blood Vial","Cables","Peace Pipe","Darkstone Periapt","Smiling Mask","Bottled Lightning","Enchiridion","Fusion Hammer","DataDisk"],"potions_floor_usage":[50,51],"damage_taken":[{"damage":0.0,"enemies":"2 Louse","floor":1.0,"turns":2.0},{"damage":7.0,"enemies":"Jaw Worm","floor":2.0,"turns":3.0},{"damage":6.0,"enemies":"Cultist","floor":3.0,"turns":3.0},{"damage":3.0,"enemies":"Red Slaver","floor":4.0,"turns":5.0},{"damage":0.0,"enemies":"Large Slime","floor":5.0,"turns":5.0},{"damage":4.0,"enemies":"3 Sentries","floor":7.0,"turns":10.0},{"damage":2.0,"enemies":"Blue Slaver","floor":11.0,"turns":3.0},{"damage":17.0,"enemies":"Gremlin Nob","floor":12.0,"turns":4.0},{"damage":12.0,"enemies":"3 Sentries","floor":14.0,"turns":6.0},{"damage":8.0,"enemies":"The Guardian","floor":16.0,"turns":11.0},{"damage":17.0,"enemies":"Shell Parasite","floor":18.0,"turns":5.0},{"damage":0.0,"enemies":"Colosseum Slavers","floor":20.0,"turns":4.0},{"damage":28.0,"enemies":"Colosseum Nobs","floor":20.0,"turns":6.0},{"damage":4.0,"enemies":"2 Thieves","floor":22.0,"turns":3.0},{"damage":8.0,"enemies":"Snake Plant","floor":24.0,"turns":5.0},{"damage":0.0,"enemies":"Snecko","floor":27.0,"turns":6.0},{"damage":0.0,"enemies":"Sentry and Sphere","floor":29.0,"turns":8.0},{"damage":12.0,"enemies":"Cultist and Chosen","floor":31.0,"turns":6.0},{"damage":21.0,"enemies":"Automaton","floor":33.0,"turns":11.0},{"damage":0.0,"enemies":"3 Shapes","floor":35.0,"turns":5.0},{"damage":0.0,"enemies":"Orb Walker","floor":38.0,"turns":3.0},{"damage":0.0,"enemies":"Writhing Mass","floor":39.0,"turns":8.0},{"damage":0.0,"enemies":"Spire Growth","floor":41.0,"turns":8.0},{"damage":3.0,"enemies":"Maw","floor":42.0,"turns":9.0},{"damage":0.0,"enemies":"4 Shapes","floor":44.0,"turns":4.0},{"damage":0.0,"enemies":"Sphere and 2 Shapes","floor":46.0,"turns":7.0},{"damage":0,"enemies":"Transient","floor":48,"turns":6},{"damage":3,"enemies":"Donu and Deca","floor":50,"turns":11},{"damage":2,"enemies":"Time Eater","floor":51,"turns":12}],"seed_played":"3679946484125872517","potions_obtained":[{"floor":3.0,"key":"SteroidPotion"},{"floor":5.0,"key":"Weak Potion"},{"floor":12.0,"key":"FearPotion"},{"floor":16.0,"key":"PowerPotion"},{"floor":24.0,"key":"Energy Potion"},{"floor":27.0,"key":"Regen Potion"},{"floor":29.0,"key":"GamblersBrew"},{"floor":31.0,"key":"SpeedPotion"},{"floor":37.0,"key":"PowerPotion"},{"floor":37.0,"key":"SkillPotion"},{"floor":42.0,"key":"Dexterity Potion"},{"floor":48,"key":"SkillPotion"}],"is_trial":false,"path_per_floor":["?","?","?","?","M","?","M"],"character_chosen":"DEFECT","items_purchased":["Cables"],"campfire_rested":3,"item_purchase_floors":[19],"current_hp_per_floor":[64,57,51,48,48,48,44,44,44,44,42,25,44,32,32,26,55,40,40,16,16,14,33,27,27,27,29,42,59,38,28,47,28,55,57,57,57,59,61,61,63,61,61,63,63,64,64,64,64,61,61],"gold":359,"neow_bonus":"ONE_RARE_RELIC","is_prod":false,"is_daily":false,"chose_seed":false,"campfire_upgraded":4,"win_rate":0,"timestamp":1555787947,"path_taken":["M","M","M","M","M","R","E","$","T","R","M","E","R","E","R","BOSS","M","$","?","?","M","R","M","R","T","M","?","M","?","?","R","BOSS","M","$","?","M","M","R","M","M","T","?","R","M","R","M","R","BOSS","BOSS"],"build_version":"2019-01-23","purchased_purges":3,"victory":true,"max_hp_per_floor":[64,64,64,64,64,64,64,64,64,64,64,64,64,64,64,64,64,64,64,64,64,64,64,64,64,64,64,64,64,64,64,64,64,64,64,64,64,64,64,64,64,64,64,64,64,64,64,64,64,64,64],"card_choices":[{"not_picked":["Redo","Streamline"],"picked":"Glacier","floor":1.0},{"not_picked":["Go for the Eyes","Steam"],"picked":"Ball Lightning","floor":1.0},{"not_picked":["Doom and Gloom","Redo"],"picked":"Sunder","floor":2.0},{"not_picked":["Double Energy","Barrage","Coolheaded"],"picked":"SKIP","floor":2.0},{"not_picked":["Compile Driver","Glacier"],"picked":"Gash","floor":3.0},{"not_picked":["Doom and Gloom","Coolheaded"],"picked":"Beam Cell","floor":3.0},{"not_picked":["Amplify","Fusion"],"picked":"Conserve Battery","floor":4.0},{"not_picked":["Heatsinks","Compile Driver","Leap"],"picked":"SKIP","floor":4.0},{"not_picked":["Heatsinks","Hello World","Loop"],"picked":"SKIP","floor":5.0},{"not_picked":["Redo","Leap","Coolheaded"],"picked":"SKIP","floor":5.0},{"not_picked":["Streamline","Coolheaded"],"picked":"Go for the Eyes","floor":7.0},{"not_picked":["Amplify","Sweeping Beam","Streamline"],"picked":"SKIP","floor":11.0},{"not_picked":["Streamline","Sweeping Beam","Heatsinks"],"picked":"SKIP","floor":11.0},{"not_picked":["Sweeping Beam","Aggregate"],"picked":"Auto Shields","floor":12.0},{"not_picked":["Beam Cell","Darkness"],"picked":"Defragment","floor":14.0},{"not_picked":["Thunder Strike","Machine Learning"],"picked":"Echo Form","floor":16.0},{"not_picked":["Melter","Streamline+1"],"picked":"Gash","floor":18.0},{"not_picked":["Darkness","Double Energy","Storm"],"picked":"SKIP","floor":18.0},{"not_picked":["Compile Driver","Aggregate","Steam"],"picked":"SKIP","floor":22.0},{"not_picked":["Ball Lightning+1","Leap","Coolheaded"],"picked":"SKIP","floor":22.0},{"not_picked":["Reinforced Body","Melter"],"picked":"Leap+1","floor":24.0},{"not_picked":["Sunder","Compile Driver","Streamline"],"picked":"SKIP","floor":24.0},{"not_picked":["Streamline","Turbo","Stack"],"picked":"SKIP","floor":27.0},{"not_picked":["Loop","Genetic Algorithm","Beam Cell"],"picked":"SKIP","floor":27.0},{"not_picked":["Recycle+1","Rebound","Ball Lightning"],"picked":"SKIP","floor":29.0},{"not_picked":["Tempest","Static Discharge","Steam Power"],"picked":"SKIP","floor":29.0},{"not_picked":["Cold Snap","Fusion"],"picked":"Scrape+1","floor":31.0},{"not_picked":["Storm","Blizzard","Compile Driver"],"picked":"SKIP","floor":31.0},{"not_picked":["Hyperbeam","Amplify"],"picked":"Machine Learning","floor":33.0},{"not_picked":["Turbo+1","Doom and Gloom","Go for the Eyes"],"picked":"SKIP","floor":35.0},{"not_picked":["Melter","Beam Cell+1","Cold Snap"],"picked":"SKIP","floor":35.0},{"not_picked":["BootSequence","Turbo+1"],"picked":"Reinforced Body","floor":38.0},{"not_picked":["Stack","BootSequence","Reprogram"],"picked":"SKIP","floor":38.0},{"not_picked":["Coolheaded","Core Surge","Sweeping Beam"],"picked":"SKIP","floor":39.0},{"not_picked":["Streamline","Redo","Chill"],"picked":"SKIP","floor":39.0},{"not_picked":["Defragment","Go for the Eyes"],"picked":"Scrape+1","floor":41.0},{"not_picked":["Beam Cell","Static Discharge","Chill"],"picked":"SKIP","floor":41.0},{"not_picked":["Rebound","Chaos"],"picked":"Defragment","floor":42.0},{"not_picked":["Scrape","Compile Driver","Rebound"],"picked":"SKIP","floor":42.0},{"not_picked":["Go for the Eyes","Redo+1","Leap"],"picked":"SKIP","floor":44.0},{"not_picked":["Redo+1","Rebound","Streamline+1"],"picked":"SKIP","floor":44.0},{"not_picked":["Thunder Strike","Aggregate"],"picked":"Gash","floor":46.0},{"not_picked":["Go for the Eyes+1","Fusion","Conserve Battery+1"],"picked":"SKIP","floor":46.0},{"not_picked":["Cold Snap","Reprogram+1","Barrage"],"picked":"SKIP","floor":48},{"not_picked":["Sweeping Beam+1","Redo","Turbo"],"picked":"SKIP","floor":48}],"player_experience":461928,"relics_obtained":[{"floor":7.0,"key":"Matryoshka"},{"floor":9.0,"key":"Boot"},{"floor":9.0,"key":"Dodecahedron"},{"floor":12.0,"key":"Centennial Puzzle"},{"floor":14.0,"key":"Blood Vial"},{"floor":20.0,"key":"Peace Pipe"},{"floor":20.0,"key":"Darkstone Periapt"},{"floor":26.0,"key":"Smiling Mask"},{"floor":26.0,"key":"Bottled Lightning"},{"floor":30.0,"key":"Enchiridion"},{"floor":43.0,"key":"DataDisk"}],"event_choices":[{"damage_healed":0.0,"max_hp_gain":0.0,"max_hp_loss":0.0,"gold_gain":0.0,"event_name":"Colosseum","player_choice":"Fight","floor":20.0,"gold_loss":0.0,"damage_taken":0.0},{"damage_healed":0.0,"max_hp_gain":0.0,"max_hp_loss":0.0,"gold_gain":0.0,"event_name":"Colosseum","player_choice":"Fought Nobs","floor":20.0,"gold_loss":0.0,"damage_taken":0.0},{"damage_healed":0.0,"max_hp_gain":0.0,"max_hp_loss":0.0,"gold_gain":0.0,"event_name":"Back to Basics","player_choice":"Simplicity","floor":21.0,"gold_loss":0.0,"damage_taken":0.0,"cards_upgraded":["Strike_B","Strike_B","Defend_B","Defend_B","Defend_B","Defend_B"]},{"damage_healed":13.0,"max_hp_gain":0.0,"max_hp_loss":0.0,"gold_gain":0.0,"event_name":"The Library","player_choice":"Heal","floor":28.0,"gold_loss":0.0,"damage_taken":0.0},{"damage_healed":0.0,"max_hp_gain":0.0,"max_hp_loss":0.0,"gold_gain":0.0,"event_name":"Cursed Tome","player_choice":"Obtained Book","floor":30.0,"gold_loss":0.0,"damage_taken":21.0},{"damage_healed":0.0,"max_hp_gain":0.0,"max_hp_loss":0.0,"gold_gain":0.0,"event_name":"Lab","player_choice":"Got Potions","floor":37.0,"gold_loss":0.0,"damage_taken":0.0}],"is_beta":false,"boss_relics":[{"not_picked":["Calling Bell","Velvet Choker"],"picked":"FrozenCore"},{"not_picked":["Eternal Feather","Orrery"],"picked":"Fusion Hammer"}],"items_purged_floors":[8,19,36],"is_endless":false,"potions_floor_spawned":[3,5,7,12,16,24,27,29,31,42,48],"ascension_level":20}