{"gold_per_floor":[116,191,191,211,224,224,249,249,273,273,299,313,313],"floor_reached":13,"playtime":2011,"items_purged":[],"score":144,"play_id":"1150b3c5-dd1f-41ef-943c-dd2032f096f3","local_time":"20181208213547","is_ascension_mode":true,"campfire_choices":[{"data":"Sunder","floor":6,"key":"SMITH"},{"floor":8,"key":"REST"}],"neow_cost":"NONE","seed_source_timestamp":208760815908707,"circlet_count":0,"master_deck":["AscendersBane","Strike_B","Strike_B+1","Strike_B","Strike_B","Defend_B","Defend_B","Defend_B","Defend_B","Zap+1","Dualcast","Gash+1","Sunder+1","Coolheaded","Beam Cell","Steam","Loop"],"relics":["Cracked Core","Whetstone","Centennial Puzzle","SsserpentHead","Ornamental Fan"],"potions_floor_usage":[7],"damage_taken":[{"damage":2,"enemies":"Jaw Worm","floor":1,"turns":3},{"damage":14,"enemies":"Small Slimes","floor":4,"turns":3},{"damage":0,"enemies":"Cultist","floor":5,"turns":2},{"damage":35,"enemies":"3 Sentries","floor":7,"turns":7},{"damage":16,"enemies":"Lagavulin","floor":11,"turns":4},{"damage":4,"enemies":"Looter","floor":12,"turns":2},{"damage":14,"enemies":"Gremlin Nob","floor":13,"turns":2}],"seed_played":"67797696721908228","potions_obtained":[{"floor":5,"key":"Strength Potion"},{"floor":7,"key":"Dexterity Potion"},{"floor":12,"key":"Dexterity Potion"}],"is_trial":false,"path_per_floor":["M","?","?","M","M","R","E","R","T","?","E","M","E"],"character_chosen":"DEFECT","items_purchased":[],"campfire_rested":1,"item_purchase_floors":[],"current_hp_per_floor":[66,55,55,41,41,41,6,28,28,28,12,8,0],"gold":313,"neow_bonus":"UPGRADE_CARD","is_prod":false,"is_daily":false,"chose_seed":false,"campfire_upgraded":1,"win_rate":0,"timestamp":1544285147,"path_taken":["M","?","?","?","M","R","E","R","T","?","E","M","E"],"build_version":"2018-12-06","purchased_purges":0,"victory":false,"max_hp_per_floor":[75,75,75,75,75,75,75,75,75,75,75,75,75],"card_choices":[{"not_picked":["Stack","Conserve Battery"],"picked":"Gash","floor":1},{"not_picked":["Turbo","Lockon"],"picked":"Sunder","floor":4},{"not_picked":["Storm","Rebound"],"picked":"Coolheaded","floor":5},{"not_picked":["Meteor Strike","Darkness"],"picked":"Beam Cell","floor":7},{"not_picked":["Sweeping Beam","Fusion"],"picked":"Steam","floor":11},{"not_picked":["Stack","Leap"],"picked":"Loop","floor":12}],"player_experience":871902,"relics_obtained":[{"floor":7,"key":"Whetstone"},{"floor":9,"key":"Centennial Puzzle"},{"floor":11,"key":"Ornamental Fan"}],"event_choices":[{"damage_healed":0,"gold_gain":75,"player_choice":"Gather Gold","damage_taken":11,"max_hp_gain":0,"max_hp_loss":0,"event_name":"World of Goop","floor":2,"gold_loss":0},{"damage_healed":0,"gold_gain":0,"player_choice":"Ignored","damage_taken":0,"max_hp_gain":0,"max_hp_loss":0,"event_name":"Liars Game","floor":3,"gold_loss":0},{"damage_healed":0,"gold_gain":0,"player_choice":"Trade","damage_taken":0,"relics_obtained":["SsserpentHead"],"max_hp_gain":0,"max_hp_loss":0,"event_name":"FaceTrader","floor":10,"gold_loss":0}],"is_beta":true,"boss_relics":[],"items_purged_floors":[],"is_endless":false,"potions_floor_spawned":[5,7,12],"killed_by":"Gremlin Nob","ascension_level":11}