{"gold_per_floor":[118,43,43,58,233,233,250,200,200,33,53,53,88,105,105,210,260,279,279,293,267,267,300,8,27,27,27,27,27,27,41,41,143,143,160,0,15,290,300,300],"floor_reached":40,"playtime":2642,"items_purged":["Strike_R"],"score":424,"play_id":"b90663f8-a049-4882-b581-c87890c9512e","local_time":"20190128234104","is_ascension_mode":true,"campfire_choices":[{"data":"Armaments","floor":6,"key":"SMITH"},{"data":"Apotheosis","floor":12,"key":"SMITH"},{"data":"Wild Strike","floor":15,"key":"SMITH"},{"floor":27,"key":"REST"},{"floor":29,"key":"REST"},{"data":"Searing Blow+1","floor":32,"key":"SMITH"}],"neow_cost":"NONE","seed_source_timestamp":382076791860410,"circlet_count":0,"master_deck":["Strike_R+1","Strike_R+1","Strike_R+1","Defend_R+1","Defend_R+1","Defend_R+1","Defend_R+1","Bash+1","Wild Strike+1","Armaments+1","Disarm","Apotheosis+1","Disarm","Flex","Double Tap","Whirlwind","Heavy Blade","Wild Strike","Shrug It Off","Searing Blow+2","Disarm","Heavy Blade","Shame","Flex","Exhume","Cleave","Regret","Searing Blow+1"],"relics":["Burning Blood","Matryoshka","Frozen Egg 2","Tiny House","NlothsMask","Bottled Flame","Potion Belt","Kunai","Red Skull","Shuriken","Mummified Hand","Cursed Key","Red Mask"],"potions_floor_usage":[16,20,23,23,33,40],"damage_taken":[{"damage":5,"enemies":"Small Slimes","floor":1,"turns":3},{"damage":4,"enemies":"Cultist","floor":4,"turns":4},{"damage":0,"enemies":"2 Louse","floor":7,"turns":3},{"damage":0,"enemies":"Large Slime","floor":11,"turns":6},{"damage":26,"enemies":"3 Sentries","floor":13,"turns":8},{"damage":1,"enemies":"Exordium Wildlife","floor":14,"turns":4},{"damage":6,"enemies":"The Guardian","floor":16,"turns":14},{"damage":26,"enemies":"Spheric Guardian","floor":18,"turns":5},{"damage":12,"enemies":"Chosen","floor":20,"turns":4},{"damage":27,"enemies":"Book of Stabbing","floor":23,"turns":7},{"damage":27,"enemies":"3 Cultists","floor":25,"turns":5},{"damage":21,"enemies":"Snake Plant","floor":31,"turns":7},{"damage":27,"enemies":"Champ","floor":33,"turns":8},{"damage":44,"enemies":"3 Darklings","floor":35,"turns":8},{"damage":6,"enemies":"3 Shapes","floor":37,"turns":4},{"damage":24,"enemies":"Jaw Worm Horde","floor":39,"turns":5},{"damage":40,"enemies":"Reptomancer","floor":40,"turns":3}],"seed_played":"-2208281776420163082","potions_obtained":[{"floor":1,"key":"Poison Potion"},{"floor":7,"key":"PowerPotion"},{"floor":14,"key":"FearPotion"},{"floor":17,"key":"Swift Potion"},{"floor":18,"key":"Weak Potion"},{"floor":23,"key":"PowerPotion"},{"floor":37,"key":"FearPotion"}],"is_trial":false,"path_per_floor":["M","$","?","M","?","R","M","?","T","$","M","R","E","M","R","B",null,"M","?","M","$","T","E","$","M","T","R","?","R","?","M","R","B",null,"M","?","M","?","M","E"],"character_chosen":"IRONCLAD","items_purchased":["Apotheosis","Shrug It Off","Kunai","Disarm"],"campfire_rested":2,"item_purchase_floors":[10,21,24,24],"current_hp_per_floor":[88,88,88,88,88,88,88,88,88,88,88,88,68,73,73,73,93,73,73,67,67,67,46,46,25,25,52,52,79,79,64,64,43,93,55,55,55,55,37,0],"gold":300,"neow_bonus":"TEN_PERCENT_HP_BONUS","is_prod":false,"is_daily":false,"chose_seed":false,"campfire_upgraded":4,"win_rate":0,"timestamp":1548715264,"path_taken":["M","$","?","?","?","R","M","?","T","?","M","R","E","M","R","BOSS","M","?","M","?","?","E","$","M","T","R","?","R","?","M","R","BOSS","M","?","M","?","?","E"],"build_version":"2019-01-23","purchased_purges":1,"victory":false,"max_hp_per_floor":[88,88,88,88,88,88,88,88,88,88,88,88,88,88,88,88,93,93,93,93,93,93,93,93,93,93,93,93,93,93,93,93,93,93,93,93,93,93,93,93],"card_choices":[{"not_picked":["Anger","Warcry"],"picked":"Wild Strike","floor":1},{"not_picked":["Heavy Blade","Hemokinesis"],"picked":"Armaments","floor":4},{"not_picked":["Thunderclap","Anger"],"picked":"Disarm","floor":7},{"not_picked":["Hemokinesis","Anger","Entrench"],"picked":"SKIP","floor":11},{"not_picked":["Feel No Pain","Clash"],"picked":"Disarm","floor":13},{"not_picked":["Body Slam","Double Tap"],"picked":"Flex","floor":14},{"not_picked":["Dark Embrace+1","Impervious"],"picked":"Double Tap","floor":16},{"not_picked":["Inflame+1","Twin Strike"],"picked":"Whirlwind","floor":17},{"not_picked":["Armaments+1","Clash"],"picked":"Heavy Blade","floor":18},{"not_picked":["Battle Trance","Rupture+1"],"picked":"Wild Strike","floor":20},{"not_picked":["Thunderclap+1","Havoc+1"],"picked":"Searing Blow+1","floor":23},{"not_picked":["Perfected Strike+1","Thunderclap+1"],"picked":"Heavy Blade","floor":25},{"not_picked":["Body Slam+1","Thunderclap"],"picked":"Flex","floor":31},{"not_picked":["Offering","Feed"],"picked":"Exhume","floor":33},{"not_picked":["Pommel Strike+1","Body Slam+1"],"picked":"Cleave","floor":35},{"not_picked":["Sword Boomerang","Rage","Heavy Blade"],"picked":"SKIP","floor":37},{"not_picked":["Body Slam+1","Burning Pact"],"picked":"Searing Blow+1","floor":39}],"player_experience":84638,"relics_obtained":[{"floor":9,"key":"Matryoshka"},{"floor":13,"key":"Frozen Egg 2"},{"floor":22,"key":"Bottled Flame"},{"floor":23,"key":"Potion Belt"},{"floor":26,"key":"Red Skull"},{"floor":26,"key":"Shuriken"}],"event_choices":[{"cards_removed":["Strike_R"],"damage_healed":0,"gold_gain":0,"player_choice":"Offered Basic","damage_taken":0,"max_hp_gain":0,"max_hp_loss":0,"event_name":"Bonfire Elementals","floor":3,"gold_loss":0},{"damage_healed":0,"gold_gain":175,"player_choice":"AGREE","damage_taken":0,"max_hp_gain":0,"max_hp_loss":0,"event_name":"Liars Game","floor":5,"gold_loss":0,"cards_obtained":["Doubt"]},{"cards_removed":["Doubt"],"damage_healed":0,"gold_gain":0,"player_choice":"Card Removal","damage_taken":0,"max_hp_gain":0,"max_hp_loss":0,"event_name":"The Cleric","floor":8,"gold_loss":50},{"damage_healed":0,"gold_gain":0,"player_choice":"Trade","damage_taken":0,"relics_obtained":["NlothsMask"],"max_hp_gain":0,"max_hp_loss":0,"event_name":"FaceTrader","floor":19,"gold_loss":0},{"damage_healed":0,"gold_gain":0,"player_choice":"Simplicity","damage_taken":0,"max_hp_gain":0,"max_hp_loss":0,"event_name":"Back to Basics","floor":28,"gold_loss":0,"cards_upgraded":["Strike_R","Strike_R","Strike_R","Defend_R","Defend_R","Defend_R","Defend_R"]},{"damage_healed":0,"gold_gain":0,"player_choice":"Stole Relic","damage_taken":0,"relics_obtained":["Mummified Hand"],"max_hp_gain":0,"max_hp_loss":0,"event_name":"Addict","floor":30,"gold_loss":0,"cards_obtained":["Shame"]},{"damage_healed":0,"gold_gain":0,"player_choice":"Paid","damage_taken":0,"relics_obtained":["Red Mask"],"max_hp_gain":0,"max_hp_loss":0,"event_name":"Tomb of Lord Red Mask","floor":36,"gold_loss":160},{"damage_healed":0,"gold_gain":275,"player_choice":"Desecrate","damage_taken":0,"max_hp_gain":0,"max_hp_loss":0,"event_name":"Golden Shrine","floor":38,"gold_loss":0,"cards_obtained":["Regret"]}],"is_beta":false,"boss_relics":[{"not_picked":["White Beast Statue","Runic Pyramid"],"picked":"Tiny House"},{"not_picked":["Velvet Choker","Empty Cage"],"picked":"Cursed Key"}],"items_purged_floors":[2],"is_endless":false,"potions_floor_spawned":[1,7,14,18,23,37],"killed_by":"Reptomancer","ascension_level":1}