{"gold_per_floor":[213,112,187,207,220,230,260,260,260,260,276,276,307,321,321,417,417,435,360,360,136,150,150,185,185,185,185,100,18,31,46,46,146,146,159,178,188,204,214,214,228,238,320,337,337,337,337,85,85,85],"floor_reached":51,"playtime":2129,"items_purged":["Defend_R","Writhe"],"score":706,"play_id":"e73bc3ec-aaa8-47a2-9636-92b5ce30e674","local_time":"20190421141848","is_ascension_mode":false,"campfire_choices":[{"data":"Bash","floor":8,"key":"SMITH"},{"data":"Carnage","floor":10,"key":"SMITH"},{"data":"True Grit","floor":12,"key":"SMITH"},{"data":"Clothesline","floor":15,"key":"SMITH"},{"data":"Limit Break","floor":23,"key":"SMITH"},{"data":"Corruption","floor":25,"key":"SMITH"},{"data":"Offering","floor":27,"key":"SMITH"},{"data":"Disarm","floor":32,"key":"SMITH"},{"floor":40,"key":"REST"},{"floor":45,"key":"REST"},{"data":"Disarm","floor":47,"key":"SMITH"},{"data":"Limit Break","floor":49,"key":"SMITH"}],"neow_cost":"NONE","seed_source_timestamp":788950513184400,"circlet_count":0,"master_deck":["Strike_R","Strike_R","Strike_R","Strike_R","Defend_R","Defend_R","Defend_R","Bash+1","Shrug It Off","Shrug It Off","Wild Strike","Spot Weakness","Carnage+1","True Grit+1","Metallicize","Disarm+1","Clothesline+1","Limit Break+1","True Grit","Disarm+1","Corruption+1","Thunderclap+1","Offering+1","Spot Weakness","Anger","Limit Break+1","Headbutt","Second Wind+1","Power Through","Rage+1","Dark Embrace+1","Heavy Blade+1","Feel No Pain+1","Shrug It Off"],"relics":["Burning Blood","Blood Vial","Dodecahedron","Mango","Runic Dome","Red Skull","Nunchaku","Frozen Egg 2","Pantograph","Mark of Pain","Bottled Lightning"],"potions_floor_usage":[13,16,22,24,33,33,36,50,50],"damage_taken":[{"damage":5,"enemies":"Small Slimes","floor":1,"turns":3},{"damage":3,"enemies":"2 Louse","floor":4,"turns":3},{"damage":0,"enemies":"Jaw Worm","floor":5,"turns":3},{"damage":0,"enemies":"3 Louse","floor":6,"turns":3},{"damage":22,"enemies":"Gremlin Nob","floor":7,"turns":4},{"damage":7,"enemies":"Blue Slaver","floor":11,"turns":3},{"damage":11,"enemies":"Lagavulin","floor":13,"turns":6},{"damage":18,"enemies":"Gremlin Gang","floor":14,"turns":5},{"damage":34,"enemies":"Slime Boss","floor":16,"turns":11},{"damage":1,"enemies":"Shell Parasite","floor":18,"turns":5},{"damage":6,"enemies":"Spheric Guardian","floor":22,"turns":5},{"damage":17,"enemies":"Slavers","floor":24,"turns":5},{"damage":6,"enemies":"Snecko","floor":30,"turns":4},{"damage":6,"enemies":"Centurion and Healer","floor":31,"turns":7},{"damage":69,"enemies":"Collector","floor":33,"turns":8},{"damage":6,"enemies":"3 Shapes","floor":35,"turns":7},{"damage":9,"enemies":"Orb Walker","floor":36,"turns":4},{"damage":10,"enemies":"4 Shapes","floor":37,"turns":10},{"damage":31,"enemies":"Jaw Worm Horde","floor":38,"turns":4},{"damage":39,"enemies":"Sphere and 2 Shapes","floor":39,"turns":6},{"damage":6,"enemies":"Transient","floor":41,"turns":5},{"damage":22,"enemies":"Jaw Worm Horde","floor":42,"turns":4},{"damage":12,"enemies":"Writhing Mass","floor":44,"turns":4},{"damage":20,"enemies":"Time Eater","floor":50,"turns":6}],"seed_played":"-7614212564786140331","potions_obtained":[{"floor":7,"key":"Strength Potion"},{"floor":11,"key":"EssenceOfSteel"},{"floor":13,"key":"Strength Potion"},{"floor":14,"key":"LiquidBronze"},{"floor":16,"key":"Poison Potion"},{"floor":22,"key":"GamblersBrew"},{"floor":24,"key":"Regen Potion"},{"floor":30,"key":"Strength Potion"},{"floor":33,"key":"Block Potion"},{"floor":35,"key":"Poison Potion"},{"floor":41,"key":"BloodPotion"}],"is_trial":false,"path_per_floor":["M","$","?","M","M","M","E","R","T","R","M","R","E","M","R","B",null,"M","?","?","$","M","R","E","R","T","R","?","$","M","M","R","B",null,"M","M","M","M","M","R","M","M","T","M","R","?","R","$","R","B",null],"character_chosen":"IRONCLAD","items_purchased":["Shrug It Off","Corruption","Red Skull","Spot Weakness","Shrug It Off","SteroidPotion","Weak Potion"],"campfire_rested":2,"item_purchase_floors":[2,21,21,29,48,48,48],"current_hp_per_floor":[80,80,69,72,78,80,64,64,64,64,65,65,76,66,66,40,94,94,94,94,94,94,94,83,83,83,83,83,83,85,87,87,45,94,94,91,89,66,35,63,65,51,51,47,75,94,94,94,94,80],"gold":85,"neow_bonus":"HUNDRED_GOLD","is_prod":false,"is_daily":false,"chose_seed":false,"campfire_upgraded":10,"win_rate":1,"timestamp":1555881528,"path_taken":["M","$","?","M","M","M","E","R","T","R","M","R","E","M","R","BOSS","M","?","?","$","M","R","E","R","T","R","?","?","M","M","R","BOSS","M","M","M","M","M","R","M","M","T","M","R","?","R","$","R","BOSS"],"build_version":"2019-01-23","purchased_purges":2,"victory":true,"max_hp_per_floor":[80,80,80,80,80,80,80,80,80,80,80,80,94,94,94,94,94,94,94,94,94,94,94,94,94,94,94,94,94,94,94,94,94,94,94,94,94,94,94,94,94,94,94,94,94,94,94,94,94,94],"card_choices":[{"not_picked":["Sword Boomerang","Wild Strike"],"picked":"Shrug It Off","floor":1},{"not_picked":["Havoc","Intimidate"],"picked":"Wild Strike","floor":4},{"not_picked":["Rampage","Demon Form"],"picked":"Spot Weakness","floor":5},{"not_picked":["Twin Strike","Flex"],"picked":"Carnage","floor":6},{"not_picked":["Twin Strike","Second Wind"],"picked":"True Grit","floor":7},{"not_picked":["Uppercut","Entrench"],"picked":"Metallicize","floor":11},{"not_picked":["Fire Breathing","Perfected Strike"],"picked":"Disarm","floor":13},{"not_picked":["Clash","Juggernaut"],"picked":"Clothesline","floor":14},{"not_picked":["Bludgeon","Double Tap"],"picked":"Limit Break","floor":16},{"not_picked":["Body Slam+1","Heavy Blade"],"picked":"True Grit","floor":18},{"not_picked":["Heavy Blade","Perfected Strike"],"picked":"Thunderclap+1","floor":22},{"not_picked":["Havoc","Corruption"],"picked":"Offering","floor":24},{"not_picked":["Heavy Blade","Evolve+1"],"picked":"Anger","floor":30},{"not_picked":["Body Slam","Thunderclap","Reckless Charge"],"picked":"SKIP","floor":31},{"not_picked":["Juggernaut+1","Barricade+1"],"picked":"Limit Break","floor":33},{"not_picked":["Clothesline+1","Warcry+1"],"picked":"Headbutt","floor":35},{"not_picked":["Warcry+1","Entrench"],"picked":"Second Wind+1","floor":36},{"not_picked":["Body Slam+1","Heavy Blade"],"picked":"Power Through","floor":37},{"not_picked":["Cleave","Havoc"],"picked":"Rage+1","floor":38},{"not_picked":["Sever Soul+1","Heavy Blade+1"],"picked":"Dark Embrace+1","floor":39},{"not_picked":["Iron Wave","Clash+1"],"picked":"Heavy Blade+1","floor":41},{"not_picked":["Disarm","Sword Boomerang"],"picked":"Feel No Pain+1","floor":42},{"not_picked":["Clash+1","Carnage+1","Dual Wield"],"picked":"SKIP","floor":44}],"player_experience":478166,"relics_obtained":[{"floor":7,"key":"Blood Vial"},{"floor":9,"key":"Dodecahedron"},{"floor":13,"key":"Mango"},{"floor":24,"key":"Nunchaku"},{"floor":26,"key":"Frozen Egg 2"},{"floor":43,"key":"Bottled Lightning"}],"event_choices":[{"damage_healed":0,"gold_gain":75,"player_choice":"Gather Gold","damage_taken":11,"max_hp_gain":0,"max_hp_loss":0,"event_name":"World of Goop","floor":3,"gold_loss":0},{"cards_removed":["Strike_R"],"damage_healed":0,"gold_gain":0,"player_choice":"Gave Gold","damage_taken":0,"max_hp_gain":0,"max_hp_loss":0,"event_name":"Beggar","floor":19,"gold_loss":75},{"damage_healed":0,"gold_gain":0,"player_choice":"Read","damage_taken":0,"max_hp_gain":0,"max_hp_loss":0,"event_name":"The Library","floor":20,"gold_loss":0,"cards_obtained":["Disarm"]},{"damage_healed":0,"gold_gain":0,"player_choice":"Obtained Relic","damage_taken":0,"relics_obtained":["Pantograph"],"max_hp_gain":0,"max_hp_loss":0,"event_name":"Addict","floor":28,"gold_loss":85},{"damage_healed":24,"gold_gain":0,"player_choice":"Writhe","damage_taken":0,"max_hp_gain":0,"max_hp_loss":0,"event_name":"Winding Halls","floor":46,"gold_loss":0,"cards_obtained":["Writhe"]}],"is_beta":false,"boss_relics":[{"not_picked":["Calling Bell","Philosopher\u0027s Stone"],"picked":"Runic Dome"},{"not_picked":["Black Star","Astrolabe"],"picked":"Mark of Pain"}],"items_purged_floors":[2,48],"is_endless":false,"potions_floor_spawned":[7,11,13,14,16,22,24,30,33,35,41],"ascension_level":0}