{"path_per_floor":["M","M","?","$","?","R","E","R","T","M","E","R","M","M","R","B",null,"M","?","M","M","$","R","E","R","T","?","R","T","M","M","R","B",null,"M","M","T","M","$","R","E","M","T","R","E","T","T","?","R","B"],"character_chosen":"IRONCLAD","items_purchased":["Headbutt","Battle Trance","Tiny Chest","Secret Technique","Shrug It Off"],"gold_per_floor":[116,129,129,54,54,54,97,97,97,117,157,157,180,196,196,317,317,337,337,350,370,30,30,63,63,87,87,87,87,101,125,125,245,245,270,288,370,383,12,12,346,361,361,361,405,429,455,788,788,788],"floor_reached":51,"campfire_rested":0,"playtime":2364,"current_hp_per_floor":[80,77,77,77,74,74,60,60,60,66,58,58,62,65,65,54,74,74,74,74,74,74,74,67,67,67,51,51,51,71,74,74,74,74,71,74,74,74,74,74,61,74,74,74,74,74,74,74,74,74],"items_purged":["Strike_R","Strike_R","Strike_R"],"gold":788,"score":608,"play_id":"189bc964-d042-4b22-8a0d-130639df9f55","is_prod":false,"is_daily":false,"is_ascension_mode":false,"campfire_upgraded":8,"path_taken":["M","M","?","$","?","R","E","R","T","M","E","R","M","M","R","BOSS","M","?","M","M","$","R","E","R","T","?","R","?","M","M","R","BOSS","M","M","?","M","$","R","E","M","T","R","E","?","?","?","R","BOSS"],"build_version":"2018-02-15-PROD1","purchased_purges":3,"victory":true,"master_deck":["Strike_R+1","Defend_R+1","Defend_R+1","Defend_R+1","Defend_R+1","Bash+1","Uppercut+1","Headbutt+1","Pommel Strike","Dropkick","Double Tap+1","Reaper","Armaments+1","Rampage+1","Headbutt","Battle Trance","Limit Break+1","True Grit+1","Feel No Pain","Rampage+1","Metallicize","Sword Boomerang","Pummel+1","Sword Boomerang+1","Secret Technique+1","Shrug It Off","Rage+1","Shrug It Off+1","Heavy Blade+1"],"max_hp_per_floor":[80,80,80,80,74,74,74,74,74,74,74,74,74,74,74,74,74,74,74,74,74,74,74,74,74,74,74,74,74,74,74,74,74,74,74,74,74,74,74,74,74,74,74,74,74,74,74,74,74,74],"relics":["Burning Blood","Bronze Scales","Bird Faced Urn","Girya","Philosopher\u0027s Stone","Tiny Chest","Prayer Wheel","Omamori","Necronomicon","Centennial Puzzle","Runic Dome","Bottled Flame","Old Coin","Frozen Eye","Meat on the Bone","Happy Flower","Pen Nib"],"card_choices":[{"not_picked":["Anger","Cleave"],"picked":"Uppercut"},{"not_picked":["Warcry","Iron Wave"],"picked":"Headbutt"},{"not_picked":["Heavy Blade","Clash"],"picked":"Pommel Strike"},{"not_picked":["Perfected Strike","Power Through"],"picked":"Dropkick"},{"not_picked":["Carnage","Clash"],"picked":"Double Tap"},{"not_picked":["Exhume","Immolate"],"picked":"Reaper"},{"not_picked":["Wild Strike","Rampage"],"picked":"Armaments"},{"not_picked":["Blood for Blood","Iron Wave"],"picked":"Rampage"},{"not_picked":["Iron Wave","Burning Pact"],"picked":"Limit Break"},{"not_picked":["Heavy Blade","Hemokinesis"],"picked":"True Grit"},{"not_picked":["Cleave","Iron Wave"],"picked":"Feel No Pain"},{"not_picked":["True Grit","Clash"],"picked":"Rampage"},{"not_picked":["True Grit","Twin Strike"],"picked":"Metallicize"},{"not_picked":["Wild Strike","Infernal Blade"],"picked":"Sword Boomerang"},{"not_picked":["Body Slam","Dual Wield"],"picked":"Pummel"},{"not_picked":["Perfected Strike","Armaments"],"picked":"Sword Boomerang"},{"not_picked":["Rupture","Fire Breathing"],"picked":"Rage"},{"not_picked":["Anger","Bludgeon"],"picked":"Shrug It Off"},{"not_picked":["Flex","Twin Strike"],"picked":"Heavy Blade"}],"player_experience":357631,"potions_floor_usage":[20,24,24,33,50,50,50],"damage_taken":[{"damage":6.0,"enemies":"Jaw Worm","floor":1.0,"turns":3.0},{"damage":9.0,"enemies":"Blue Slaver","floor":2.0,"turns":6.0},{"damage":20.0,"enemies":"Gremlin Nob","floor":7.0,"turns":4.0},{"damage":0.0,"enemies":"Cultist","floor":10.0,"turns":2.0},{"damage":14.0,"enemies":"Lagavulin","floor":11.0,"turns":4.0},{"damage":2.0,"enemies":"Looter","floor":13.0,"turns":3.0},{"damage":3.0,"enemies":"Lots of Slimes","floor":14.0,"turns":4.0},{"damage":17.0,"enemies":"Slime Boss","floor":16.0,"turns":7.0},{"damage":12.0,"enemies":"Spheric Guardian","floor":18.0,"turns":3.0},{"damage":9,"enemies":"3 Byrds","floor":20,"turns":3},{"damage":4,"enemies":"Snecko","floor":21,"turns":3},{"damage":20,"enemies":"Slavers","floor":24,"turns":5},{"damage":16,"enemies":"3 Cultists","floor":30,"turns":3},{"damage":0,"enemies":"Cultist and Chosen","floor":31,"turns":3},{"damage":13,"enemies":"Champ","floor":33,"turns":7},{"damage":32,"enemies":"3 Darklings","floor":35,"turns":3},{"damage":6,"enemies":"3 Shapes","floor":36,"turns":3},{"damage":6,"enemies":"Maw","floor":38,"turns":4},{"damage":19,"enemies":"Nemesis","floor":41,"turns":3},{"damage":10,"enemies":"3 Darklings","floor":42,"turns":2},{"damage":2,"enemies":"Giant Head","floor":45,"turns":3},{"damage":13,"enemies":"Time Eater","floor":50,"turns":6}],"event_choices":[{"event_name":"Upgrade Shrine","player_choice":"Upgraded","floor":3.0,"damage_taken":0.0},{"event_name":"Golden Idol","player_choice":"Lose Max HP","floor":5.0,"damage_taken":0.0},{"event_name":"Back to Basics","player_choice":"Simplicity","floor":19.0,"damage_taken":0.0},{"event_name":"Cursed Tome","player_choice":"Obtained Book","floor":27,"damage_taken":0},{"event_name":"The Moai Head","player_choice":"Gave Idol","floor":48,"damage_taken":0}],"boss_relics":[{"not_picked":["Astrolabe","Black Blood"],"picked":"Runic Dome"}],"potions_floor_spawned":[7,10,13,14,18,21,24,30,33,36,45],"seed_played":"-3012347359108830757","ascension_level":0,"is_trial":false}