{"path_per_floor":["M","M","$","M","?","E","M","M","T","R","?","E","R","M","R","B",null,"M","$","?","$","M","R","E","R","T","?","M","E","M","T","R","B",null,"M","?","$","?","?","R","E","?","T","M","?","T","M","?","R","B"],"character_chosen":"IRONCLAD","items_purchased":["Molten Egg 2","Metallicize","Bronze Scales","Flame Barrier","Bag of Preparation","Bandage Up"],"gold_per_floor":[369,385,31,43,43,68,84,96,96,96,96,130,130,142,142,243,243,259,33,33,33,45,45,74,74,74,74,91,123,136,136,136,240,240,250,304,35,35,0,0,29,29,29,44,44,44,54,154,154,154],"floor_reached":51,"campfire_rested":0,"playtime":3648,"current_hp_per_floor":[72,72,72,72,72,49,46,52,52,52,52,55,55,61,61,9,72,72,72,72,72,72,72,59,59,59,59,60,63,70,70,70,73,76,69,59,59,48,48,48,66,66,66,78,78,78,83,83,83,47],"items_purged":["Strike_R","Writhe"],"gold":154,"score":597,"play_id":"3a087241-0710-4c1f-8738-19818a60a90f","is_prod":false,"is_daily":false,"is_ascension_mode":false,"campfire_upgraded":8,"path_taken":["M","M","$","M","?","E","M","M","T","R","?","E","R","M","R","BOSS","M","$","?","?","M","R","E","R","T","?","?","E","?","?","R","BOSS","M","?","$","?","?","R","E","?","T","M","?","?","M","?","R","BOSS"],"build_version":"2018-02-12-PROD1","purchased_purges":2,"victory":true,"master_deck":["Strike_R","Strike_R","Strike_R","Defend_R","Defend_R","Defend_R","Bash","Pommel Strike","Metallicize+1","Battle Trance","Shrug It Off","Warcry","True Grit+1","Shrug It Off+1","Bloodletting+1","Barricade+1","Metallicize+1","Flame Barrier+1","Trip+1","Headbutt+1","Pommel Strike+1","Demon Form+1","Injury","Injury","Armaments+1","Bandage Up+1","Madness","Madness","Shrug It Off+1","Shrug It Off+1"],"max_hp_per_floor":[72,72,72,72,72,72,72,72,72,72,72,72,72,72,72,72,72,72,72,72,72,72,72,72,72,72,72,72,72,76,76,76,76,76,80,84,84,84,84,84,84,84,84,84,84,84,84,84,84,87],"relics":["Burning Blood","Molten Egg 2","Mercury Hourglass","Pen Nib","Bottled Lightning","Mark of Pain","Bronze Scales","Charon\u0027s Ashes","Bottled Tornado","Ornamental Fan","Magic Flower","Calling Bell","The Courier","Juzu Bracelet","Shuriken","Ginger","Bag of Preparation","Red Mask","Gremlin Horn","Dead Branch","Calipers"],"card_choices":[{"not_picked":["Wild Strike","True Grit"],"picked":"Pommel Strike"},{"not_picked":["Sever Soul","Clash"],"picked":"Battle Trance"},{"not_picked":["Pummel","Clothesline"],"picked":"Shrug It Off"},{"not_picked":["Corruption","Searing Blow"],"picked":"Warcry"},{"not_picked":["Warcry","Clash"],"picked":"True Grit"},{"not_picked":["Headbutt","Intimidate"],"picked":"Shrug It Off"},{"not_picked":["Sword Boomerang","Searing Blow"],"picked":"Bloodletting"},{"not_picked":["Juggernaut","Demon Form"],"picked":"Barricade"},{"not_picked":["Perfected Strike","Wild Strike"],"picked":"Metallicize"},{"not_picked":["Inflame","Sword Boomerang"],"picked":"Headbutt"},{"not_picked":["Bloodletting","Thunderclap"],"picked":"Feed"},{"not_picked":["Disarm","Infernal Blade"],"picked":"Pommel Strike"},{"not_picked":["Impervious","Brutality"],"picked":"Demon Form"},{"not_picked":["Perfected Strike","Anger"],"picked":"Armaments"},{"not_picked":["Battle Trance","Burning Pact"],"picked":"Shrug It Off"},{"not_picked":["Havoc","Armaments"],"picked":"Shrug It Off"}],"player_experience":353983,"potions_floor_usage":[6,12,12,24,24,36,36,36,50],"damage_taken":[{"damage":0,"enemies":"Small Slimes","floor":1,"turns":3},{"damage":5,"enemies":"Cultist","floor":2,"turns":4},{"damage":2,"enemies":"2 Louse","floor":4,"turns":3},{"damage":29,"enemies":"Lagavulin","floor":6,"turns":11},{"damage":9,"enemies":"Exordium Thugs","floor":7,"turns":5},{"damage":0,"enemies":"Red Slaver","floor":8,"turns":4},{"damage":3,"enemies":"Gremlin Nob","floor":12,"turns":4},{"damage":0,"enemies":"Looter","floor":14,"turns":3},{"damage":58,"enemies":"Hexaghost","floor":16,"turns":12},{"damage":5,"enemies":"Shell Parasite","floor":18,"turns":8},{"damage":3,"enemies":"Chosen","floor":22,"turns":7},{"damage":19,"enemies":"Book of Stabbing","floor":24,"turns":6},{"damage":5,"enemies":"Snake Plant","floor":28,"turns":4},{"damage":3,"enemies":"Gremlin Leader","floor":29,"turns":7},{"damage":3,"enemies":"3 Cultists","floor":30,"turns":5},{"damage":6,"enemies":"Champ","floor":33,"turns":14},{"damage":22,"enemies":"3 Darklings","floor":35,"turns":6},{"damage":25,"enemies":"Mysterious Sphere","floor":36,"turns":6},{"damage":0,"enemies":"Nemesis","floor":41,"turns":22},{"damage":6,"enemies":"Orb Walker","floor":44,"turns":4},{"damage":10,"enemies":"3 Darklings","floor":47,"turns":6},{"damage":59,"enemies":"Donu and Deca","floor":50,"turns":23}],"event_choices":[{"event_name":"Bonfire Elementals","player_choice":"BASIC","floor":5,"damage_taken":0},{"event_name":"Living Wall","player_choice":"Forget","floor":11,"damage_taken":0},{"event_name":"Match and Keep!","player_choice":"1 cards matched","floor":20,"damage_taken":0},{"event_name":"Vampires","player_choice":"Ignored","floor":27,"damage_taken":0},{"event_name":"Mysterious Sphere","player_choice":"Fight","floor":36,"damage_taken":0},{"event_name":"Winding Halls","player_choice":"Embrace Madness","floor":38,"damage_taken":0},{"event_name":"Tomb of Lord Red Mask","player_choice":"Paid","floor":39,"damage_taken":0},{"event_name":"Upgrade Shrine","player_choice":"Upgraded","floor":45,"damage_taken":0},{"event_name":"Golden Shrine","player_choice":"Pray","floor":48,"damage_taken":0}],"boss_relics":[{"not_picked":["Cursed Key","Pandora\u0027s Box"],"picked":"Mark of Pain"},{"not_picked":["Eternal Feather","Astrolabe"],"picked":"Calling Bell"}],"potions_floor_spawned":[1,7,8,16,18,28,33,35,41],"seed_played":"8017916424386344363","ascension_level":0,"is_trial":false}