{"gold_per_floor":[117,135,29,42,61,121,121,154,154,154,164,176,176,251,251,349,349,364,289,289,307,37,37,55,55,55,30,30,64,80,96,96,199,199,213,224,274,374,393,393,423,423,471,471,489,514,514,524,524,524,524,524,6,36,36],"floor_reached":55,"playtime":4529,"items_purged":["Strike_B"],"score":971,"play_id":"9e9826bd-e34f-45df-a925-bff716af1703","local_time":"20190305203538","is_ascension_mode":true,"campfire_choices":[{"data":"Rip and Tear","floor":7.0,"key":"SMITH"},{"data":"Defragment","floor":10.0,"key":"SMITH"},{"data":"Zap","floor":13.0,"key":"SMITH"},{"data":"Compile Driver","floor":15.0,"key":"SMITH"},{"data":"Self Repair","floor":23.0,"key":"SMITH"},{"floor":25.0,"key":"REST"},{"data":"Defragment","floor":32.0,"key":"SMITH"},{"data":"Echo Form","floor":40.0,"key":"SMITH"},{"floor":42.0,"key":"RECALL"},{"data":"Electrodynamics","floor":49.0,"key":"SMITH"},{"data":"Glacier","floor":52.0,"key":"SMITH"}],"neow_cost":"NONE","seed_source_timestamp":0,"circlet_count":0,"master_deck":["Defend_B","Defend_B","Defend_B","Defend_B","Zap+1","Dualcast","Compile Driver","Defragment+1","Rip and Tear+1","Glacier+1","Sweeping Beam","Echo Form+1","Steam","Compile Driver+1","Amplify","Leap+1","White Noise","Hyperbeam","Self Repair+1","Undo","Conserve Battery","Electrodynamics+1","Defragment+1","Defragment+1","Meteor Strike","Chill+1","Lockon+1","Heatsinks","Chaos+1","Coolheaded+1","Defragment+1","Reprogram+1"],"special_seed":0,"relics":["Cracked Core","Vajra","Tiny Chest","Ornamental Fan","Bottled Tornado","Snecko Eye","OrangePellets","Mummified Hand","Blood Vial","Runic Pyramid","StoneCalendar","Emotion Chip","Anchor","Regal Pillow","FossilizedHelix","Oddly Smooth Stone","Bag of Marbles"],"potions_floor_usage":[55],"damage_taken":[{"damage":1.0,"enemies":"Cultist","floor":1.0,"turns":3.0},{"damage":4.0,"enemies":"Jaw Worm","floor":2.0,"turns":3.0},{"damage":0.0,"enemies":"2 Louse","floor":4.0,"turns":1.0},{"damage":0.0,"enemies":"Gremlin Gang","floor":5.0,"turns":2.0},{"damage":24.0,"enemies":"3 Sentries","floor":6.0,"turns":8.0},{"damage":10.0,"enemies":"Gremlin Nob","floor":8.0,"turns":3.0},{"damage":8.0,"enemies":"Blue Slaver","floor":11.0,"turns":2.0},{"damage":1.0,"enemies":"2 Fungi Beasts","floor":12.0,"turns":3.0},{"damage":0.0,"enemies":"Hexaghost","floor":16.0,"turns":8.0},{"damage":0.0,"enemies":"Spheric Guardian","floor":18.0,"turns":4.0},{"damage":17.0,"enemies":"2 Thieves","floor":21.0,"turns":2.0},{"damage":39.0,"enemies":"Centurion and Healer","floor":24.0,"turns":5.0},{"damage":17.0,"enemies":"Book of Stabbing","floor":29.0,"turns":6.0},{"damage":2.0,"enemies":"Snecko","floor":30.0,"turns":4.0},{"damage":0.0,"enemies":"Shelled Parasite and Fungi","floor":31.0,"turns":4.0},{"damage":12.0,"enemies":"Collector","floor":33.0,"turns":7.0},{"damage":13.0,"enemies":"3 Shapes","floor":35.0,"turns":7.0},{"damage":0.0,"enemies":"3 Darklings","floor":36.0,"turns":2.0},{"damage":32.0,"enemies":"2 Orb Walkers","floor":37.0,"turns":5.0},{"damage":0.0,"enemies":"Mind Bloom Boss Battle","floor":38.0,"turns":3.0},{"damage":1.0,"enemies":"Jaw Worm Horde","floor":39.0,"turns":4.0},{"damage":46.0,"enemies":"Reptomancer","floor":41.0,"turns":5.0},{"damage":0.0,"enemies":"Transient","floor":45.0,"turns":5.0},{"damage":8.0,"enemies":"Giant Head","floor":46.0,"turns":9.0},{"damage":0.0,"enemies":"4 Shapes","floor":48.0,"turns":4.0},{"damage":53.0,"enemies":"Time Eater","floor":50.0,"turns":11.0},{"damage":37,"enemies":"Shield and Spear","floor":54,"turns":6},{"damage":45,"enemies":"The Heart","floor":55,"turns":5}],"seed_played":"-4306763206331279441","potions_obtained":[{"floor":1.0,"key":"Explosive Potion"},{"floor":4.0,"key":"Poison Potion"},{"floor":5.0,"key":"Swift Potion"},{"floor":11.0,"key":"PowerPotion"},{"floor":12.0,"key":"SpeedPotion"},{"floor":24.0,"key":"Block Potion"},{"floor":29.0,"key":"SpeedPotion"},{"floor":30.0,"key":"EssenceOfSteel"},{"floor":31.0,"key":"Poison Potion"},{"floor":36.0,"key":"Strength Potion"},{"floor":39.0,"key":"AttackPotion"},{"floor":41.0,"key":"GamblersBrew"},{"floor":45.0,"key":"Block Potion"},{"floor":46.0,"key":"FocusPotion"}],"is_trial":false,"path_per_floor":["M","M","$","M","M","E","R","E","T","R","M","M","R","?","R","B",null,"M","?","?","M","$","R","M","R","T","$","?","E","M","M","R","B",null,"M","M","?","?","M","R","E","R","T","?","M","E","?","M","R","B",null,"R","$","E","B"],"character_chosen":"DEFECT","items_purchased":["Defragment","Rip and Tear","Self Repair","OrangePellets","Conserve Battery","FossilizedHelix","Oddly Smooth Stone"],"campfire_rested":1,"item_purchase_floors":[3,3,22,22,27,53,53],"current_hp_per_floor":[74,70,70,70,70,46,46,36,36,36,28,27,27,16,16,16,60,60,60,60,43,43,43,14,36,36,36,36,39,49,71,71,71,74,72,75,63,75,75,75,39,39,39,39,61,75,75,75,75,32,64,64,64,39,0],"gold":36,"neow_bonus":"RANDOM_COMMON_RELIC","is_prod":false,"is_daily":false,"chose_seed":false,"campfire_upgraded":9,"win_rate":0,"timestamp":1551814538,"path_taken":["M","M","?","M","M","E","R","E","T","R","M","?","R","?","R","BOSS","M","?","?","M","$","R","M","R","T","$","?","E","?","M","R","BOSS","M","?","?","?","M","R","E","R","T","?","?","E","?","M","R","BOSS","R","$","E","BOSS"],"build_version":"2019-01-23","purchased_purges":1,"victory":false,"max_hp_per_floor":[75,75,75,75,75,75,75,75,75,75,75,75,75,75,75,75,75,75,75,75,75,75,75,75,75,75,75,75,75,75,75,75,75,75,75,75,75,75,75,75,75,75,75,75,75,75,75,75,75,75,75,75,75,75,75],"card_choices":[{"not_picked":["Scrape","Redo","Rebound"],"picked":"SKIP","floor":1.0},{"not_picked":["White Noise","Coolheaded"],"picked":"Compile Driver","floor":2.0},{"not_picked":["Leap","Rebound","Reprogram"],"picked":"SKIP","floor":4.0},{"not_picked":["Chill","Leap"],"picked":"Glacier","floor":5.0},{"not_picked":["Leap","BootSequence"],"picked":"Sweeping Beam","floor":6.0},{"not_picked":["Darkness","Heatsinks"],"picked":"Echo Form","floor":8.0},{"not_picked":["Rebound","Gash"],"picked":"Steam","floor":11.0},{"not_picked":["Go for the Eyes","Barrage"],"picked":"Compile Driver","floor":12.0},{"not_picked":["Echo Form","All For One"],"picked":"Amplify","floor":16.0},{"not_picked":["Stack","Sweeping Beam"],"picked":"Leap+1","floor":18.0},{"not_picked":["Barrage","Steam","Stack+1"],"picked":"SKIP","floor":21.0},{"not_picked":["Redo+1","Auto Shields"],"picked":"Undo","floor":24.0},{"not_picked":["Meteor Strike","Leap+1"],"picked":"Electrodynamics","floor":29.0},{"not_picked":["Stack","Conserve Battery"],"picked":"Defragment","floor":30.0},{"not_picked":["Streamline","Barrage+1"],"picked":"Defragment+1","floor":31.0},{"not_picked":["Multi-Cast","Creative AI"],"picked":"Meteor Strike","floor":33.0},{"not_picked":["Doom and Gloom+1","Sunder+1","Barrage+1"],"picked":"SKIP","floor":35.0},{"not_picked":["Storm+1","Barrage+1"],"picked":"Chill+1","floor":36.0},{"not_picked":["Leap+1","Rebound+1"],"picked":"Lockon+1","floor":37.0},{"not_picked":["Sweeping Beam","Barrage+1"],"picked":"Heatsinks","floor":38.0},{"not_picked":["White Noise+1","Reprogram"],"picked":"Chaos+1","floor":39.0},{"not_picked":["BootSequence","Gash"],"picked":"Coolheaded","floor":41.0},{"not_picked":["Sunder","Undo+1"],"picked":"Defragment+1","floor":45.0},{"not_picked":["Ball Lightning","Tempest+1","Aggregate+1"],"picked":"SKIP","floor":46.0},{"not_picked":["Sweeping Beam","Reinforced Body+1"],"picked":"Reprogram+1","floor":48.0},{"not_picked":["Fusion","Barrage","Hologram"],"picked":"SKIP","floor":54}],"player_experience":187371,"relics_obtained":[{"floor":6.0,"key":"Tiny Chest"},{"floor":8.0,"key":"Ornamental Fan"},{"floor":9.0,"key":"Bottled Tornado"},{"floor":26.0,"key":"Mummified Hand"},{"floor":29.0,"key":"Blood Vial"},{"floor":37.0,"key":"StoneCalendar"},{"floor":38.0,"key":"Emotion Chip"},{"floor":41.0,"key":"Anchor"},{"floor":46.0,"key":"Regal Pillow"},{"floor":54,"key":"Bag of Marbles"}],"event_choices":[{"damage_healed":0.0,"max_hp_gain":0.0,"max_hp_loss":0.0,"gold_gain":75.0,"event_name":"World of Goop","player_choice":"Gather Gold","floor":14.0,"gold_loss":0.0,"damage_taken":11.0},{"cards_removed":["Strike_B"],"damage_healed":0.0,"max_hp_gain":0.0,"max_hp_loss":0.0,"gold_gain":0.0,"event_name":"Beggar","player_choice":"Gave Gold","floor":19.0,"gold_loss":75.0,"damage_taken":0.0},{"damage_healed":0.0,"max_hp_gain":0.0,"max_hp_loss":0.0,"gold_gain":0.0,"cards_transformed":["Strike_B","Strike_B"],"event_name":"Drug Dealer","player_choice":"Became Test Subject","floor":20.0,"gold_loss":0.0,"damage_taken":0.0,"cards_obtained":["White Noise","Hyperbeam"]},{"damage_healed":0.0,"max_hp_gain":0.0,"max_hp_loss":0.0,"gold_gain":0.0,"event_name":"Match and Keep!","player_choice":"0 cards matched","floor":28.0,"gold_loss":0.0,"damage_taken":0.0,"cards_obtained":[]},{"damage_healed":0.0,"max_hp_gain":0.0,"max_hp_loss":0.0,"gold_gain":0.0,"event_name":"Mysterious Sphere","player_choice":"Fight","floor":37.0,"gold_loss":0.0,"damage_taken":0.0},{"damage_healed":0.0,"max_hp_gain":0.0,"max_hp_loss":0.0,"gold_gain":0.0,"event_name":"MindBloom","player_choice":"Fight","floor":38.0,"gold_loss":0.0,"damage_taken":0.0},{"damage_healed":0.0,"max_hp_gain":0.0,"max_hp_loss":0.0,"gold_gain":0.0,"event_name":"Accursed Blacksmith","player_choice":"Forge","floor":44.0,"gold_loss":0.0,"damage_taken":0.0,"cards_upgraded":["Coolheaded"]},{"damage_healed":0.0,"max_hp_gain":0.0,"max_hp_loss":0.0,"gold_gain":0.0,"event_name":"Tomb of Lord Red Mask","player_choice":"Ignored","floor":47.0,"gold_loss":0.0,"damage_taken":0.0}],"is_beta":false,"boss_relics":[{"not_picked":["Cursed Key","Inserter"],"picked":"Snecko Eye"},{"not_picked":["Busted Crown","Nuclear Battery"],"picked":"Runic Pyramid"}],"items_purged_floors":[53],"is_endless":false,"potions_floor_spawned":[1,4,5,11,12,24,29,30,31,36,39,41,45,46,48],"killed_by":"The Heart","ascension_level":5}