{"gold_per_floor":[367,136,151,151,9,9,37,37,37,66,84,84,84,105,105,201,201,214,233,17,17,31,49,49,49],"floor_reached":25,"playtime":1404,"items_purged":[],"score":369,"play_id":"165f8c69-8be7-46e4-8fba-46f8de5d41d1","local_time":"20190327211135","is_ascension_mode":true,"campfire_choices":[{"data":"Neutralize","floor":6.0,"key":"SMITH"},{"floor":8.0,"key":"REST"},{"data":"Well Laid Plans","floor":15.0,"key":"SMITH"}],"neow_cost":"TEN_PERCENT_HP_LOSS","seed_source_timestamp":2856765351713883,"circlet_count":0,"master_deck":["AscendersBane","Defend_G","Defend_G","Defend_G","Defend_G","Defend_G","Strike_G","Strike_G","Strike_G","Survivor","Neutralize+1","Cloak And Dagger","Caltrops","PiercingWail","Poisoned Stab","Quick Slash","Well Laid Plans+1","Backflip","Dodge and Roll","Catalyst","Infinite Blades","Corpse Explosion","Dodge and Roll+1","Deflect","Backstab","Escape Plan","Backflip"],"special_seed":0,"relics":["Ring of the Snake","OrangePellets","Letter Opener","Bottled Lightning","Matryoshka","Bloody Idol","Empty Cage","Orichalcum"],"potions_floor_usage":[25],"damage_taken":[{"damage":1.0,"enemies":"Cultist","floor":1.0,"turns":4.0},{"damage":0.0,"enemies":"Small Slimes","floor":3.0,"turns":5.0},{"damage":28.0,"enemies":"3 Sentries","floor":7.0,"turns":15.0},{"damage":9.0,"enemies":"Lagavulin","floor":10.0,"turns":9.0},{"damage":0.0,"enemies":"2 Louse","floor":11.0,"turns":2.0},{"damage":0.0,"enemies":"Blue Slaver","floor":14.0,"turns":4.0},{"damage":22.0,"enemies":"The Guardian","floor":16.0,"turns":15.0},{"damage":11.0,"enemies":"2 Thieves","floor":18.0,"turns":4.0},{"damage":19.0,"enemies":"Chosen","floor":19.0,"turns":6.0},{"damage":14.0,"enemies":"3 Cultists","floor":22.0,"turns":3.0},{"damage":4.0,"enemies":"Centurion and Healer","floor":23.0,"turns":9.0},{"damage":17,"enemies":"Shelled Parasite and Fungi","floor":25,"turns":6}],"seed_played":"4604419109148282898","potions_obtained":[{"floor":1.0,"key":"Poison Potion"},{"floor":10.0,"key":"SkillPotion"},{"floor":14.0,"key":"SpeedPotion"},{"floor":19.0,"key":"GhostInAJar"}],"is_trial":false,"path_per_floor":["M","$","M","?","$","R","E","R","T","E","M","?","?","M","R","B",null,"M","M","$","?","M","M","?","M"],"character_chosen":"THE_SILENT","items_purchased":["OrangePellets","Caltrops","Poisoned Stab","Quick Slash","Well Laid Plans","Backstab","Orichalcum"],"campfire_rested":1,"item_purchase_floors":[2,2,5,5,5,20,20],"current_hp_per_floor":[58,58,58,58,58,58,30,48,48,39,39,44,44,44,44,22,50,39,20,20,32,18,14,14,0],"gold":49,"neow_bonus":"TWO_FIFTY_GOLD","is_prod":false,"is_daily":false,"chose_seed":false,"campfire_upgraded":2,"win_rate":0,"timestamp":1553735495,"path_taken":["M","$","?","?","$","R","E","R","T","E","M","?","?","M","R","BOSS","M","M","$","?","M","M","?","M"],"build_version":"2019-03-15","purchased_purges":0,"victory":false,"max_hp_per_floor":[60,60,60,60,60,60,60,60,60,60,60,65,59,59,59,59,59,59,59,59,59,59,59,59,59],"card_choices":[{"not_picked":["Choke","Dagger Throw"],"picked":"Cloak And Dagger","floor":1.0},{"not_picked":["Escape Plan","Deflect"],"picked":"PiercingWail","floor":3.0},{"not_picked":["Cloak And Dagger","Slice"],"picked":"Backflip","floor":7.0},{"not_picked":["Setup","Unload"],"picked":"Dodge and Roll","floor":10.0},{"not_picked":["Underhanded Strike","Sucker Punch"],"picked":"Catalyst","floor":11.0},{"not_picked":["Bane","Endless Agony"],"picked":"Infinite Blades","floor":14.0},{"not_picked":["Envenom","Storm of Steel"],"picked":"Corpse Explosion","floor":16.0},{"not_picked":["Masterful Stab+1","Backflip"],"picked":"Dodge and Roll+1","floor":18.0},{"not_picked":["Outmaneuver","Eviscerate"],"picked":"Deflect","floor":19.0},{"not_picked":["Dodge and Roll","Reflex"],"picked":"Escape Plan","floor":22.0},{"not_picked":["Setup","Dodge and Roll"],"picked":"Backflip","floor":23.0}],"player_experience":862234,"relics_obtained":[{"floor":7.0,"key":"Letter Opener"},{"floor":9.0,"key":"Bottled Lightning"},{"floor":10.0,"key":"Matryoshka"}],"event_choices":[{"damage_healed":0.0,"max_hp_gain":0.0,"max_hp_loss":0.0,"gold_gain":0.0,"event_name":"The Cleric","player_choice":"Leave","floor":4.0,"gold_loss":0.0,"damage_taken":0.0},{"damage_healed":0.0,"max_hp_gain":5.0,"max_hp_loss":0.0,"gold_gain":0.0,"event_name":"Big Fish","player_choice":"Donut","floor":12.0,"gold_loss":0.0,"damage_taken":0.0},{"damage_healed":0.0,"max_hp_gain":0.0,"max_hp_loss":6.0,"gold_gain":0.0,"event_name":"Golden Idol","player_choice":"Lose Max HP","floor":13.0,"gold_loss":0.0,"damage_taken":0.0,"relics_obtained":["Golden Idol"]},{"damage_healed":12.0,"max_hp_gain":0.0,"max_hp_loss":0.0,"gold_gain":0.0,"event_name":"The Library","player_choice":"Heal","floor":21.0,"gold_loss":0.0,"damage_taken":0.0},{"damage_healed":0.0,"max_hp_gain":0.0,"max_hp_loss":0.0,"gold_gain":0.0,"event_name":"Forgotten Altar","player_choice":"Gave Idol","floor":24.0,"relics_lost":["Golden Idol"],"gold_loss":0.0,"damage_taken":0.0,"relics_obtained":["Bloody Idol"]}],"is_beta":true,"boss_relics":[{"not_picked":["Calling Bell","White Beast Statue"],"picked":"Empty Cage"}],"items_purged_floors":[],"is_endless":false,"potions_floor_spawned":[1,10,14,16,19],"killed_by":"Shelled Parasite and Fungi","ascension_level":15}