{"gold_per_floor":[118,128,128,147,72,72,72,93,93,167,167],"floor_reached":11,"playtime":365,"items_purged":["Strike_B"],"score":61,"play_id":"b05f85b3-65d9-485c-a0e8-77465be92ba0","local_time":"20190127123804","is_ascension_mode":false,"campfire_choices":[{"floor":6,"key":"REST"}],"neow_cost":"NONE","seed_source_timestamp":329452990614569,"circlet_count":0,"master_deck":["Strike_B","Strike_B","Defend_B","Defend_B","Defend_B","Defend_B","Zap+1","Dualcast","Sweeping Beam","Loop","Chaos"],"relics":["Cracked Core","Odd Mushroom","Frozen Egg 2","Bottled Tornado"],"potions_floor_usage":[],"damage_taken":[{"damage":3,"enemies":"Small Slimes","floor":1,"turns":3},{"damage":3,"enemies":"Jaw Worm","floor":2,"turns":3},{"damage":7,"enemies":"2 Louse","floor":4,"turns":2},{"damage":25,"enemies":"The Mushroom Lair","floor":8,"turns":4},{"damage":59,"enemies":"3 Sentries","floor":11,"turns":8}],"seed_played":"750335793353970977","potions_obtained":[{"floor":2,"key":"FearPotion"},{"floor":8,"key":"Weak Potion"}],"is_trial":false,"path_per_floor":["M","M","?","M","$","R","?","?","T","T","E"],"character_chosen":"DEFECT","items_purchased":[],"campfire_rested":1,"item_purchase_floors":[],"current_hp_per_floor":[72,69,62,55,55,75,80,55,55,55,0],"gold":167,"neow_bonus":"UPGRADE_CARD","is_prod":false,"is_daily":false,"chose_seed":false,"campfire_upgraded":0,"win_rate":0,"timestamp":1548610684,"path_taken":["M","M","?","M","$","R","?","?","T","?","E"],"build_version":"2019-01-23","purchased_purges":1,"victory":false,"max_hp_per_floor":[75,75,75,75,75,75,80,80,80,80,80],"card_choices":[{"not_picked":["Stack","Barrage"],"picked":"Sweeping Beam","floor":1},{"not_picked":["Leap","Go for the Eyes","Tempest"],"picked":"SKIP","floor":2},{"not_picked":["Steam","Stack"],"picked":"Loop","floor":4},{"not_picked":["Leap","Lockon"],"picked":"Chaos","floor":8}],"player_experience":164661,"relics_obtained":[{"floor":8,"key":"Odd Mushroom"},{"floor":9,"key":"Frozen Egg 2"},{"floor":10,"key":"Bottled Tornado"}],"event_choices":[{"cards_removed":["Strike_B"],"damage_healed":0,"gold_gain":0,"player_choice":"Card Removal","damage_taken":7,"max_hp_gain":0,"max_hp_loss":0,"event_name":"Golden Wing","floor":3,"gold_loss":0},{"damage_healed":0,"gold_gain":0,"player_choice":"Donut","damage_taken":0,"max_hp_gain":5,"max_hp_loss":0,"event_name":"Big Fish","floor":7,"gold_loss":0},{"damage_healed":0,"gold_gain":0,"player_choice":"Fought Mushrooms","damage_taken":0,"max_hp_gain":0,"max_hp_loss":0,"event_name":"Mushrooms","floor":8,"gold_loss":0}],"is_beta":false,"boss_relics":[],"items_purged_floors":[5],"is_endless":false,"potions_floor_spawned":[2,8],"killed_by":"3 Sentries","ascension_level":0}