{"gold_per_floor":[119,119,132,132,12,12,35,79,156,156,177,198,198,148,148,273,273,243,243],"floor_reached":19,"playtime":481,"items_purged":["Defend_G"],"score":167,"play_id":"69833cb3-251e-41e8-b21e-72c1d6ce75c1","local_time":"20190128181240","is_ascension_mode":false,"campfire_choices":[{"floor":6,"key":"REST"},{"floor":13,"key":"REST"},{"data":"Footwork","floor":15,"key":"SMITH"}],"neow_cost":"NONE","seed_source_timestamp":435815288277171,"circlet_count":0,"master_deck":["Defend_G","Defend_G","Strike_G","Strike_G+1","Strike_G+1","Strike_G","Survivor","Neutralize+1","Cloak And Dagger","Cloak And Dagger","Backstab","Cloak And Dagger","Footwork+1","Malaise"],"relics":["Empty Cage","Golden Idol","Orichalcum","Pear","Lizard Tail"],"potions_floor_usage":[8,16],"damage_taken":[{"damage":2,"enemies":"2 Louse","floor":1,"turns":3},{"damage":0,"enemies":"Cultist","floor":3,"turns":3},{"damage":0,"enemies":"Small Slimes","floor":7,"turns":3},{"damage":19,"enemies":"Lagavulin","floor":8,"turns":6},{"damage":4,"enemies":"Looter","floor":11,"turns":2},{"damage":0,"enemies":"Large Slime","floor":12,"turns":5},{"damage":22,"enemies":"The Guardian","floor":16,"turns":13},{"damage":23,"enemies":"2 Thieves","floor":18,"turns":5}],"seed_played":"7722637992961168996","potions_obtained":[{"floor":3,"key":"Explosive Potion"},{"floor":7,"key":"EssenceOfSteel"},{"floor":12,"key":"PowerPotion"},{"floor":18,"key":"Weak Potion"}],"is_trial":false,"path_per_floor":["M","?","M","?","$","R","M","E","T","?","M","M","R","?","R","B",null,"M","?"],"character_chosen":"THE_SILENT","items_purchased":["Cloak And Dagger"],"campfire_rested":2,"item_purchase_floors":[5],"current_hp_per_floor":[68,54,54,37,37,58,58,39,49,49,45,45,69,69,69,47,80,57,57],"gold":243,"neow_bonus":"BOSS_RELIC","is_prod":false,"is_daily":false,"chose_seed":false,"campfire_upgraded":1,"win_rate":0,"timestamp":1548717160,"path_taken":["M","?","M","?","$","R","M","E","T","?","M","?","R","?","R","BOSS","M","?"],"build_version":"2019-01-23","purchased_purges":1,"victory":false,"max_hp_per_floor":[70,70,70,70,70,70,70,70,80,80,80,80,80,80,80,80,80,80,80],"card_choices":[{"not_picked":["Dagger Throw","Backflip","Outmaneuver"],"picked":"SKIP","floor":1},{"not_picked":["Well Laid Plans","Sucker Punch"],"picked":"Cloak And Dagger","floor":3},{"not_picked":["Poisoned Stab","Leg Sweep"],"picked":"Backstab","floor":7},{"not_picked":["Well Laid Plans","Grand Finale","PiercingWail"],"picked":"SKIP","floor":8},{"not_picked":["Backflip","Bane"],"picked":"Cloak And Dagger","floor":11},{"not_picked":["Quick Slash","Bane"],"picked":"Footwork","floor":12},{"not_picked":["Storm of Steel","Corpse Explosion"],"picked":"Malaise","floor":16},{"not_picked":["Backflip+1","Underhanded Strike","Dagger Throw"],"picked":"SKIP","floor":18}],"player_experience":176055,"relics_obtained":[{"floor":8,"key":"Orichalcum"},{"floor":9,"key":"Pear"}],"event_choices":[{"damage_healed":0,"gold_gain":0,"player_choice":"Entered Light","damage_taken":14,"max_hp_gain":0,"max_hp_loss":0,"event_name":"Shining Light","floor":2,"gold_loss":0,"cards_upgraded":["Strike_G","Strike_G"]},{"damage_healed":0,"gold_gain":0,"player_choice":"Take Damage","damage_taken":17,"relics_obtained":["Golden Idol"],"max_hp_gain":0,"max_hp_loss":0,"event_name":"Golden Idol","floor":4,"gold_loss":0},{"damage_healed":0,"gold_gain":0,"player_choice":"Upgraded","damage_taken":0,"max_hp_gain":0,"max_hp_loss":0,"event_name":"Upgrade Shrine","floor":10,"gold_loss":0,"cards_upgraded":["Neutralize"]},{"cards_removed":["Defend_G"],"damage_healed":0,"gold_gain":0,"player_choice":"Card Removal","damage_taken":0,"max_hp_gain":0,"max_hp_loss":0,"event_name":"The Cleric","floor":14,"gold_loss":50}],"is_beta":false,"boss_relics":[{"not_picked":["Orrery","Runic Dome"],"picked":"Lizard Tail"}],"items_purged_floors":[5],"is_endless":false,"potions_floor_spawned":[3,7,12,18],"ascension_level":0}