{"gold_per_floor":[110,110,110,57,57,96,112,143,170,234,265,265,265,305,305,425,425,449,526,540,563,613,654,654,695,719,8,58,92,142,162,162,286,286,310,360,4,54,125,125,169,552,575,136,136,186,214,229,229,229,229,229,35,68,68],"floor_reached":55,"playtime":4619,"items_purged":[],"score":996,"play_id":"071762da-4444-4505-a482-e31085ee9fcf","local_time":"20190204011641","is_ascension_mode":true,"campfire_choices":[{"data":"True Grit","floor":12.0,"key":"SMITH"},{"data":"Demon Form","floor":15.0,"key":"SMITH"},{"data":"Havoc","floor":24.0,"key":"SMITH"},{"data":"Fiend Fire","floor":32.0,"key":"SMITH"},{"floor":40,"key":"RECALL"},{"data":"Panacea","floor":45,"key":"SMITH"},{"data":"Fiend Fire","floor":49,"key":"SMITH"},{"data":"Uppercut","floor":52,"key":"SMITH"}],"neow_cost":"NONE","seed_source_timestamp":0,"circlet_count":0,"master_deck":["Strike_R+1","Strike_R+1","Strike_R+1","Strike_R+1","Defend_R+1","Defend_R+1","Defend_R+1","Defend_R+1","Bash","True Grit+1","Havoc+1","Fiend Fire+1","Carnage","Power Through","Power Through","Demon Form+1","Reckless Charge","Fiend Fire+1","Disarm","Sword Boomerang+1","Uppercut+1","Cleave+1","Power Through+1","Metallicize","Twin Strike","Heavy Blade","Uppercut+1","Exhume","Sword Boomerang+1","Shrug It Off","Burning Pact","Spot Weakness+1","Havoc+1","Writhe","Panacea+1","Metallicize","Thinking Ahead","Madness","Madness","Shrug It Off+1","Feel No Pain","Flex"],"special_seed":0,"relics":["Burning Blood","NeowsBlessing","Potion Belt","Centennial Puzzle","Pocketwatch","Red Skull","Oddly Smooth Stone","Omamori","SsserpentHead","Bronze Scales","Cursed Key","Blood Vial","WingedGreaves","Smiling Mask","Strange Spoon","Dodecahedron","Anchor","Mummified Hand","Strawberry","Enchiridion","Coffee Dripper","Orichalcum","Bag of Marbles","Dream Catcher","Juzu Bracelet","Happy Flower","Medical Kit","Bag of Preparation"],"potions_floor_usage":[41,47,47,55],"damage_taken":[{"damage":0.0,"enemies":"Cultist","floor":1.0,"turns":1.0},{"damage":0.0,"enemies":"Gremlin Nob","floor":6.0,"turns":1.0},{"damage":0.0,"enemies":"2 Louse","floor":7.0,"turns":1.0},{"damage":34.0,"enemies":"Lagavulin","floor":8.0,"turns":6.0},{"damage":10.0,"enemies":"3 Sentries","floor":10.0,"turns":5.0},{"damage":5.0,"enemies":"3 Sentries","floor":11.0,"turns":8.0},{"damage":2.0,"enemies":"Lagavulin","floor":14.0,"turns":5.0},{"damage":8.0,"enemies":"Hexaghost","floor":16.0,"turns":6.0},{"damage":4.0,"enemies":"3 Byrds","floor":18.0,"turns":4.0},{"damage":10.0,"enemies":"2 Thieves","floor":20.0,"turns":3.0},{"damage":0.0,"enemies":"Snake Plant","floor":21.0,"turns":2.0},{"damage":22.0,"enemies":"Gremlin Leader","floor":23.0,"turns":3.0},{"damage":29.0,"enemies":"Slavers","floor":25.0,"turns":5.0},{"damage":7.0,"enemies":"Gremlin Leader","floor":29.0,"turns":4.0},{"damage":0.0,"enemies":"Centurion and Healer","floor":31.0,"turns":4.0},{"damage":0,"enemies":"Champ","floor":33,"turns":6},{"damage":15,"enemies":"3 Shapes","floor":35,"turns":4},{"damage":0,"enemies":"Orb Walker","floor":39,"turns":2},{"damage":0,"enemies":"Nemesis","floor":41,"turns":5},{"damage":30,"enemies":"Reptomancer","floor":47,"turns":6},{"damage":14,"enemies":"Jaw Worm Horde","floor":48,"turns":4},{"damage":28,"enemies":"Awakened One","floor":50,"turns":11},{"damage":8,"enemies":"Shield and Spear","floor":54,"turns":5},{"damage":95,"enemies":"The Heart","floor":55,"turns":8}],"seed_played":"6270625273616713491","potions_obtained":[{"floor":8.0,"key":"SpeedPotion"},{"floor":14.0,"key":"Poison Potion"},{"floor":16.0,"key":"Poison Potion"},{"floor":21.0,"key":"Energy Potion"},{"floor":29.0,"key":"Regen Potion"},{"floor":31.0,"key":"Explosive Potion"},{"floor":33,"key":"SteroidPotion"},{"floor":35,"key":"BloodPotion"},{"floor":39,"key":"SpeedPotion"}],"is_trial":false,"path_per_floor":["M","?","?","$","?","E","M","E","T","?","E","R","?","E","R","B",null,"M","T","M","M","?","E","R","E","T","$","?","E","?","M","R","B",null,"M","?","$","?","M","R","E","?","T","$","R","?","E","M","R","B",null,"R","$","E","B"],"character_chosen":"IRONCLAD","items_purchased":["Havoc","Strange Spoon","Metallicize","Dodecahedron","Twin Strike","Anchor","Shrug It Off","Burning Pact","Orichalcum","Regen Potion","Panacea","Metallicize","Thinking Ahead","Juzu Bracelet","Medical Kit"],"campfire_rested":0,"item_purchase_floors":[4,27,27,27,27,27,37,37,37,37,44,44,44,44,53],"current_hp_per_floor":[80,80,73,73,53,59,65,37,37,33,34,34,34,38,38,36,80,80,80,76,80,80,64,64,43,43,43,43,51,35,52,52,60,87,78,78,78,78,86,86,87,87,87,87,87,76,68,62,62,42,87,87,87,85,0],"gold":68,"neow_bonus":"THREE_ENEMY_KILL","is_prod":false,"is_daily":false,"chose_seed":false,"campfire_upgraded":7,"win_rate":0,"timestamp":1549261001,"path_taken":["M","?","?","$","?","E","M","E","T","?","E","R","?","E","R","BOSS","M","?","M","M","?","E","R","E","T","$","?","E","?","M","R","BOSS","M","?","$","?","?","R","E","?","T","$","R","?","E","M","R","BOSS","R","$","E","BOSS"],"build_version":"2019-01-23","purchased_purges":0,"victory":false,"max_hp_per_floor":[80,80,80,80,80,80,80,80,80,80,80,80,80,80,80,80,80,80,80,80,80,80,80,80,80,80,80,80,87,87,87,87,87,87,87,87,87,87,87,87,87,87,87,87,87,87,87,87,87,87,87,87,87,87,87],"card_choices":[{"not_picked":["Havoc","Shockwave"],"picked":"True Grit","floor":1.0},{"not_picked":["Bloodletting","Blood for Blood"],"picked":"Fiend Fire","floor":6.0},{"not_picked":["Sword Boomerang","Dropkick"],"picked":"Carnage","floor":7.0},{"not_picked":["Clothesline","Body Slam"],"picked":"Power Through","floor":8.0},{"not_picked":["Sword Boomerang","Corruption"],"picked":"Power Through","floor":10.0},{"not_picked":["Dual Wield","Havoc"],"picked":"Demon Form","floor":11.0},{"not_picked":["Shockwave","Inflame"],"picked":"Reckless Charge","floor":14.0},{"not_picked":["Barricade","Double Tap"],"picked":"Fiend Fire","floor":16.0},{"not_picked":["Iron Wave+1","Warcry"],"picked":"Disarm","floor":18.0},{"not_picked":["Iron Wave+1","Pummel"],"picked":"Sword Boomerang+1","floor":20.0},{"not_picked":["Cleave","Rage+1"],"picked":"Uppercut","floor":21.0},{"not_picked":["Sever Soul","Perfected Strike"],"picked":"Cleave+1","floor":23.0},{"not_picked":["Shrug It Off","Anger+1"],"picked":"Power Through+1","floor":25.0},{"not_picked":["Searing Blow","Rampage"],"picked":"Heavy Blade","floor":29.0},{"not_picked":["Body Slam","Headbutt+1"],"picked":"Uppercut+1","floor":31.0},{"not_picked":["Barricade","Brutality"],"picked":"Exhume","floor":33},{"not_picked":["Intimidate+1","Thunderclap"],"picked":"Sword Boomerang+1","floor":35},{"not_picked":["Cleave+1","Anger"],"picked":"Spot Weakness+1","floor":39},{"not_picked":["Combust","Sword Boomerang"],"picked":"Havoc+1","floor":41},{"not_picked":["Clash","Clothesline"],"picked":"Shrug It Off+1","floor":47},{"not_picked":["Headbutt+1","Entrench+1"],"picked":"Feel No Pain","floor":48},{"not_picked":["Berserk","Combust"],"picked":"Flex","floor":54}],"player_experience":83082,"relics_obtained":[{"floor":6.0,"key":"Centennial Puzzle"},{"floor":8.0,"key":"Pocketwatch"},{"floor":9.0,"key":"Red Skull"},{"floor":10.0,"key":"Oddly Smooth Stone"},{"floor":11.0,"key":"Omamori"},{"floor":14.0,"key":"Bronze Scales"},{"floor":23.0,"key":"Blood Vial"},{"floor":25.0,"key":"WingedGreaves"},{"floor":26.0,"key":"Smiling Mask"},{"floor":29.0,"key":"Strawberry"},{"floor":30.0,"key":"Enchiridion"},{"floor":41,"key":"Bag of Marbles"},{"floor":43,"key":"Dream Catcher"},{"floor":47,"key":"Happy Flower"},{"floor":54,"key":"Bag of Preparation"}],"event_choices":[{"damage_healed":0.0,"max_hp_gain":0.0,"max_hp_loss":0.0,"gold_gain":0.0,"event_name":"Big Fish","player_choice":"Box","floor":2.0,"gold_loss":0.0,"damage_taken":0.0,"relics_obtained":["Potion Belt"],"cards_obtained":["Regret"]},{"cards_removed":["Regret"],"damage_healed":0.0,"max_hp_gain":0.0,"max_hp_loss":0.0,"gold_gain":0.0,"event_name":"Golden Wing","player_choice":"Card Removal","floor":3.0,"gold_loss":0.0,"damage_taken":7.0},{"damage_healed":0.0,"max_hp_gain":0.0,"max_hp_loss":0.0,"gold_gain":0.0,"event_name":"Golden Idol","player_choice":"Take Damage","floor":5.0,"gold_loss":0.0,"damage_taken":20.0,"relics_obtained":["Golden Idol"]},{"damage_healed":0.0,"max_hp_gain":0.0,"max_hp_loss":0.0,"gold_gain":30.0,"event_name":"Dead Adventurer","player_choice":"Searched \u00273\u0027 times","floor":10.0,"gold_loss":0.0,"damage_taken":0.0},{"damage_healed":0.0,"max_hp_gain":0.0,"max_hp_loss":0.0,"gold_gain":0.0,"event_name":"FaceTrader","player_choice":"Trade","floor":13.0,"gold_loss":0.0,"damage_taken":0.0,"relics_obtained":["SsserpentHead"]},{"damage_healed":0.0,"max_hp_gain":0.0,"max_hp_loss":0.0,"gold_gain":0.0,"event_name":"Back to Basics","player_choice":"Simplicity","floor":22.0,"gold_loss":0.0,"damage_taken":0.0,"cards_upgraded":["Strike_R","Strike_R","Strike_R","Strike_R","Strike_R","Defend_R","Defend_R","Defend_R","Defend_R"]},{"damage_healed":0.0,"max_hp_gain":0.0,"max_hp_loss":0.0,"gold_gain":0.0,"event_name":"The Mausoleum","player_choice":"Opened","floor":28.0,"gold_loss":0.0,"damage_taken":0.0,"relics_obtained":["Mummified Hand"]},{"damage_healed":0.0,"max_hp_gain":0.0,"max_hp_loss":0.0,"gold_gain":0.0,"event_name":"Cursed Tome","player_choice":"Obtained Book","floor":30.0,"gold_loss":0.0,"damage_taken":16.0},{"damage_healed":0,"gold_gain":0,"player_choice":"Ignored","damage_taken":0,"max_hp_gain":0,"max_hp_loss":0,"event_name":"Tomb of Lord Red Mask","floor":36,"gold_loss":0},{"cards_removed":["Strike_R"],"damage_healed":0,"gold_gain":0,"player_choice":"Purged","damage_taken":0,"max_hp_gain":0,"max_hp_loss":0,"event_name":"Purifier","floor":38,"gold_loss":0},{"damage_healed":0,"gold_gain":333,"player_choice":"Gave Idol","damage_taken":0,"max_hp_gain":0,"max_hp_loss":0,"event_name":"The Moai Head","floor":42,"relics_lost":["Golden Idol"],"gold_loss":0},{"damage_healed":0,"gold_gain":0,"player_choice":"Embrace Madness","damage_taken":11,"max_hp_gain":0,"max_hp_loss":0,"event_name":"Winding Halls","floor":46,"gold_loss":0,"cards_obtained":["Madness","Madness"]}],"is_beta":false,"boss_relics":[{"not_picked":["Velvet Choker","Fusion Hammer"],"picked":"Cursed Key"},{"not_picked":["Orrery","Calling Bell"],"picked":"Coffee Dripper"}],"items_purged_floors":[],"is_endless":false,"potions_floor_spawned":[8,14,16,21,29,31,33,35,39],"killed_by":"The Heart","ascension_level":1}