{"gold_per_floor":[111,131,56,68,68,68,96,112,112,112,122,137,147,179,179,179],"floor_reached":16,"playtime":1540,"items_purged":[],"score":125,"play_id":"225c9ce4-873e-4a89-afa8-f2002cfabc0f","local_time":"20190128004901","is_ascension_mode":true,"campfire_choices":[{"data":"Night Terror","floor":6,"key":"SMITH"},{"floor":10,"key":"REST"},{"floor":15,"key":"REST"}],"neow_cost":"NONE","seed_source_timestamp":300858317381195,"circlet_count":0,"master_deck":["Defend_G","Defend_G","Defend_G","Defend_G","Defend_G","Strike_G","Strike_G","Strike_G","Strike_G","Survivor","Neutralize","Night Terror+1","Acrobatics","Flying Knee","Dash","Cloak And Dagger","Dodge and Roll","Cloak And Dagger","Calculated Gamble","Escape Plan"],"relics":["Ring of the Snake","Orichalcum","Frozen Egg 2","Bottled Lightning"],"potions_floor_usage":[8,14,16],"damage_taken":[{"damage":0,"enemies":"Cultist","floor":1,"turns":4},{"damage":5,"enemies":"2 Louse","floor":2,"turns":3},{"damage":9,"enemies":"Jaw Worm","floor":4,"turns":5},{"damage":22,"enemies":"3 Sentries","floor":7,"turns":12},{"damage":11,"enemies":"Exordium Thugs","floor":8,"turns":8},{"damage":3,"enemies":"Blue Slaver","floor":11,"turns":4},{"damage":14,"enemies":"Large Slime","floor":12,"turns":10},{"damage":12,"enemies":"3 Louse","floor":13,"turns":3},{"damage":10,"enemies":"Gremlin Nob","floor":14,"turns":4},{"damage":30,"enemies":"Slime Boss","floor":16,"turns":11}],"seed_played":"7704328602561384831","potions_obtained":[{"floor":1,"key":"GamblersBrew"},{"floor":11,"key":"EssenceOfSteel"},{"floor":12,"key":"FearPotion"}],"is_trial":false,"path_per_floor":["M","M","$","M","?","R","E","M","T","R","M","M","M","E","R","B"],"character_chosen":"THE_SILENT","items_purchased":["Dash"],"campfire_rested":2,"item_purchase_floors":[3],"current_hp_per_floor":[70,65,65,56,56,56,34,23,23,44,41,27,15,5,26,0],"gold":179,"neow_bonus":"ONE_RANDOM_RARE_CARD","is_prod":false,"is_daily":false,"chose_seed":false,"campfire_upgraded":1,"win_rate":0,"timestamp":1548632941,"path_taken":["M","M","?","M","?","R","E","M","T","R","M","M","?","E","R","BOSS"],"build_version":"2019-01-23","purchased_purges":0,"victory":false,"max_hp_per_floor":[70,70,70,70,70,70,70,70,70,70,70,70,70,70,70,70],"card_choices":[{"not_picked":["Eviscerate","Dagger Throw"],"picked":"Acrobatics","floor":1},{"not_picked":["Outmaneuver","Sucker Punch"],"picked":"Flying Knee","floor":2},{"not_picked":["Dagger Spray","Poisoned Stab"],"picked":"Cloak And Dagger","floor":4},{"not_picked":["Prepared","Quick Slash"],"picked":"Dodge and Roll","floor":7},{"not_picked":["Outmaneuver","All Out Attack"],"picked":"Cloak And Dagger","floor":8},{"not_picked":["Deadly Poison","Endless Agony"],"picked":"Calculated Gamble","floor":11},{"not_picked":["Glass Knife","PiercingWail","Finisher"],"picked":"SKIP","floor":12},{"not_picked":["Quick Slash","Bouncing Flask"],"picked":"Escape Plan","floor":13},{"not_picked":["Expertise","Bane","Heel Hook"],"picked":"SKIP","floor":14}],"player_experience":61109,"relics_obtained":[{"floor":7,"key":"Orichalcum"},{"floor":9,"key":"Frozen Egg 2"},{"floor":14,"key":"Bottled Lightning"}],"event_choices":[{"cards_removed":["Strike_G"],"damage_healed":0,"gold_gain":0,"player_choice":"Purged","damage_taken":0,"max_hp_gain":0,"max_hp_loss":0,"event_name":"Purifier","floor":5,"gold_loss":0}],"is_beta":false,"boss_relics":[],"items_purged_floors":[],"is_endless":false,"potions_floor_spawned":[1,11,12],"killed_by":"Slime Boss","ascension_level":2}