{"gold_per_floor":[114,13,88,88,142,168,66,66,90,10,36,52,52,81,81,155,155,172,183,201,201,201,235,235,246,298,57,84,107,107,126,126,203,203,219,237,41,61,71,104,115,115,115,132,132,132,163,113,113,113,113,113,33,58,58],"floor_reached":56,"playtime":2798,"items_purged":["Regret"],"score":2044,"play_id":"f2ac71d8-e087-4d20-bfd0-b29b163f54e6","local_time":"20190418214036","is_ascension_mode":true,"campfire_choices":[{"floor":8.0,"key":"REST"},{"floor":13.0,"key":"REST"},{"data":"Defragment","floor":15.0,"key":"SMITH"},{"data":"Chaos","floor":24.0,"key":"SMITH"},{"data":"Defragment","floor":32.0,"key":"SMITH"},{"floor":42,"key":"REST"},{"floor":46,"key":"RECALL"},{"data":"Ghostly","floor":49,"key":"SMITH"},{"data":"Static Discharge","floor":52,"key":"SMITH"}],"neow_cost":"CURSE","seed_source_timestamp":930009113134080,"circlet_count":0,"master_deck":["AscendersBane","Defend_B+1","Defend_B+1","Defend_B+1","Defend_B+1","Zap+1","Dualcast","All For One","Conserve Battery","Echo Form","BootSequence+1","Sweeping Beam+1","Defragment+1","Scrape","Conserve Battery","Genetic Algorithm","Biased Cognition","Coolheaded","Hologram","Ghostly","Ghostly","Ghostly+1","Biased Cognition","Defragment+1","Chaos+1","Static Discharge+1","Gash","Chill+1","Consume+1","Hologram+1","Barrage+1","Loop"],"special_seed":0,"relics":["Cracked Core","Omamori","Emotion Chip","Juzu Bracelet","Busted Crown","Gremlin Horn","Strawberry","Boot","Anchor","Astrolabe","Runic Capacitor","Symbiotic Virus","Regal Pillow","Bag of Preparation","Blood Vial"],"potions_floor_usage":[41,54,55],"damage_taken":[{"damage":0.0,"enemies":"2 Louse","floor":1.0,"turns":2.0},{"damage":22.0,"enemies":"Lagavulin","floor":6.0,"turns":6.0},{"damage":20.0,"enemies":"3 Sentries","floor":11.0,"turns":5.0},{"damage":0.0,"enemies":"Jaw Worm","floor":12.0,"turns":2.0},{"damage":16.0,"enemies":"Gremlin Nob","floor":14.0,"turns":3.0},{"damage":33.0,"enemies":"Slime Boss","floor":16.0,"turns":9.0},{"damage":2.0,"enemies":"3 Byrds","floor":18.0,"turns":4.0},{"damage":0.0,"enemies":"Shell Parasite","floor":19.0,"turns":6.0},{"damage":16.0,"enemies":"Chosen and Byrds","floor":20.0,"turns":8.0},{"damage":0.0,"enemies":"Gremlin Leader","floor":23.0,"turns":10.0},{"damage":0.0,"enemies":"Cultist and Chosen","floor":25.0,"turns":8.0},{"damage":0.0,"enemies":"Book of Stabbing","floor":28.0,"turns":8.0},{"damage":6.0,"enemies":"3 Cultists","floor":31.0,"turns":6.0},{"damage":16.0,"enemies":"Collector","floor":33.0,"turns":13.0},{"damage":5.0,"enemies":"Orb Walker","floor":35.0,"turns":5.0},{"damage":0.0,"enemies":"3 Darklings","floor":36.0,"turns":7.0},{"damage":7.0,"enemies":"Maw","floor":38.0,"turns":7.0},{"damage":0.0,"enemies":"Spire Growth","floor":39.0,"turns":7.0},{"damage":24.0,"enemies":"Nemesis","floor":40.0,"turns":9.0},{"damage":0,"enemies":"Transient","floor":41,"turns":5},{"damage":1,"enemies":"Jaw Worm Horde","floor":44,"turns":6},{"damage":1,"enemies":"Giant Head","floor":47,"turns":9},{"damage":17,"enemies":"Donu and Deca","floor":50,"turns":9},{"damage":12,"enemies":"Shield and Spear","floor":54,"turns":8},{"damage":15,"enemies":"The Heart","floor":55,"turns":9}],"seed_played":"5985409456152310159","potions_obtained":[{"floor":6.0,"key":"Weak Potion"},{"floor":12.0,"key":"Ancient Potion"},{"floor":20.0,"key":"Poison Potion"},{"floor":23.0,"key":"SkillPotion"},{"floor":25.0,"key":"Weak Potion"},{"floor":33.0,"key":"LiquidBronze"},{"floor":36.0,"key":"Dexterity Potion"},{"floor":40.0,"key":"Weak Potion"},{"floor":44,"key":"SteroidPotion"},{"floor":47,"key":"Block Potion"}],"is_trial":false,"path_per_floor":["M","$","?","?","?","E","$","R","T","$","E","M","R","E","R","B",null,"M","M","M","?","?","E","R","M","T","$","E","T","?","M","R","B",null,"M","M","$","M","M","E","M","R","T","M","?","R","E","?","R","B",null,"R","$","E","B",null],"character_chosen":"DEFECT","items_purchased":["Cold Snap","BootSequence","Sweeping Beam","Defragment","Strawberry","Gash","FocusPotion","Runic Capacitor","Loop"],"campfire_rested":3,"item_purchase_floors":[2,7,7,10,27,27,27,37,53],"current_hp_per_floor":[64,64,53,53,53,31,31,52,52,52,32,32,53,37,37,4,54,52,52,36,35,35,35,35,35,35,42,42,42,42,36,36,20,37,32,32,32,25,25,1,1,13,13,12,34,34,33,33,33,16,30,30,30,18,5],"gold":58,"neow_bonus":"THREE_RARE_CARDS","is_prod":false,"is_daily":false,"chose_seed":false,"campfire_upgraded":5,"win_rate":0,"timestamp":1555638036,"path_taken":["M","$","?","?","?","E","?","R","T","$","E","M","R","E","R","BOSS","M","M","M","?","?","E","R","M","T","$","E","?","?","M","R","BOSS","M","M","$","M","M","E","M","R","T","M","?","R","E","?","R","BOSS","R","$","E","BOSS"],"build_version":"2019-04-04","purchased_purges":1,"victory":true,"max_hp_per_floor":[71,71,71,71,71,71,71,71,71,71,71,71,71,71,71,71,71,71,71,71,35,35,35,35,35,35,42,42,42,42,42,42,42,42,42,42,42,42,42,42,42,42,42,42,34,34,34,34,34,34,34,34,34,34,34],"card_choices":[{"not_picked":["Buffer","Multi-Cast"],"picked":"All For One","floor":0.0},{"not_picked":["Compile Driver","Barrage"],"picked":"Conserve Battery","floor":1.0},{"not_picked":["Reprogram","Tempest"],"picked":"Echo Form","floor":6.0},{"not_picked":["Auto Shields","Reinforced Body"],"picked":"Scrape","floor":11.0},{"not_picked":["Force Field","FTL"],"picked":"Conserve Battery","floor":12.0},{"not_picked":["Chaos","Redo"],"picked":"Genetic Algorithm","floor":14.0},{"not_picked":["Meteor Strike","All For One"],"picked":"Biased Cognition","floor":16.0},{"not_picked":[],"picked":"Coolheaded","floor":18.0},{"not_picked":["Stack"],"picked":"SKIP","floor":19.0},{"not_picked":[],"picked":"Hologram","floor":20.0},{"not_picked":[],"picked":"Chaos","floor":23.0},{"not_picked":[],"picked":"Static Discharge","floor":25.0},{"not_picked":["Turbo"],"picked":"SKIP","floor":28.0},{"not_picked":["BootSequence"],"picked":"SKIP","floor":31.0},{"not_picked":["Defragment"],"picked":"SKIP","floor":35.0},{"not_picked":["Turbo"],"picked":"SKIP","floor":36.0},{"not_picked":["Leap"],"picked":"SKIP","floor":38.0},{"not_picked":["Stack"],"picked":"SKIP","floor":39.0},{"not_picked":["Leap"],"picked":"SKIP","floor":40.0},{"not_picked":["Turbo"],"picked":"SKIP","floor":41},{"not_picked":[],"picked":"Barrage+1","floor":44},{"not_picked":["Streamline+1"],"picked":"SKIP","floor":47},{"not_picked":["FTL"],"picked":"SKIP","floor":54}],"player_experience":971713,"relics_obtained":[{"floor":9.0,"key":"Omamori"},{"floor":11.0,"key":"Emotion Chip"},{"floor":14.0,"key":"Juzu Bracelet"},{"floor":23.0,"key":"Gremlin Horn"},{"floor":28.0,"key":"Boot"},{"floor":29.0,"key":"Anchor"},{"floor":40.0,"key":"Symbiotic Virus"},{"floor":43,"key":"Regal Pillow"},{"floor":47,"key":"Bag of Preparation"},{"floor":54,"key":"Blood Vial"}],"event_choices":[{"damage_healed":0.0,"max_hp_gain":0.0,"max_hp_loss":0.0,"gold_gain":75.0,"event_name":"World of Goop","player_choice":"Gather Gold","floor":3.0,"gold_loss":0.0,"damage_taken":11.0},{"damage_healed":0.0,"max_hp_gain":0.0,"max_hp_loss":0.0,"gold_gain":0.0,"event_name":"Living Wall","player_choice":"Grow","floor":4.0,"gold_loss":0.0,"damage_taken":0.0,"cards_upgraded":["Zap"]},{"damage_healed":0.0,"max_hp_gain":0.0,"max_hp_loss":0.0,"gold_gain":54.0,"event_name":"Golden Wing","player_choice":"Gained Gold","floor":5.0,"gold_loss":0.0,"damage_taken":0.0},{"damage_healed":0.0,"max_hp_gain":0.0,"max_hp_loss":36.0,"gold_gain":0.0,"event_name":"Ghosts","player_choice":"Became a Ghost","floor":21.0,"gold_loss":0.0,"damage_taken":0.0,"cards_obtained":["Ghostly","Ghostly","Ghostly"]},{"damage_healed":0.0,"max_hp_gain":0.0,"max_hp_loss":0.0,"gold_gain":0.0,"cards_transformed":["Strike_B","Strike_B"],"event_name":"Drug Dealer","player_choice":"Became Test Subject","floor":22.0,"gold_loss":0.0,"damage_taken":0.0,"cards_obtained":["Biased Cognition","Defragment"]},{"damage_healed":0.0,"max_hp_gain":0.0,"max_hp_loss":0.0,"gold_gain":0.0,"event_name":"Back to Basics","player_choice":"Simplicity","floor":30.0,"gold_loss":0.0,"damage_taken":0.0,"cards_upgraded":["Strike_B","Strike_B","Defend_B","Defend_B","Defend_B","Defend_B"]},{"damage_healed":34,"gold_gain":0,"player_choice":"Heal","damage_taken":0,"max_hp_gain":0,"max_hp_loss":8,"event_name":"The Moai Head","floor":45,"gold_loss":0},{"damage_healed":0,"gold_gain":0,"player_choice":"Upgraded Two","damage_taken":0,"max_hp_gain":0,"max_hp_loss":0,"event_name":"Designer","floor":48,"gold_loss":50,"cards_upgraded":["Sweeping Beam","BootSequence"]}],"is_beta":true,"boss_relics":[{"not_picked":["Snecko Eye","Coffee Dripper"],"picked":"Busted Crown"},{"not_picked":["Empty Cage","FrozenCore"],"picked":"Astrolabe"}],"items_purged_floors":[2],"is_endless":false,"potions_floor_spawned":[6,12,16,20,23,25,33,36,39,40,44,47],"ascension_level":15}