{"gold_per_floor":[112,112,125,142,142,173,1,36,36,55,69,69,83,103,103,198,198,210,310,7,7,18,18,52,52,98,98,129,154,166,178,178,274,274,284,284,284,4,14,44,44,70,70,70,99,119,119,137,137,137],"floor_reached":51,"playtime":23465,"items_purged":["Strike_G","Defend_G"],"score":855,"play_id":"5e3bc3a5-5cec-43d9-8811-93d108cb25c4","local_time":"20181208151045","is_ascension_mode":false,"campfire_choices":[{"data":"Calculated Gamble","floor":12,"key":"SMITH"},{"floor":15,"key":"REST"},{"floor":23,"key":"REST"},{"floor":25,"key":"REST"},{"floor":27,"key":"REST"},{"data":"Noxious Fumes","floor":32,"key":"SMITH"},{"floor":41,"key":"REST"},{"floor":44,"key":"REST"},{"data":"Bouncing Flask","floor":49,"key":"SMITH"}],"neow_cost":"NONE","seed_source_timestamp":1300339752698323,"circlet_count":0,"master_deck":["Defend_G","Defend_G","Strike_G","Strike_G","Survivor","Neutralize","Calculated Gamble+1","Terror","Predator","Blur","Underhanded Strike","Backstab","Blade Dance","Well Laid Plans","Deflect","Die Die Die","Footwork+1","Backstab+1","Crippling Poison+1","Noxious Fumes+1","Slice+1","Dagger Throw","Bouncing Flask+1","Escape Plan","Leg Sweep","Poisoned Stab+1","Backflip","Leg Sweep","Adrenaline","Blur","Madness","Madness","Sadistic Nature+1","Backflip+1","Noxious Fumes+1","Doubt","Backflip+1","Blur+1"],"relics":["Ring of the Snake","Ornamental Fan","Happy Flower","Gremlin Horn","Pantograph","Astrolabe","Darkstone Periapt","WingedGreaves","TwistedFunnel","Frozen Egg 2","Potion Belt","Juzu Bracelet","Molten Egg 2","Cursed Key","Oddly Smooth Stone","Pen Nib","Mummified Hand","Lantern"],"potions_floor_usage":[6,16,19,29,33,39,40,42,42,48,50,50,50,50,50,50],"damage_taken":[{"damage":0,"enemies":"2 Louse","floor":1,"turns":5},{"damage":0,"enemies":"Small Slimes","floor":3,"turns":3},{"damage":0,"enemies":"Jaw Worm","floor":4,"turns":3},{"damage":36,"enemies":"3 Sentries","floor":6,"turns":10},{"damage":9,"enemies":"Lagavulin","floor":8,"turns":5},{"damage":0,"enemies":"2 Fungi Beasts","floor":10,"turns":2},{"damage":0,"enemies":"3 Louse","floor":11,"turns":3},{"damage":0,"enemies":"Blue Slaver","floor":13,"turns":3},{"damage":0,"enemies":"Looter","floor":14,"turns":3},{"damage":10,"enemies":"Hexaghost","floor":16,"turns":11},{"damage":8,"enemies":"Chosen","floor":18,"turns":5},{"damage":3,"enemies":"Colosseum Slavers","floor":19,"turns":4},{"damage":54,"enemies":"Colosseum Nobs","floor":19,"turns":6},{"damage":5,"enemies":"Shell Parasite","floor":22,"turns":5},{"damage":11,"enemies":"Slavers","floor":24,"turns":3},{"damage":8,"enemies":"Gremlin Leader","floor":28,"turns":4},{"damage":0,"enemies":"Slavers","floor":29,"turns":4},{"damage":8,"enemies":"Centurion and Healer","floor":30,"turns":5},{"damage":0,"enemies":"Snecko","floor":31,"turns":4},{"damage":8,"enemies":"Automaton","floor":33,"turns":10},{"damage":4,"enemies":"Orb Walker","floor":35,"turns":4},{"damage":14,"enemies":"3 Darklings","floor":39,"turns":4},{"damage":44,"enemies":"Reptomancer","floor":40,"turns":5},{"damage":25,"enemies":"Nemesis","floor":42,"turns":5},{"damage":0,"enemies":"Giant Head","floor":45,"turns":8},{"damage":0,"enemies":"Maw","floor":46,"turns":7},{"damage":14,"enemies":"Sphere and 2 Shapes","floor":48,"turns":6},{"damage":12,"enemies":"Donu and Deca","floor":50,"turns":8}],"seed_played":"-8089191125076824919","potions_obtained":[{"floor":3,"key":"Strength Potion"},{"floor":11,"key":"SteroidPotion"},{"floor":13,"key":"GhostInAJar"},{"floor":16,"key":"AttackPotion"},{"floor":18,"key":"Ancient Potion"},{"floor":19,"key":"EntropicBrew"},{"floor":28,"key":"GhostInAJar"},{"floor":29,"key":"EntropicBrew"},{"floor":31,"key":"Fire Potion"},{"floor":39,"key":"Energy Potion"},{"floor":42,"key":"GhostInAJar"},{"floor":47,"key":"Regen Potion"},{"floor":47,"key":"Strength Potion"}],"is_trial":false,"path_per_floor":["M","?","M","M","?","E","$","E","T","M","M","R","M","M","R","B",null,"M","?","$","?","M","R","E","R","T","R","E","E","M","M","R","B",null,"M","?","?","$","M","E","R","E","T","R","E","M","?","M","R","B",null],"character_chosen":"THE_SILENT","items_purchased":["Happy Flower","Underhanded Strike","TwistedFunnel","Dagger Throw","Sadistic Nature+1"],"campfire_rested":6,"item_purchase_floors":[7,7,20,20,38],"current_hp_per_floor":[77,82,82,82,75,39,39,30,30,30,30,30,30,30,54,69,82,74,17,17,17,12,36,25,49,49,73,65,65,57,57,57,74,82,78,78,68,68,54,10,34,9,15,41,41,41,41,42,42,55],"gold":137,"neow_bonus":"TEN_PERCENT_HP_BONUS","is_prod":false,"is_daily":false,"chose_seed":false,"campfire_upgraded":3,"win_rate":0.0,"timestamp":1544299845,"path_taken":["M","?","M","M","?","E","?","E","T","M","M","R","M","M","R","BOSS","M","?","$","?","M","R","E","R","T","R","E","E","M","M","R","BOSS","M","?","?","$","M","E","R","E","T","R","E","M","?","M","R","BOSS"],"build_version":"2018-11-15","purchased_purges":2,"victory":true,"max_hp_per_floor":[77,82,82,82,82,82,82,82,82,82,82,82,82,82,82,82,82,82,82,82,82,82,82,82,82,82,82,82,82,82,82,82,82,82,82,82,82,82,82,82,82,82,88,88,88,88,88,88,88,88],"card_choices":[{"not_picked":["Dagger Throw","Slice"],"picked":"Calculated Gamble","floor":1},{"not_picked":["Prepared","Acrobatics"],"picked":"Terror","floor":3},{"not_picked":["Underhanded Strike","Prepared"],"picked":"Predator","floor":4},{"not_picked":["Deadly Poison","Distraction"],"picked":"Blur","floor":6},{"not_picked":["Acrobatics","Eviscerate"],"picked":"Backstab","floor":8},{"not_picked":["Distraction","Caltrops"],"picked":"Blade Dance","floor":10},{"not_picked":["Dagger Throw","All Out Attack","Dagger Spray"],"picked":"SKIP","floor":11},{"not_picked":["Dagger Throw","All Out Attack","Dagger Spray"],"picked":"SKIP","floor":11},{"not_picked":["All Out Attack","Prepared"],"picked":"Well Laid Plans","floor":13},{"not_picked":["Caltrops","Slice"],"picked":"Deflect","floor":14},{"not_picked":["Bullet Time","Wraith Form v2"],"picked":"Die Die Die","floor":16},{"not_picked":["Acrobatics+1","Backflip+1"],"picked":"Noxious Fumes","floor":18},{"not_picked":["Heel Hook","Caltrops"],"picked":"Slice+1","floor":19},{"not_picked":["Deflect","Outmaneuver+1"],"picked":"Bouncing Flask","floor":22},{"not_picked":["Distraction","Predator"],"picked":"Escape Plan","floor":24},{"not_picked":["Choke","Skewer"],"picked":"Leg Sweep","floor":28},{"not_picked":["Underhanded Strike","Skewer"],"picked":"Poisoned Stab+1","floor":29},{"not_picked":["Underhanded Strike+1","Deflect"],"picked":"Backflip","floor":30},{"not_picked":["Dagger Throw+1","Calculated Gamble"],"picked":"Leg Sweep","floor":31},{"not_picked":["Die Die Die+1","Envenom+1"],"picked":"Adrenaline","floor":33},{"not_picked":["Finisher+1","Acrobatics+1"],"picked":"Blur","floor":35},{"not_picked":["Flying Knee+1","Acrobatics+1"],"picked":"Backflip+1","floor":39},{"not_picked":["Blur","PiercingWail","Skewer+1"],"picked":"SKIP","floor":40},{"not_picked":["Doppelganger","Bouncing Flask+1"],"picked":"Noxious Fumes+1","floor":42},{"not_picked":["Expertise+1","Footwork+1"],"picked":"Backflip+1","floor":45},{"not_picked":["Leg Sweep","Backflip","Predator+1"],"picked":"SKIP","floor":46},{"not_picked":["Dash+1","Slice+1"],"picked":"Blur+1","floor":48}],"player_experience":21339,"relics_obtained":[{"floor":6,"key":"Ornamental Fan"},{"floor":8,"key":"Gremlin Horn"},{"floor":9,"key":"Pantograph"},{"floor":19,"key":"Darkstone Periapt"},{"floor":19,"key":"WingedGreaves"},{"floor":24,"key":"Frozen Egg 2"},{"floor":26,"key":"Potion Belt"},{"floor":28,"key":"Juzu Bracelet"},{"floor":29,"key":"Molten Egg 2"},{"floor":40,"key":"Oddly Smooth Stone"},{"floor":42,"key":"Pen Nib"},{"floor":43,"key":"Mummified Hand"},{"floor":45,"key":"Lantern"}],"event_choices":[{"damage_healed":0,"gold_gain":0,"player_choice":"Donut","damage_taken":0,"max_hp_gain":5,"max_hp_loss":0,"event_name":"Big Fish","floor":2,"gold_loss":0},{"cards_removed":["Strike_G"],"damage_healed":0,"gold_gain":0,"player_choice":"Card Removal","damage_taken":7,"max_hp_gain":0,"max_hp_loss":0,"event_name":"Golden Wing","floor":5,"gold_loss":0},{"damage_healed":0,"gold_gain":0,"player_choice":"Fight","damage_taken":0,"max_hp_gain":0,"max_hp_loss":0,"event_name":"Colosseum","floor":19,"gold_loss":0},{"damage_healed":0,"gold_gain":0,"player_choice":"Fought Nobs","damage_taken":0,"max_hp_gain":0,"max_hp_loss":0,"event_name":"Colosseum","floor":19,"gold_loss":0},{"damage_healed":0,"gold_gain":0,"player_choice":"Ignored","damage_taken":0,"max_hp_gain":0,"max_hp_loss":0,"event_name":"Beggar","floor":21,"gold_loss":0},{"damage_healed":0,"gold_gain":0,"player_choice":"Ignored","damage_taken":0,"max_hp_gain":0,"max_hp_loss":0,"event_name":"Tomb of Lord Red Mask","floor":36,"gold_loss":0},{"damage_healed":0,"gold_gain":0,"player_choice":"Embrace Madness","damage_taken":10,"max_hp_gain":0,"max_hp_loss":0,"event_name":"Winding Halls","floor":37,"gold_loss":0,"cards_obtained":["Madness","Madness"]},{"damage_healed":0,"gold_gain":0,"player_choice":"Got Potions","damage_taken":0,"max_hp_gain":0,"max_hp_loss":0,"event_name":"Lab","floor":47,"gold_loss":0}],"is_beta":false,"boss_relics":[{"not_picked":["Eternal Feather","Busted Crown"],"picked":"Astrolabe"},{"not_picked":["Sozu","HoveringKite"],"picked":"Cursed Key"}],"items_purged_floors":[20,38],"is_endless":false,"potions_floor_spawned":[3,11,13,16,18,19,28,29,31,39,42],"ascension_level":0}