{"gold_per_floor":[110,60,79,79,6,39,53,53,53,75,75,89,89,107,107,211,211,229,229,241,352,364,286],"floor_reached":23,"playtime":766,"items_purged":[],"score":187,"play_id":"ba2b96f9-172f-4a30-b576-b9d08ecd5688","local_time":"20190127210957","is_ascension_mode":false,"campfire_choices":[{"floor":8,"key":"REST"},{"floor":13,"key":"REST"},{"data":"Zap","floor":15,"key":"SMITH"}],"neow_cost":"NONE","seed_source_timestamp":359765957196390,"circlet_count":0,"master_deck":["Strike_B","Strike_B","Strike_B","Strike_B","Defend_B","Defend_B","Zap+1","Dualcast","Turbo","Glacier","Capacitor","Coolheaded","Sweeping Beam","Reboot"],"relics":["Cracked Core","Kunai","Odd Mushroom","Lizard Tail","MawBank"],"potions_floor_usage":[10,16,16],"damage_taken":[{"damage":0,"enemies":"2 Louse","floor":1,"turns":2},{"damage":6,"enemies":"Jaw Worm","floor":3,"turns":3},{"damage":22,"enemies":"Lagavulin","floor":6,"turns":9},{"damage":6,"enemies":"Small Slimes","floor":7,"turns":4},{"damage":22,"enemies":"The Mushroom Lair","floor":10,"turns":4},{"damage":9,"enemies":"Blue Slaver","floor":12,"turns":3},{"damage":7,"enemies":"3 Louse","floor":14,"turns":3},{"damage":42,"enemies":"The Guardian","floor":16,"turns":14},{"damage":19,"enemies":"3 Byrds","floor":18,"turns":6},{"damage":25,"enemies":"Colosseum Slavers","floor":20,"turns":6},{"damage":32,"enemies":"2 Thieves","floor":23,"turns":4}],"seed_played":"3421262120070461462","potions_obtained":[{"floor":3,"key":"Dexterity Potion"},{"floor":6,"key":"Explosive Potion"},{"floor":12,"key":"LiquidBronze"},{"floor":16,"key":"FearPotion"},{"floor":18,"key":"Regen Potion"}],"is_trial":false,"path_per_floor":["M","?","M","?","$","E","M","R","T","?","?","M","R","M","R","B",null,"M","?","?","?","?","M"],"character_chosen":"DEFECT","items_purchased":["Capacitor"],"campfire_rested":2,"item_purchase_floors":[5],"current_hp_per_floor":[82,82,76,69,69,47,41,65,65,43,43,34,58,51,51,9,82,63,63,38,38,38,6],"gold":286,"neow_bonus":"TEN_PERCENT_HP_BONUS","is_prod":false,"is_daily":false,"chose_seed":false,"campfire_upgraded":1,"win_rate":0,"timestamp":1548641397,"path_taken":["M","?","M","?","$","E","M","R","T","?","?","M","R","M","R","BOSS","M","?","?","?","?","M"],"build_version":"2019-01-23","purchased_purges":0,"victory":false,"max_hp_per_floor":[82,82,82,82,82,82,82,82,82,82,82,82,82,82,82,82,82,82,82,82,82,82,82],"card_choices":[{"not_picked":["Compile Driver","Recycle"],"picked":"Turbo","floor":1},{"not_picked":["Redo","Hologram"],"picked":"Glacier","floor":3},{"not_picked":["Thunder Strike","Compile Driver"],"picked":"Coolheaded","floor":6},{"not_picked":["Gash","Force Field","Barrage"],"picked":"SKIP","floor":7},{"not_picked":["Leap","Meteor Strike"],"picked":"Sweeping Beam","floor":10},{"not_picked":["Steam","Rip and Tear","Cold Snap"],"picked":"SKIP","floor":12},{"not_picked":["Recycle","Conserve Battery","Hologram"],"picked":"SKIP","floor":14},{"not_picked":["Fission","Buffer"],"picked":"Reboot","floor":16},{"not_picked":["Static Discharge+1","Sunder","Hologram"],"picked":"SKIP","floor":18}],"player_experience":173248,"relics_obtained":[{"floor":6,"key":"Kunai"},{"floor":10,"key":"Odd Mushroom"}],"event_choices":[{"cards_removed":["Defend_B"],"damage_healed":0,"gold_gain":0,"player_choice":"Card Removal","damage_taken":0,"max_hp_gain":0,"max_hp_loss":0,"event_name":"The Cleric","floor":2,"gold_loss":50},{"cards_removed":["Defend_B"],"damage_healed":0,"gold_gain":0,"player_choice":"Card Removal","damage_taken":7,"max_hp_gain":0,"max_hp_loss":0,"event_name":"Golden Wing","floor":4,"gold_loss":0},{"damage_healed":0,"gold_gain":0,"player_choice":"Fought Mushrooms","damage_taken":0,"max_hp_gain":0,"max_hp_loss":0,"event_name":"Mushrooms","floor":10,"gold_loss":0},{"damage_healed":0,"gold_gain":0,"player_choice":"Ignored","damage_taken":0,"max_hp_gain":0,"max_hp_loss":0,"event_name":"Liars Game","floor":11,"gold_loss":0},{"damage_healed":0,"gold_gain":0,"player_choice":"Opened","damage_taken":0,"relics_obtained":["MawBank"],"max_hp_gain":0,"max_hp_loss":0,"event_name":"The Mausoleum","floor":19,"gold_loss":0},{"damage_healed":0,"gold_gain":0,"player_choice":"Fight","damage_taken":0,"max_hp_gain":0,"max_hp_loss":0,"event_name":"Colosseum","floor":20,"gold_loss":0},{"damage_healed":0,"gold_gain":0,"player_choice":"Fled From Nobs","damage_taken":0,"max_hp_gain":0,"max_hp_loss":0,"event_name":"Colosseum","floor":20,"gold_loss":0},{"damage_healed":0,"gold_gain":99,"player_choice":"Stole From Cult","damage_taken":0,"max_hp_gain":0,"max_hp_loss":0,"event_name":"Nest","floor":21,"gold_loss":0},{"damage_healed":0,"gold_gain":0,"player_choice":"Ignored","damage_taken":0,"max_hp_gain":0,"max_hp_loss":0,"event_name":"Ghosts","floor":22,"gold_loss":0}],"is_beta":false,"boss_relics":[{"not_picked":["Eternal Feather","Runic Pyramid"],"picked":"Lizard Tail"}],"items_purged_floors":[],"is_endless":false,"potions_floor_spawned":[3,6,12,16,18],"killed_by":"2 Thieves","ascension_level":0}