{"gold_per_floor":[111,261,275,0,16,16,42,100,100,128,128],"floor_reached":11,"playtime":543,"items_purged":[],"score":142,"play_id":"a1a69a65-7664-403e-8151-5d14d7b8be1c","local_time":"20190309015405","is_ascension_mode":true,"campfire_choices":[{"data":"Noxious Fumes","floor":6,"key":"SMITH"}],"neow_cost":"NONE","seed_source_timestamp":1236607472927599,"circlet_count":0,"master_deck":["AscendersBane","Defend_G","Defend_G","Defend_G","Defend_G","Defend_G","Strike_G","Strike_G","Strike_G","Strike_G","Strike_G","Survivor","Neutralize","Leg Sweep","Doubt","Catalyst","Noxious Fumes+1","Masterful Stab","Catalyst","Crippling Poison","Leg Sweep"],"relics":["Runic Dome","Pantograph","Meat on the Bone","Juzu Bracelet","WingedGreaves","Vajra"],"potions_floor_usage":[7,8],"damage_taken":[{"damage":1,"enemies":"Jaw Worm","floor":1,"turns":6},{"damage":0,"enemies":"2 Louse","floor":3,"turns":5},{"damage":1,"enemies":"Small Slimes","floor":5,"turns":5},{"damage":8,"enemies":"Lagavulin","floor":7,"turns":9},{"damage":17,"enemies":"Gremlin Nob","floor":8,"turns":5},{"damage":25,"enemies":"3 Sentries","floor":10,"turns":9},{"damage":31,"enemies":"Gremlin Nob","floor":11,"turns":4}],"seed_played":"230423014502545092","potions_obtained":[{"floor":1,"key":"EssenceOfSteel"},{"floor":5,"key":"EssenceOfSteel"},{"floor":10,"key":"Energy Potion"}],"is_trial":false,"path_per_floor":["M","?","M","$","M","R","E","?","T","E","E"],"character_chosen":"THE_SILENT","items_purchased":["Noxious Fumes","Pantograph"],"campfire_rested":0,"item_purchase_floors":[4,4],"current_hp_per_floor":[58,58,58,58,57,57,49,44,44,31,0],"gold":128,"neow_bonus":"BOSS_RELIC","is_prod":false,"is_daily":false,"chose_seed":false,"campfire_upgraded":1,"win_rate":0,"timestamp":1552114445,"path_taken":["M","?","M","$","M","R","E","?","T","E","E"],"build_version":"2019-02-06","purchased_purges":0,"victory":false,"max_hp_per_floor":[66,66,66,66,66,66,66,66,66,66,66],"card_choices":[{"not_picked":["Flechettes","Sucker Punch"],"picked":"Leg Sweep","floor":1},{"not_picked":["PiercingWail","Eviscerate"],"picked":"Catalyst","floor":3},{"not_picked":["Slice","Deflect"],"picked":"Masterful Stab","floor":5},{"not_picked":["Acrobatics","Blade Dance"],"picked":"Catalyst","floor":7},{"not_picked":["PiercingWail","Outmaneuver"],"picked":"Crippling Poison","floor":8},{"not_picked":["Crippling Poison","Poisoned Stab"],"picked":"Leg Sweep","floor":10}],"player_experience":774807,"relics_obtained":[{"floor":7,"key":"Meat on the Bone"},{"floor":9,"key":"WingedGreaves"},{"floor":10,"key":"Vajra"}],"event_choices":[{"damage_healed":0,"gold_gain":150,"player_choice":"AGREE","damage_taken":0,"max_hp_gain":0,"max_hp_loss":0,"event_name":"Liars Game","floor":2,"gold_loss":0,"cards_obtained":["Doubt"]},{"damage_healed":0,"gold_gain":0,"player_choice":"Searched \u00273\u0027 times","damage_taken":0,"relics_obtained":["Juzu Bracelet"],"max_hp_gain":0,"max_hp_loss":0,"event_name":"Dead Adventurer","floor":8,"gold_loss":0}],"is_beta":true,"boss_relics":[],"items_purged_floors":[],"is_endless":false,"potions_floor_spawned":[1,5,10],"killed_by":"Gremlin Nob","ascension_level":15}