{"gold_per_floor":[112,130,149,167,167,192,211,244,274,274,274,274,46,61,61,165,165,176,26,26,38,38,38,58,58,129,129,145,145,164,178,178,276,276,290,290,301,313,313],"floor_reached":39,"playtime":2071,"items_purged":["Strike_B"],"score":494,"play_id":"77d1b724-3a17-4175-8b1d-e46ec337f229","local_time":"20180718115806","is_ascension_mode":true,"campfire_choices":[{"data":"Biased Cognition","floor":10,"key":"SMITH"},{"data":"Barrage","floor":12,"key":"SMITH"},{"data":"Chaos","floor":15,"key":"SMITH"},{"data":"Capacitor","floor":23,"key":"SMITH"},{"data":"Loop","floor":25,"key":"SMITH"},{"data":"Hologram","floor":32,"key":"SMITH"}],"neow_cost":"NONE","seed_source_timestamp":7260817373862,"circlet_count":0,"master_deck":["Defend_B+1","Defend_B+1","Defend_B","Zap+1","Dualcast","Barrage+1","Cold Snap","Steam","White Noise+1","Biased Cognition+1","White Noise","Glacier+1","Capacitor+1","Chaos+1","Loop+1","Echo Form+1","Conserve Battery+1","Ball Lightning","Injury","Hologram+1","Leap","Creative AI","Leap+1","Cold Snap+1","Sunder+1","Steam+1"],"relics":["Cracked Core","Matryoshka","War Paint","Tiny Chest","Pantograph","Nuclear Battery","Orichalcum","Art of War","Bottled Lightning","Mercury Hourglass","Astrolabe"],"potions_floor_usage":[18,24,38,38],"damage_taken":[{"damage":7,"enemies":"Jaw Worm","floor":1,"turns":3},{"damage":0,"enemies":"Small Slimes","floor":2,"turns":2},{"damage":0,"enemies":"Cultist","floor":3,"turns":3},{"damage":1,"enemies":"Blue Slaver","floor":4,"turns":2},{"damage":7,"enemies":"3 Sentries","floor":6,"turns":6},{"damage":0,"enemies":"3 Louse","floor":7,"turns":1},{"damage":3,"enemies":"Gremlin Nob","floor":8,"turns":3},{"damage":0,"enemies":"Lots of Slimes","floor":14,"turns":1},{"damage":20,"enemies":"The Guardian","floor":16,"turns":7},{"damage":0,"enemies":"Chosen","floor":18,"turns":5},{"damage":0,"enemies":"Spheric Guardian","floor":21,"turns":3},{"damage":16,"enemies":"Centurion and Healer","floor":24,"turns":7},{"damage":0,"enemies":"Snecko","floor":28,"turns":5},{"damage":6,"enemies":"Cultist and Chosen","floor":30,"turns":3},{"damage":15,"enemies":"Centurion and Healer","floor":31,"turns":4},{"damage":65,"enemies":"Automaton","floor":33,"turns":8},{"damage":56,"enemies":"3 Shapes","floor":35,"turns":5},{"damage":0,"enemies":"Flame Bruiser 1 Orb","floor":37,"turns":5},{"damage":0,"enemies":"Transient","floor":38,"turns":5},{"damage":8,"enemies":"Spire Growth","floor":39,"turns":2}],"seed_played":"-1927858072557124640","potions_obtained":[{"floor":3,"key":"Weak Potion"},{"floor":6,"key":"SteroidPotion"},{"floor":16,"key":"AttackPotion"},{"floor":31,"key":"Strength Potion"},{"floor":33,"key":"FocusPotion"}],"is_trial":false,"path_per_floor":["M","M","M","M","?","E","M","E","T","R","?","R","$","M","R","B",null,"M","$","?","M","?","R","M","R","T","?","M","?","M","M","R","B",null,"M","?","M","M"],"character_chosen":"DEFECT","items_purchased":["Capacitor","Chaos","Orichalcum"],"campfire_rested":0,"item_purchase_floors":[13,13,19],"current_hp_per_floor":[68,68,68,67,67,60,60,57,57,57,42,42,42,42,42,47,68,68,68,68,68,68,68,59,59,59,59,66,66,60,45,45,5,58,2,2,2,2,0],"gold":313,"neow_bonus":"UPGRADE_CARD","is_prod":false,"is_daily":false,"chose_seed":false,"campfire_upgraded":6,"win_rate":0,"timestamp":1531895286,"path_taken":["M","M","M","M","?","E","M","E","T","R","?","R","?","M","R","BOSS","M","$","?","M","?","R","M","R","T","?","?","?","M","?","R","BOSS","M","?","M","M","M"],"build_version":"2018-07-16","purchased_purges":1,"victory":false,"max_hp_per_floor":[75,75,75,75,75,75,75,75,75,75,75,75,75,75,75,75,75,75,75,75,75,75,75,75,75,75,75,75,75,75,75,75,75,75,75,75,75,75,75],"card_choices":[{"not_picked":["Turbo","Melter"],"picked":"Barrage","floor":1},{"not_picked":["Sweeping Beam","Coolheaded"],"picked":"Cold Snap","floor":2},{"not_picked":["Coolheaded","Recycle"],"picked":"Steam","floor":3},{"not_picked":["Leap","Beam Cell"],"picked":"White Noise","floor":4},{"not_picked":["Darkness","Gash"],"picked":"White Noise","floor":6},{"not_picked":["Gash","Aggregate","Coolheaded"],"picked":"SKIP","floor":7},{"not_picked":["Machine Learning","Tempest"],"picked":"Glacier","floor":8},{"not_picked":["Auto Shields","Rebound"],"picked":"Loop","floor":14},{"not_picked":["Core Surge","Thunder Strike"],"picked":"Echo Form","floor":16},{"not_picked":["Gash","Loop"],"picked":"Conserve Battery+1","floor":18},{"not_picked":["Storm","Darkness+1"],"picked":"Ball Lightning","floor":21},{"not_picked":["Doom and Gloom","Streamline","Darkness+1"],"picked":"SKIP","floor":24},{"not_picked":["Cold Snap","White Noise","Leap"],"picked":"SKIP","floor":28},{"not_picked":["Streamline","Gash"],"picked":"Hologram","floor":30},{"not_picked":["Compile Driver","Consume"],"picked":"Leap","floor":31},{"not_picked":["Reboot","Hyperbeam"],"picked":"Creative AI","floor":33},{"not_picked":["Rebound+1","Barrage"],"picked":"Steam+1","floor":35},{"not_picked":["Turbo","Go for the Eyes+1","Heatsinks"],"picked":"SKIP","floor":37},{"not_picked":["Coolheaded","Leap","Streamline"],"picked":"SKIP","floor":38}],"player_experience":258585,"relics_obtained":[{"floor":6,"key":"Matryoshka"},{"floor":8,"key":"War Paint"},{"floor":9,"key":"Tiny Chest"},{"floor":9,"key":"Pantograph"},{"floor":26,"key":"Art of War"},{"floor":26,"key":"Bottled Lightning"}],"event_choices":[{"event_name":"Living Wall","player_choice":"Change","floor":5,"damage_taken":0},{"event_name":"Shining Light","player_choice":"Entered Light","floor":11,"damage_taken":0},{"event_name":"Wheel of Change","player_choice":"Curse","floor":20,"damage_taken":0},{"event_name":"Accursed Blacksmith","player_choice":"Forge","floor":22,"damage_taken":0},{"event_name":"The Mausoleum","player_choice":"Yes","floor":27,"damage_taken":0},{"event_name":"Back to Basics","player_choice":"Elegance","floor":29,"damage_taken":0},{"event_name":"Tomb of Lord Red Mask","player_choice":"Ignored","floor":36,"damage_taken":0}],"boss_relics":[{"not_picked":["Calling Bell","Snecko Eye"],"picked":"Nuclear Battery"},{"not_picked":["Runic Dome","Tiny House"],"picked":"Astrolabe"}],"items_purged_floors":[13],"is_endless":false,"potions_floor_spawned":[3,6,16,31,33],"killed_by":"Spire Growth","ascension_level":5}