{"gold_per_floor":[109,122,297,372,169,198,198,228,255,269,269,22,35,55,55,156,156,173,5,25,42,62,62,62],"floor_reached":24,"playtime":976,"items_purged":["Doubt","Strike_B"],"score":335,"play_id":"4fb7b015-05e8-4403-a67a-6976ea3b1c1e","local_time":"20180729141545","is_ascension_mode":true,"campfire_choices":[{"data":"Zap","floor":7,"key":"SMITH"},{"data":"Defragment","floor":15,"key":"SMITH"},{"floor":23,"key":"REST"}],"neow_cost":"NONE","seed_source_timestamp":43556388597933,"circlet_count":0,"master_deck":["Strike_B","Strike_B","Strike_B","Defend_B","Defend_B","Defend_B","Defend_B","Zap+1","Dualcast","Streamline","Defragment+1","Compile Driver","Leap","Conserve Battery","Conserve Battery","Coolheaded","Biased Cognition","Barrage","Self Repair","Steam","Hologram","Go for the Eyes"],"relics":["Cracked Core","Pen Nib","Du-Vu Doll","DataDisk","Pantograph","Inserter"],"potions_floor_usage":[6,14,16,21,21,22],"damage_taken":[{"damage":4,"enemies":"Small Slimes","floor":1,"turns":3},{"damage":7,"enemies":"Jaw Worm","floor":2,"turns":2},{"damage":26,"enemies":"3 Sentries","floor":6,"turns":6},{"damage":32,"enemies":"Gremlin Nob","floor":8,"turns":4},{"damage":6,"enemies":"2 Louse","floor":10,"turns":3},{"damage":0,"enemies":"2 Fungi Beasts","floor":13,"turns":4},{"damage":0,"enemies":"3 Louse","floor":14,"turns":3},{"damage":0,"enemies":"The Guardian","floor":16,"turns":9},{"damage":4,"enemies":"Shell Parasite","floor":18,"turns":7},{"damage":15,"enemies":"Spheric Guardian","floor":20,"turns":4},{"damage":13,"enemies":"Snake Plant","floor":21,"turns":4},{"damage":20,"enemies":"Sentry and Sphere","floor":22,"turns":6},{"damage":70,"enemies":"Gremlin Leader","floor":24,"turns":7}],"seed_played":"3878141766537750036","potions_obtained":[{"floor":2,"key":"Regen Potion"},{"floor":6,"key":"EssenceOfSteel"},{"floor":13,"key":"EntropicBrew"},{"floor":21,"key":"Swift Potion"}],"is_trial":false,"path_per_floor":["M","M","?","?","$","E","R","E","T","M","?","$","M","M","R","B",null,"M","$","M","M","M","R"],"character_chosen":"DEFECT","items_purchased":["Defragment","Compile Driver","Pantograph","Self Repair"],"campfire_rested":1,"item_purchase_floors":[5,5,12,19],"current_hp_per_floor":[71,64,64,53,53,39,39,7,7,1,1,1,1,1,1,26,68,64,64,56,50,37,61,0],"gold":62,"neow_bonus":"TEN_PERCENT_HP_BONUS","is_prod":false,"is_daily":false,"chose_seed":false,"campfire_upgraded":2,"win_rate":0,"timestamp":1532853945,"path_taken":["M","M","?","?","$","E","R","E","T","M","?","$","M","?","R","BOSS","M","$","M","M","?","R","E"],"build_version":"2018-07-26","purchased_purges":2,"victory":false,"max_hp_per_floor":[82,82,82,82,82,82,82,82,82,82,82,82,82,82,82,82,82,82,82,82,82,82,82,82],"card_choices":[{"not_picked":["Barrage","Conserve Battery"],"picked":"Streamline","floor":1},{"not_picked":["Reprogram","Hyperbeam","Double Energy"],"picked":"SKIP","floor":2},{"not_picked":["Gash","Skim"],"picked":"Leap","floor":6},{"not_picked":["Redo","Static Discharge","Blizzard"],"picked":"SKIP","floor":8},{"not_picked":["Barrage","Sweeping Beam"],"picked":"Conserve Battery","floor":10},{"not_picked":["Scrape","Leap"],"picked":"Conserve Battery","floor":13},{"not_picked":["Conserve Battery","Stack"],"picked":"Coolheaded","floor":14},{"not_picked":["Thunder Strike","Rainbow"],"picked":"Biased Cognition","floor":16},{"not_picked":["Fusion","Capacitor+1"],"picked":"Barrage","floor":18},{"not_picked":["Beam Cell","Skim"],"picked":"Steam","floor":20},{"not_picked":["Skim","Scrape"],"picked":"Hologram","floor":21},{"not_picked":["BootSequence","Darkness"],"picked":"Go for the Eyes","floor":22}],"player_experience":353063,"relics_obtained":[{"floor":6,"key":"Pen Nib"},{"floor":8,"key":"Du-Vu Doll"},{"floor":9,"key":"DataDisk"}],"event_choices":[{"event_name":"Liars Game","player_choice":"agreed","floor":3,"damage_taken":0},{"event_name":"World of Goop","player_choice":"Gather Gold","floor":4,"damage_taken":0},{"event_name":"Scrap Ooze","player_choice":"unsuccessful","floor":11,"damage_taken":0}],"is_beta":true,"boss_relics":[{"not_picked":["Nuclear Battery","Ectoplasm"],"picked":"Inserter"}],"items_purged_floors":[5,19],"is_endless":false,"potions_floor_spawned":[2,6,13,18,21],"killed_by":"Gremlin Leader","ascension_level":6}