{"gold_per_floor":[117,129,129,144,163,163,191,202,284,284,284,295,329,38,38,136,136,146,146,159,159,159,25,37,37,37,56,56,71,90,104,104,205,205,216,231,231,246,246,246,272,272,272,27,0,0,20,53,53,53],"floor_reached":51,"playtime":3199,"items_purged":["Strike_B","Strike_B","Madness"],"score":868,"play_id":"84404144-429b-4d7b-89d7-e9ac8e3c69de","local_time":"20180708195313","is_ascension_mode":true,"campfire_choices":[{"data":"Zap","floor":6,"key":"SMITH"},{"data":"Glacier","floor":11,"key":"SMITH"},{"data":"Blizzard","floor":15,"key":"SMITH"},{"data":"Defragment","floor":25,"key":"SMITH"},{"data":"Creative AI","floor":28,"key":"SMITH"},{"floor":32,"key":"REST"},{"data":"Capacitor","floor":40,"key":"SMITH"},{"data":"Blind","floor":42,"key":"SMITH"},{"floor":49,"key":"REST"}],"neow_cost":"NONE","seed_source_timestamp":166321905848425,"circlet_count":0,"master_deck":["Strike_B+1","Defend_B","Defend_B","Defend_B","Defend_B","Zap+1","Dualcast+1","FTL+1","Lockon","Ball Lightning","Glacier+1","Leap","Machine Learning","Hello World","Blizzard+1","Blind+1","Creative AI+1","Blizzard+1","Defragment+1","Gash","Redo+1","Chaos+1","Hologram","White Noise+1","Amplify","Capacitor+1","Madness","Undo"],"relics":["Sozu","Blood Vial","Unceasing Top","Mummified Hand","Ancient Tea Set","Nuclear Battery","Bag of Marbles","Busted Crown","Strawberry","Smiling Mask","TwistedFunnel","Red Mask","Anchor"],"potions_floor_usage":[],"damage_taken":[{"damage":2,"enemies":"Small Slimes","floor":1,"turns":4},{"damage":0,"enemies":"2 Louse","floor":2,"turns":2},{"damage":1,"enemies":"Cultist","floor":4,"turns":3},{"damage":9,"enemies":"3 Louse","floor":5,"turns":3},{"damage":14,"enemies":"Gremlin Nob","floor":7,"turns":3},{"damage":4,"enemies":"2 Fungi Beasts","floor":8,"turns":2},{"damage":3,"enemies":"Blue Slaver","floor":12,"turns":2},{"damage":2,"enemies":"3 Sentries","floor":13,"turns":7},{"damage":11,"enemies":"The Guardian","floor":16,"turns":13},{"damage":8,"enemies":"Spheric Guardian","floor":18,"turns":5},{"damage":3,"enemies":"Chosen","floor":20,"turns":5},{"damage":7,"enemies":"Centurion and Healer","floor":24,"turns":5},{"damage":0,"enemies":"Cultist and Chosen","floor":27,"turns":6},{"damage":9,"enemies":"Slaver and Parasite","floor":29,"turns":4},{"damage":0,"enemies":"Snecko","floor":30,"turns":5},{"damage":28,"enemies":"Cultist and Chosen","floor":31,"turns":5},{"damage":23,"enemies":"Collector","floor":33,"turns":7},{"damage":0,"enemies":"Flame Bruiser 1 Orb","floor":35,"turns":4},{"damage":0,"enemies":"3 Darklings","floor":36,"turns":3},{"damage":0,"enemies":"Flame Bruiser 2 Orb","floor":38,"turns":3},{"damage":40,"enemies":"2 Orb Walkers","floor":41,"turns":4},{"damage":0,"enemies":"Transient","floor":47,"turns":5},{"damage":14,"enemies":"Nemesis","floor":48,"turns":4},{"damage":0,"enemies":"Donu and Deca","floor":50,"turns":9}],"seed_played":"-4123614254314418798","potions_obtained":[],"is_trial":false,"path_per_floor":["M","M","?","M","M","R","E","M","T","?","R","M","E","$","R","B",null,"M","?","M","?","?","$","M","R","T","M","R","M","M","M","R","B",null,"M","M","?","M","?","R","E","R","T","$","?","?","M","E","R","B"],"character_chosen":"DEFECT","items_purchased":["Hello World","Blizzard","Blind","Defragment","TwistedFunnel"],"campfire_rested":2,"item_purchase_floors":[14,14,14,23,44],"current_hp_per_floor":[73,73,66,67,60,60,48,46,46,31,31,30,30,30,30,21,75,67,67,66,66,52,52,47,47,47,49,49,42,44,18,42,21,80,80,80,70,72,72,72,41,41,41,41,41,41,43,31,57,66],"gold":53,"neow_bonus":"BOSS_RELIC","is_prod":false,"is_daily":false,"chose_seed":false,"campfire_upgraded":7,"win_rate":0,"timestamp":1531059793,"path_taken":["M","M","?","M","M","R","E","M","T","?","R","?","E","?","R","BOSS","M","?","?","?","?","$","?","R","T","?","R","M","M","M","R","BOSS","M","?","?","M","?","R","E","R","T","$","?","?","?","E","R","BOSS"],"build_version":"2018-07-05","purchased_purges":3,"victory":true,"max_hp_per_floor":[75,75,75,75,75,75,75,75,75,75,75,75,75,75,75,75,75,75,75,75,75,80,80,80,80,80,80,80,80,80,80,80,80,80,80,80,80,80,80,80,87,87,87,87,87,87,87,87,87,87],"card_choices":[{"not_picked":["Chill","Sweeping Beam"],"picked":"FTL","floor":1},{"not_picked":["Go for the Eyes","Skim"],"picked":"Lockon","floor":2},{"not_picked":["Leap","Melter"],"picked":"Ball Lightning","floor":4},{"not_picked":["Turbo","Amplify","Force Field"],"picked":"SKIP","floor":5},{"not_picked":["Sunder","Rebound","Storm"],"picked":"SKIP","floor":7},{"not_picked":["Leap","Hologram"],"picked":"Glacier","floor":8},{"not_picked":["Skim","Force Field"],"picked":"Leap","floor":12},{"not_picked":["Glacier","Double Energy"],"picked":"Machine Learning","floor":13},{"not_picked":["Thunder Strike","All For One"],"picked":"Creative AI","floor":16},{"not_picked":["Steam","Barrage"],"picked":"Blizzard+1","floor":18},{"not_picked":["Genetic Algorithm","Steam","Doom and Gloom+1"],"picked":"SKIP","floor":20},{"not_picked":["Streamline+1","Beam Cell","Gash"],"picked":"SKIP","floor":24},{"not_picked":["Streamline+1","Beam Cell"],"picked":"Gash","floor":24},{"not_picked":["Rip and Tear+1","Stack"],"picked":"Redo+1","floor":27},{"not_picked":["Go for the Eyes","Ball Lightning"],"picked":"Chaos+1","floor":29},{"not_picked":["Rebound","Redo"],"picked":"Hologram","floor":30},{"not_picked":["Fusion","Genetic Algorithm"],"picked":"White Noise+1","floor":31},{"not_picked":["Biased Cognition","Core Surge"],"picked":"Amplify","floor":33},{"not_picked":["Leap+1"],"picked":"SKIP","floor":35},{"not_picked":[],"picked":"Capacitor","floor":36},{"not_picked":["Consume"],"picked":"SKIP","floor":38},{"not_picked":["All For One"],"picked":"SKIP","floor":41},{"not_picked":[],"picked":"Undo","floor":47},{"not_picked":["Ball Lightning"],"picked":"SKIP","floor":48}],"player_experience":130404,"relics_obtained":[{"floor":7,"key":"Unceasing Top"},{"floor":9,"key":"Mummified Hand"},{"floor":13,"key":"Ancient Tea Set"},{"floor":26,"key":"Bag of Marbles"},{"floor":41,"key":"Strawberry"},{"floor":43,"key":"Smiling Mask"},{"floor":48,"key":"Anchor"}],"event_choices":[{"event_name":"Scrap Ooze","player_choice":"success","floor":3,"damage_taken":7},{"event_name":"Shining Light","player_choice":"Entered Light","floor":10,"damage_taken":0},{"event_name":"Purifier","player_choice":"One Purge","floor":19,"damage_taken":0},{"event_name":"The Woman in Blue","player_choice":"Bought 0 Potions","floor":21,"damage_taken":0},{"event_name":"Forgotten Altar","player_choice":"Shed Blood","floor":22,"damage_taken":0},{"event_name":"Winding Halls","player_choice":"Embrace Madness","floor":37,"damage_taken":0},{"event_name":"Upgrade Shrine","player_choice":"Upgraded","floor":39,"damage_taken":0},{"event_name":"Tomb of Lord Red Mask","player_choice":"Paid","floor":45,"damage_taken":0},{"event_name":"Mysterious Sphere","player_choice":"Ignore","floor":46,"damage_taken":0}],"boss_relics":[{"not_picked":["Orrery","Empty Cage"],"picked":"Nuclear Battery"},{"not_picked":["Tiny House","Philosopher\u0027s Stone"],"picked":"Busted Crown"}],"items_purged_floors":[14,23,44],"is_endless":false,"potions_floor_spawned":[1,5,7,18,24,29,33,38,41],"ascension_level":2}