{"gold_per_floor":[214,229,77,94,44,44,71,120,143,143,177,194,205,43,43,139,139,154,154,174,174,186,186,217,217,217,142,152,162,172,192,192,295,295,315,315,123,138,138,171,183,212,274,304,328,366,378,407,419,431,443,455,128,157,157],"floor_reached":56,"playtime":4239,"items_purged":["Strike_B"],"score":1494,"play_id":"2ecc6b5e-e032-48b7-bf88-d926e14a5f4e","local_time":"20190301151648","is_ascension_mode":true,"campfire_choices":[{"data":"Sunder","floor":6,"key":"SMITH"},{"data":"Defragment","floor":15,"key":"SMITH"},{"data":"Buffer","floor":23,"key":"SMITH"},{"data":"Consume","floor":25,"key":"SMITH"},{"data":"Hologram","floor":32,"key":"SMITH"},{"data":"Coolheaded","floor":41,"key":"SMITH"},{"floor":47,"key":"RECALL"},{"data":"Blizzard","floor":49,"key":"SMITH"},{"data":"Conserve Battery","floor":52,"key":"SMITH"}],"neow_cost":"NONE","seed_source_timestamp":53045366741976,"circlet_count":0,"master_deck":["Defend_B","Defend_B","Defend_B","Defend_B","Zap","Dualcast","Sunder+1","Defragment+1","Doom and Gloom","Ball Lightning","Consume+1","Capacitor","Core Surge","Coolheaded+1","Buffer+1","Sweeping Beam","Self Repair+1","Conserve Battery+1","Coolheaded+1","Blizzard+1","Hologram+1","Meteor Strike","BootSequence+1","All For One+1","Reboot+1","Bandage Up","Capacitor","Hologram+1","Glacier+1","Static Discharge+1","Electrodynamics+1","Coolheaded+1"],"relics":["Cracked Core","Lantern","Dream Catcher","Boot","PreservedInsect","Snecko Eye","NlothsMask","Vajra","Astrolabe","Strawberry","MawBank","Frozen Egg 2","Art of War","Turnip"],"potions_floor_usage":[24,24,30,31,50,55,55,55],"damage_taken":[{"damage":1,"enemies":"Cultist","floor":1,"turns":3},{"damage":7,"enemies":"Jaw Worm","floor":2,"turns":3},{"damage":4,"enemies":"2 Louse","floor":4,"turns":2},{"damage":16,"enemies":"Gremlin Nob","floor":7,"turns":3},{"damage":25,"enemies":"Lagavulin","floor":11,"turns":5},{"damage":9,"enemies":"Red Slaver","floor":12,"turns":2},{"damage":6,"enemies":"2 Fungi Beasts","floor":13,"turns":2},{"damage":0,"enemies":"Slime Boss","floor":16,"turns":5},{"damage":5,"enemies":"Chosen","floor":18,"turns":4},{"damage":0,"enemies":"Spheric Guardian","floor":20,"turns":3},{"damage":2,"enemies":"Cultist and Chosen","floor":22,"turns":4},{"damage":0,"enemies":"Gremlin Leader","floor":24,"turns":5},{"damage":0,"enemies":"3 Cultists","floor":28,"turns":4},{"damage":11,"enemies":"Centurion and Healer","floor":29,"turns":5},{"damage":4,"enemies":"Shelled Parasite and Fungi","floor":30,"turns":4},{"damage":38,"enemies":"Cultist and Chosen","floor":31,"turns":7},{"damage":43,"enemies":"Champ","floor":33,"turns":12},{"damage":26,"enemies":"3 Darklings","floor":35,"turns":4},{"damage":0,"enemies":"3 Shapes","floor":38,"turns":4},{"damage":11,"enemies":"Giant Head","floor":40,"turns":2},{"damage":0,"enemies":"Writhing Mass","floor":42,"turns":3},{"damage":13,"enemies":"Jaw Worm Horde","floor":44,"turns":3},{"damage":4,"enemies":"4 Shapes","floor":45,"turns":4},{"damage":16,"enemies":"Nemesis","floor":46,"turns":5},{"damage":5,"enemies":"3 Darklings","floor":48,"turns":2},{"damage":67,"enemies":"Time Eater","floor":50,"turns":14},{"damage":43,"enemies":"Shield and Spear","floor":54,"turns":2},{"damage":37,"enemies":"The Heart","floor":55,"turns":7}],"seed_played":"-5356517332619384280","potions_obtained":[{"floor":1,"key":"Swift Potion"},{"floor":2,"key":"Energy Potion"},{"floor":13,"key":"Ancient Potion"},{"floor":24,"key":"Energy Potion"},{"floor":29,"key":"EssenceOfSteel"},{"floor":31,"key":"LiquidBronze"},{"floor":38,"key":"Regen Potion"}],"is_trial":false,"path_per_floor":["M","M","$","M","?","R","E","T","T","?","E","M","M","$","R","B",null,"M","?","M","$","M","R","E","R","T","$","M","M","M","M","R","B",null,"M","?","$","M","?","E","R","M","T","M","M","E","R","M","R","B",null,"R","$","E","B",null],"character_chosen":"DEFECT","items_purchased":["Defragment","Doom and Gloom","Core Surge","Coolheaded","Capacitor","Strawberry","Electrodynamics+1","Art of War","PowerPotion"],"campfire_rested":0,"item_purchase_floors":[3,3,14,14,37,37,53,53,53],"current_hp_per_floor":[74,67,67,63,63,63,47,47,47,75,50,41,35,35,35,35,75,70,70,70,70,75,75,75,75,75,75,75,74,75,47,47,14,75,59,49,56,70,82,75,75,75,75,76,82,76,76,81,81,43,82,82,82,39,16],"gold":157,"neow_bonus":"HUNDRED_GOLD","is_prod":false,"is_daily":false,"chose_seed":false,"campfire_upgraded":8,"win_rate":0,"timestamp":1551449808,"path_taken":["M","M","$","M","?","R","E","?","T","?","E","M","?","$","R","BOSS","M","?","?","$","M","R","E","R","T","$","M","M","M","M","R","BOSS","M","?","$","M","?","E","R","M","T","?","M","E","R","M","R","BOSS","R","$","E","BOSS"],"build_version":"2019-01-23","purchased_purges":1,"victory":true,"max_hp_per_floor":[75,75,75,75,75,75,75,75,75,75,75,75,75,75,75,75,75,75,75,75,75,75,75,75,75,75,75,75,75,75,75,75,75,75,75,75,82,82,82,82,82,82,82,82,82,82,82,82,82,82,82,82,82,82,82],"card_choices":[{"not_picked":["Chaos","Rebound"],"picked":"Beam Cell","floor":1},{"not_picked":["Leap","Static Discharge"],"picked":"Sunder","floor":2},{"not_picked":["Darkness","Steam","Fusion"],"picked":"SKIP","floor":4},{"not_picked":["Melter","Cold Snap"],"picked":"Ball Lightning","floor":7},{"not_picked":["Rainbow","Compile Driver"],"picked":"Consume","floor":11},{"not_picked":["Fusion","Coolheaded"],"picked":"Capacitor","floor":12},{"not_picked":["Doom and Gloom","Rebound","Ball Lightning"],"picked":"SKIP","floor":13},{"not_picked":["All For One","Machine Learning"],"picked":"Buffer","floor":16},{"not_picked":["Rebound","Streamline"],"picked":"Sweeping Beam","floor":18},{"not_picked":["Doom and Gloom","Go for the Eyes+1"],"picked":"Self Repair+1","floor":20},{"not_picked":["Capacitor","Gash"],"picked":"Conserve Battery","floor":22},{"not_picked":["Gash+1","Fission"],"picked":"Coolheaded+1","floor":24},{"not_picked":["Barrage","Steam"],"picked":"Blizzard","floor":28},{"not_picked":["Chill+1","Auto Shields+1","Steam"],"picked":"SKIP","floor":29},{"not_picked":["Go for the Eyes","Beam Cell+1","Hologram"],"picked":"SKIP","floor":30},{"not_picked":["Go for the Eyes","Beam Cell+1"],"picked":"Hologram","floor":30},{"not_picked":["Ball Lightning","Scrape","Go for the Eyes"],"picked":"SKIP","floor":31},{"not_picked":["Rainbow","Seek"],"picked":"Meteor Strike","floor":33},{"not_picked":["Sweeping Beam+1","Go for the Eyes","Ball Lightning+1"],"picked":"SKIP","floor":35},{"not_picked":["Madness","Secret Technique"],"picked":"Bandage Up","floor":36},{"not_picked":["Cold Snap","Fusion+1"],"picked":"Hologram+1","floor":38},{"not_picked":["Compile Driver","Hello World+1"],"picked":"Glacier+1","floor":40},{"not_picked":["Redo","Gash+1","Sweeping Beam"],"picked":"SKIP","floor":42},{"not_picked":["Cold Snap+1","Turbo+1"],"picked":"Static Discharge+1","floor":44},{"not_picked":["Hologram","Rebound","Go for the Eyes+1"],"picked":"SKIP","floor":45},{"not_picked":["Consume","All For One","Leap"],"picked":"SKIP","floor":46},{"not_picked":["Capacitor+1","Conserve Battery","Stack+1"],"picked":"SKIP","floor":48},{"not_picked":["Gash","Amplify"],"picked":"Coolheaded+1","floor":54}],"player_experience":170888,"relics_obtained":[{"floor":7,"key":"Lantern"},{"floor":8,"key":"Dream Catcher"},{"floor":9,"key":"Boot"},{"floor":11,"key":"PreservedInsect"},{"floor":24,"key":"Vajra"},{"floor":40,"key":"MawBank"},{"floor":46,"key":"Frozen Egg 2"},{"floor":54,"key":"Turnip"}],"event_choices":[{"cards_removed":["Strike_B"],"damage_healed":0,"gold_gain":0,"player_choice":"Card Removal","damage_taken":0,"max_hp_gain":0,"max_hp_loss":0,"event_name":"The Cleric","floor":5,"gold_loss":50},{"damage_healed":28,"gold_gain":0,"player_choice":"Full Heal","damage_taken":0,"max_hp_gain":0,"max_hp_loss":0,"event_name":"Wheel of Change","floor":10,"gold_loss":0},{"damage_healed":0,"gold_gain":0,"player_choice":"Trade","damage_taken":0,"relics_obtained":["NlothsMask"],"max_hp_gain":0,"max_hp_loss":0,"event_name":"FaceTrader","floor":19,"gold_loss":0},{"damage_healed":0,"gold_gain":0,"player_choice":"Memory 3","damage_taken":10,"max_hp_gain":0,"max_hp_loss":0,"event_name":"SensoryStone","floor":36,"gold_loss":0},{"damage_healed":12,"gold_gain":0,"player_choice":"Full Heal","damage_taken":0,"max_hp_gain":0,"max_hp_loss":0,"event_name":"Wheel of Change","floor":39,"gold_loss":0}],"is_beta":false,"boss_relics":[{"not_picked":["Coffee Dripper","White Beast Statue"],"picked":"Snecko Eye"},{"not_picked":["Runic Pyramid","Orrery"],"picked":"Astrolabe"}],"items_purged_floors":[27],"is_endless":false,"potions_floor_spawned":[1,2,13,16,22,24,29,31,38,42,45,54],"ascension_level":4}