{"gold_per_floor":[114,114,129,144,144,144,174,174,174,189,219,219,249,99,99,199,199,214,214,214,229,244,244,274,274,354,384,459,474,24,24,24,124,124,139,139,154,154,169,184,184,212,237,252,267,267,267,17,17,17],"floor_reached":51,"playtime":6680,"items_purged":[],"score":703,"play_id":"87c463ab-707c-44a7-a0c4-dcd8ff856448","local_time":"20190125020606","daily_mods":["Draft","Red Cards","Binary"],"is_ascension_mode":false,"campfire_choices":[{"data":"Setup","floor":6.0,"key":"SMITH"},{"data":"Acrobatics","floor":8.0,"key":"SMITH"},{"data":"Sucker Punch","floor":12.0,"key":"SMITH"},{"data":"Footwork","floor":15.0,"key":"SMITH"},{"data":"Cloak And Dagger","floor":23.0,"key":"SMITH"},{"data":"Heavy Blade","floor":25.0,"key":"SMITH"},{"data":"Dual Wield","floor":32.0,"key":"SMITH"},{"data":"True Grit","floor":41,"key":"SMITH"},{"data":"Adrenaline","floor":46,"key":"SMITH"},{"data":"Entrench","floor":49,"key":"SMITH"}],"neow_cost":"","seed_source_timestamp":0,"circlet_count":0,"master_deck":["True Grit+1","Footwork+1","Rage","Dodge and Roll","Shrug It Off","Heavy Blade+1","Metallicize","Backflip","Dual Wield+1","Endless Agony","Shockwave","Setup+1","Iron Wave","Clothesline","Entrench+1","Glass Knife","Dodge and Roll","Iron Wave","Acrobatics+1","Power Through","Sucker Punch+1","Searing Blow","Barricade","Cloak And Dagger+1","J.A.X.","Flying Knee+1","Escape Plan","Masterful Stab+1","Dagger Spray","Inflame+1","Demon Form","Blood for Blood+1","Metamorphosis","Panache","Panacea","Cloak And Dagger","True Grit+1","Anger","Footwork","Parasite","Adrenaline+1"],"special_seed":17921,"relics":["Ring of the Serpent","Potion Belt","Mercury Hourglass","Snake Skull","Bottled Tornado","Boot","Coffee Dripper","Regal Pillow","Tiny Chest","Dream Catcher","Question Card","ClockworkSouvenir","Shuriken","Ornamental Fan","Oddly Smooth Stone","Calipers","Blood Vial","Medical Kit"],"potions_floor_usage":[33,33,35,42,44,50],"damage_taken":[{"damage":0.0,"enemies":"Small Slimes","floor":1.0,"turns":6.0},{"damage":0.0,"enemies":"2 Louse","floor":3.0,"turns":5.0},{"damage":0.0,"enemies":"Cultist","floor":4.0,"turns":4.0},{"damage":2.0,"enemies":"Gremlin Nob","floor":7.0,"turns":5.0},{"damage":0.0,"enemies":"Blue Slaver","floor":10.0,"turns":3.0},{"damage":0.0,"enemies":"Lagavulin","floor":11.0,"turns":7.0},{"damage":11.0,"enemies":"3 Sentries","floor":13.0,"turns":6.0},{"damage":11.0,"enemies":"The Guardian","floor":16.0,"turns":12.0},{"damage":0.0,"enemies":"Chosen","floor":18.0,"turns":6.0},{"damage":13.0,"enemies":"2 Thieves","floor":21.0,"turns":3.0},{"damage":3.0,"enemies":"Sentry and Sphere","floor":22.0,"turns":6.0},{"damage":9.0,"enemies":"Book of Stabbing","floor":24.0,"turns":6.0},{"damage":11.0,"enemies":"Slavers","floor":27.0,"turns":5.0},{"damage":0.0,"enemies":"Cultist and Chosen","floor":29.0,"turns":4.0},{"damage":20,"enemies":"Champ","floor":33,"turns":11},{"damage":10,"enemies":"3 Shapes","floor":35,"turns":6},{"damage":13,"enemies":"3 Darklings","floor":37,"turns":5},{"damage":14,"enemies":"Transient","floor":39,"turns":5},{"damage":3,"enemies":"Maw","floor":40,"turns":6},{"damage":4,"enemies":"2 Orb Walkers","floor":42,"turns":6},{"damage":9,"enemies":"3 Darklings","floor":44,"turns":5},{"damage":4,"enemies":"Writhing Mass","floor":45,"turns":6},{"damage":4,"enemies":"Donu and Deca","floor":50,"turns":6}],"seed_played":"-8504113597204793888","potions_obtained":[{"floor":4.0,"key":"Dexterity Potion"},{"floor":7.0,"key":"Poison Potion"},{"floor":13.0,"key":"Explosive Potion"},{"floor":21.0,"key":"FearPotion"},{"floor":22.0,"key":"Strength Potion"},{"floor":27.0,"key":"SteroidPotion"},{"floor":29.0,"key":"Swift Potion"},{"floor":40,"key":"PowerPotion"},{"floor":42,"key":"EssenceOfSteel"},{"floor":45,"key":"Strength Potion"}],"is_trial":false,"path_per_floor":["M","?","M","M","?","R","E","R","T","M","E","R","E","$","R","B",null,"M","?","?","M","M","R","E","R","T","E","T","M","$","?","R","B",null,"M","?","M","T","M","M","R","?","T","M","M","R","?","$","R","B",null],"character_chosen":"THE_SILENT","items_purchased":["Boot","ClockworkSouvenir","Shuriken","Medical Kit","Block Potion"],"campfire_rested":0,"item_purchase_floors":[14,30,30,48,48],"current_hp_per_floor":[70,70,70,70,70,70,68,68,68,68,68,68,57,57,57,46,70,70,70,70,57,54,54,45,45,45,34,34,34,34,34,34,14,70,60,50,37,37,23,20,20,16,16,9,7,7,7,7,7,5],"gold":17,"neow_bonus":"","is_prod":false,"is_daily":true,"chose_seed":false,"campfire_upgraded":10,"win_rate":0,"timestamp":1548399966,"path_taken":["M","?","M","M","?","R","E","R","T","?","E","R","E","$","R","BOSS","M","?","?","M","M","R","E","R","T","E","?","?","$","?","R","BOSS","M","?","M","?","M","M","R","?","T","M","M","R","?","$","R","BOSS"],"build_version":"2019-01-23","purchased_purges":0,"victory":true,"max_hp_per_floor":[70,70,70,70,70,70,70,70,70,70,70,70,70,70,70,70,70,70,70,70,70,70,70,70,70,70,70,70,70,70,70,70,70,70,70,70,70,70,70,70,70,70,70,70,70,70,70,70,70,70],"card_choices":[{"not_picked":["Perfected Strike","Poisoned Stab"],"picked":"True Grit","floor":0.0},{"not_picked":["Flying Knee","Calculated Gamble"],"picked":"Footwork","floor":0.0},{"not_picked":["Prepared","Evolve"],"picked":"Rage","floor":0.0},{"not_picked":["Dagger Spray","Anger"],"picked":"Dodge and Roll","floor":0.0},{"not_picked":["Dodge and Roll","Headbutt"],"picked":"Shrug It Off","floor":0.0},{"not_picked":["Endless Agony","PiercingWail"],"picked":"Heavy Blade","floor":0.0},{"not_picked":["Havoc","Outmaneuver"],"picked":"Metallicize","floor":0.0},{"not_picked":["Sucker Punch","Body Slam"],"picked":"Backflip","floor":0.0},{"not_picked":["Masterful Stab","Dropkick"],"picked":"Underhanded Strike","floor":0.0},{"not_picked":["Combust","Dagger Spray"],"picked":"Dual Wield","floor":0.0},{"not_picked":["Deadly Poison","Body Slam"],"picked":"Endless Agony","floor":0.0},{"not_picked":["Blood for Blood","Quick Slash"],"picked":"Shockwave","floor":0.0},{"not_picked":["Prepared","Body Slam"],"picked":"Setup","floor":0.0},{"not_picked":["Endless Agony","Thunderclap"],"picked":"Iron Wave","floor":0.0},{"not_picked":["Intimidate","Thunderclap"],"picked":"Clothesline","floor":0.0},{"not_picked":["Calculated Gamble"],"picked":"Entrench","floor":1.0},{"not_picked":["Bane"],"picked":"Dodge and Roll","floor":3.0},{"not_picked":["Pummel"],"picked":"Iron Wave","floor":4.0},{"not_picked":["Dropkick"],"picked":"Acrobatics","floor":7.0},{"not_picked":["Combust"],"picked":"Power Through","floor":10.0},{"not_picked":["Prepared"],"picked":"Sucker Punch","floor":11.0},{"not_picked":["Warcry"],"picked":"Searing Blow","floor":13.0},{"not_picked":["Limit Break"],"picked":"Barricade","floor":16.0},{"not_picked":["Masterful Stab"],"picked":"Cloak And Dagger","floor":18.0},{"not_picked":["Expertise"],"picked":"Flying Knee+1","floor":21.0},{"not_picked":["Burning Pact+1"],"picked":"Escape Plan","floor":22.0},{"not_picked":["Clash+1"],"picked":"Masterful Stab+1","floor":24.0},{"not_picked":["Warcry"],"picked":"Dagger Spray","floor":27.0},{"not_picked":["Tactician","Flex"],"picked":"Inflame+1","floor":29.0},{"not_picked":["Reaper","Exhume"],"picked":"Demon Form","floor":33},{"not_picked":["Deadly Poison","Catalyst+1"],"picked":"Blood for Blood+1","floor":35},{"not_picked":["Transmutation","Jack Of All Trades"],"picked":"Metamorphosis","floor":36},{"not_picked":["Madness","Mind Blast"],"picked":"Panache","floor":36},{"not_picked":["Good Instincts","PanicButton"],"picked":"Panacea","floor":36},{"not_picked":["Perfected Strike","Warcry+1"],"picked":"Cloak And Dagger","floor":37},{"not_picked":["Backflip+1","Flying Knee+1"],"picked":"True Grit","floor":39},{"not_picked":["Ghostly Armor+1","Perfected Strike+1"],"picked":"Anger","floor":40},{"not_picked":["Armaments+1","Headbutt"],"picked":"Footwork","floor":42},{"not_picked":["Warcry+1","Clothesline","Bouncing Flask"],"picked":"SKIP","floor":44},{"not_picked":["Sever Soul","Quick Slash+1"],"picked":"Adrenaline","floor":45}],"player_experience":51887,"relics_obtained":[{"floor":7.0,"key":"Potion Belt"},{"floor":9.0,"key":"Mercury Hourglass"},{"floor":11.0,"key":"Snake Skull"},{"floor":13.0,"key":"Bottled Tornado"},{"floor":24.0,"key":"Regal Pillow"},{"floor":26.0,"key":"Tiny Chest"},{"floor":27.0,"key":"Dream Catcher"},{"floor":28.0,"key":"Question Card"},{"floor":38,"key":"Oddly Smooth Stone"},{"floor":42,"key":"Calipers"},{"floor":43,"key":"Blood Vial"}],"event_choices":[{"damage_healed":0.0,"max_hp_gain":0.0,"max_hp_loss":0.0,"gold_gain":0.0,"cards_transformed":["Underhanded Strike"],"event_name":"Living Wall","player_choice":"Change","floor":2.0,"gold_loss":0.0,"damage_taken":0.0,"cards_obtained":["Glass Knife"]},{"damage_healed":0.0,"max_hp_gain":0.0,"max_hp_loss":0.0,"gold_gain":0.0,"event_name":"Accursed Blacksmith","player_choice":"Forge","floor":5.0,"gold_loss":0.0,"damage_taken":0.0,"cards_upgraded":["True Grit"]},{"damage_healed":0.0,"max_hp_gain":0.0,"max_hp_loss":0.0,"gold_gain":0.0,"event_name":"Beggar","player_choice":"Ignored","floor":19.0,"gold_loss":0.0,"damage_taken":0.0},{"damage_healed":0.0,"max_hp_gain":0.0,"max_hp_loss":0.0,"gold_gain":0.0,"event_name":"Drug Dealer","player_choice":"Obtain J.A.X.","floor":20.0,"gold_loss":0.0,"damage_taken":0.0,"cards_obtained":["J.A.X."]},{"damage_healed":0.0,"max_hp_gain":0.0,"max_hp_loss":0.0,"gold_gain":0.0,"event_name":"The Mausoleum","player_choice":"Opened","floor":31.0,"gold_loss":0.0,"damage_taken":0.0,"relics_obtained":["Ornamental Fan"]},{"damage_healed":0,"gold_gain":0,"player_choice":"Memory 3","damage_taken":10,"max_hp_gain":0,"max_hp_loss":0,"event_name":"SensoryStone","floor":36,"gold_loss":0},{"damage_healed":0,"gold_gain":0,"player_choice":"Fight","damage_taken":0,"max_hp_gain":0,"max_hp_loss":0,"event_name":"Mysterious Sphere","floor":42,"gold_loss":0},{"damage_healed":0,"gold_gain":0,"player_choice":"Ignored","damage_taken":0,"max_hp_gain":0,"max_hp_loss":0,"event_name":"Tomb of Lord Red Mask","floor":47,"gold_loss":0}],"is_beta":false,"boss_relics":[{"not_picked":["Fusion Hammer","Calling Bell"],"picked":"Coffee Dripper"},{"not_picked":["Empty Cage","Velvet Choker"],"picked":"Ring of the Serpent"}],"items_purged_floors":[],"is_endless":false,"potions_floor_spawned":[4,7,13,21,22,27,29,40,42,45],"ascension_level":0}