{"gold_per_floor":[116,191,191,216,229,229,260,285,309,323,323,339,192,211,211,336,336],"floor_reached":17,"playtime":633,"items_purged":[],"score":159,"play_id":"77f074e8-1604-4495-b31e-3ce6a05e16ad","local_time":"20190128232839","daily_mods":["SealedDeck"],"is_ascension_mode":false,"campfire_choices":[{"floor":6,"key":"REST"},{"floor":11,"key":"REST"},{"floor":15,"key":"REST"}],"neow_cost":"","seed_source_timestamp":0,"circlet_count":0,"master_deck":["Dash+1","Deflect+1","Sucker Punch","Footwork","Dodge and Roll","Deadly Poison","Deadly Poison","Bane+1","Deadly Poison+1","Noxious Fumes","Deflect","Envenom","Noxious Fumes","Well Laid Plans","Burst"],"relics":["Ring of the Snake","Golden Idol","Orichalcum","War Paint","Whetstone","Orrery"],"potions_floor_usage":[12],"damage_taken":[{"damage":0,"enemies":"Small Slimes","floor":1,"turns":3},{"damage":0,"enemies":"2 Louse","floor":4,"turns":3},{"damage":0,"enemies":"Jaw Worm","floor":5,"turns":3},{"damage":12,"enemies":"3 Sentries","floor":7,"turns":7},{"damage":7,"enemies":"Exordium Thugs","floor":8,"turns":5},{"damage":3,"enemies":"Exordium Wildlife","floor":10,"turns":3},{"damage":15,"enemies":"Lots of Slimes","floor":12,"turns":2},{"damage":0,"enemies":"2 Fungi Beasts","floor":14,"turns":4},{"damage":15,"enemies":"Hexaghost","floor":16,"turns":7}],"seed_played":"-2541922421659052964","potions_obtained":[{"floor":4,"key":"AttackPotion"},{"floor":7,"key":"Explosive Potion"},{"floor":8,"key":"Explosive Potion"},{"floor":16,"key":"Energy Potion"}],"is_trial":true,"path_per_floor":["M","?","?","M","M","R","E","M","T","M","R","M","$","M","R","B",null],"character_chosen":"THE_SILENT","items_purchased":["Whetstone"],"campfire_rested":3,"item_purchase_floors":[13],"current_hp_per_floor":[70,59,42,42,42,63,51,44,44,41,62,47,47,47,68,53,53],"gold":336,"neow_bonus":"","is_prod":false,"is_daily":false,"chose_seed":false,"campfire_upgraded":0,"win_rate":0,"timestamp":1548736119,"path_taken":["M","?","?","M","M","R","E","M","T","M","R","M","$","M","R","BOSS"],"build_version":"2019-01-23","purchased_purges":0,"victory":false,"max_hp_per_floor":[70,70,70,70,70,70,70,70,70,70,70,70,70,70,70,70,70],"card_choices":[{"not_picked":["Acrobatics","Predator"],"picked":"Deflect","floor":1},{"not_picked":["Concentrate","Underhanded Strike","Prepared"],"picked":"SKIP","floor":4},{"not_picked":["Backflip","Slice"],"picked":"Envenom","floor":5},{"not_picked":["Acrobatics","Reflex","Prepared"],"picked":"SKIP","floor":7},{"not_picked":["Deadly Poison","Blade Dance","Quick Slash"],"picked":"SKIP","floor":8},{"not_picked":["Dagger Throw","Bouncing Flask","Terror"],"picked":"SKIP","floor":10},{"not_picked":["Eviscerate","Expertise"],"picked":"Noxious Fumes","floor":12},{"not_picked":["Deadly Poison","Backflip"],"picked":"Well Laid Plans","floor":14},{"not_picked":["Bullet Time","After Image"],"picked":"Burst","floor":16}],"player_experience":178385,"relics_obtained":[{"floor":7,"key":"Orichalcum"},{"floor":9,"key":"War Paint"}],"event_choices":[{"damage_healed":0,"gold_gain":75,"player_choice":"Gather Gold","damage_taken":11,"max_hp_gain":0,"max_hp_loss":0,"event_name":"World of Goop","floor":2,"gold_loss":0},{"damage_healed":0,"gold_gain":0,"player_choice":"Take Damage","damage_taken":17,"relics_obtained":["Golden Idol"],"max_hp_gain":0,"max_hp_loss":0,"event_name":"Golden Idol","floor":3,"gold_loss":0}],"is_beta":false,"boss_relics":[{"not_picked":["Philosopher\u0027s Stone","Busted Crown"],"picked":"Orrery"}],"items_purged_floors":[],"is_endless":false,"potions_floor_spawned":[4,7,8,16],"ascension_level":0}