{"gold_per_floor":[111,128,141,159,176,176,8,19,44,76,89,89,89,89,89,191,191,201,201,221,235,67,67,87,87,87,87,33,49,49,61,61,161,161,181,191,66,166,166,166,178,188,188,188,0,0,11,30,30,30],"floor_reached":51,"playtime":4817,"items_purged":["Strike_B","Strike_B","Writhe"],"score":774,"play_id":"73a215b1-8795-4765-98ca-e34807eda8d9","local_time":"20180716215753","is_ascension_mode":true,"campfire_choices":[{"data":"Sunder","floor":6,"key":"SMITH"},{"data":"Hologram","floor":12,"key":"SMITH"},{"data":"Dualcast","floor":15,"key":"SMITH"},{"data":"Fusion","floor":23,"key":"SMITH"},{"floor":27,"key":"REST"},{"data":"Hologram","floor":30,"key":"SMITH"},{"floor":32,"key":"REST"},{"data":"Glacier","floor":40,"key":"SMITH"},{"data":"Loop","floor":44,"key":"SMITH"},{"data":"Conserve Battery","floor":46,"key":"SMITH"},{"floor":49,"key":"REST"}],"neow_cost":"NONE","seed_source_timestamp":48779969765276,"circlet_count":0,"master_deck":["Strike_B","Strike_B","Defend_B+1","Defend_B+1","Defend_B","Defend_B","Zap+1","Dualcast+1","Gash","Coolheaded","Sunder+1","Conserve Battery+1","Buffer","Gash","Hologram+1","Leap","Glacier+1","Gash","All For One","Go for the Eyes+1","Rebound","Hologram+1","Fusion+1","Reprogram+1","Hologram+1","Loop+1","Gash","All For One","Defragment+1","BootSequence+1"],"relics":["Cracked Core","Oddly Smooth Stone","Orichalcum","FaceOfCleric","War Paint","White Beast Statue","Ancient Tea Set","Meat on the Bone","Cursed Key","Red Mask"],"potions_floor_usage":[10,16,24,29,33,33,33,47,50,50],"damage_taken":[{"damage":1,"enemies":"Cultist","floor":1,"turns":3},{"damage":1,"enemies":"Jaw Worm","floor":2,"turns":4},{"damage":8,"enemies":"Small Slimes","floor":3,"turns":3},{"damage":6,"enemies":"Exordium Wildlife","floor":4,"turns":2},{"damage":2,"enemies":"Looter","floor":5,"turns":4},{"damage":0,"enemies":"3 Louse","floor":8,"turns":4},{"damage":9,"enemies":"3 Sentries","floor":10,"turns":7},{"damage":8,"enemies":"Exordium Wildlife","floor":11,"turns":4},{"damage":6,"enemies":"Slime Boss","floor":16,"turns":10},{"damage":0,"enemies":"Chosen","floor":18,"turns":4},{"damage":0,"enemies":"3 Byrds","floor":20,"turns":3},{"damage":36,"enemies":"Snake Plant","floor":21,"turns":4},{"damage":13,"enemies":"Cultist and Chosen","floor":24,"turns":7},{"damage":26,"enemies":"3 Cultists","floor":29,"turns":5},{"damage":34,"enemies":"Snake Plant","floor":31,"turns":3},{"damage":11,"enemies":"Champ","floor":33,"turns":7},{"damage":2,"enemies":"Orb Walker","floor":35,"turns":4},{"damage":12,"enemies":"Flame Bruiser 1 Orb","floor":36,"turns":5},{"damage":0,"enemies":"Spire Growth","floor":41,"turns":4},{"damage":0,"enemies":"Sphere and 2 Shapes","floor":42,"turns":3},{"damage":36,"enemies":"3 Darklings","floor":47,"turns":5},{"damage":0,"enemies":"Maw","floor":48,"turns":6},{"damage":71,"enemies":"Time Eater","floor":50,"turns":12}],"seed_played":"7477149163409353657","potions_obtained":[{"floor":1,"key":"Regen Potion"},{"floor":4,"key":"SteroidPotion"},{"floor":8,"key":"PowerPotion"},{"floor":11,"key":"SpeedPotion"},{"floor":16,"key":"SneckoOil"},{"floor":24,"key":"EssenceOfSteel"},{"floor":29,"key":"PowerPotion"},{"floor":33,"key":"Energy Potion"},{"floor":35,"key":"SteroidPotion"},{"floor":36,"key":"PowerPotion"},{"floor":47,"key":"Ancient Potion"}],"is_trial":false,"path_per_floor":["M","M","M","M","M","R","$","M","T","E","M","R","?","?","R","B",null,"M","?","M","M","$","R","M","?","T","R","$","M","R","M","R","B",null,"M","M","$","?","?","R","M","M","T","R","?","R","M","M","R","B"],"character_chosen":"DEFECT","items_purchased":["Gash","Hologram","Fusion","Hologram"],"campfire_rested":3,"item_purchase_floors":[7,7,22,28],"current_hp_per_floor":[74,73,65,59,57,57,57,57,57,63,55,55,55,48,48,43,76,77,77,78,43,43,43,31,31,31,55,55,42,42,21,45,54,83,82,71,71,71,71,71,72,73,73,73,73,73,50,51,77,26],"gold":30,"neow_bonus":"UPGRADE_CARD","is_prod":false,"is_daily":false,"chose_seed":false,"campfire_upgraded":8,"win_rate":0,"timestamp":1531758473,"path_taken":["M","M","M","?","M","R","$","M","T","E","M","R","?","?","R","BOSS","M","?","M","M","$","R","M","?","T","R","$","M","R","M","R","BOSS","M","M","$","?","?","R","M","M","T","R","?","R","?","M","R","BOSS"],"build_version":"2018-07-13","purchased_purges":3,"victory":true,"max_hp_per_floor":[75,75,75,75,75,75,75,75,75,75,75,75,75,75,75,76,76,77,77,78,79,79,79,80,80,80,80,80,81,81,82,82,83,83,84,85,85,85,85,85,86,87,87,87,87,87,88,89,89,90],"card_choices":[{"not_picked":["Sweeping Beam","Darkness"],"picked":"Gash","floor":1},{"not_picked":["Barrage","Fusion"],"picked":"Coolheaded","floor":2},{"not_picked":["Redo","Genetic Algorithm"],"picked":"Sunder","floor":3},{"not_picked":["Static Discharge","Chill"],"picked":"Conserve Battery","floor":4},{"not_picked":["Skim","Lockon"],"picked":"Buffer","floor":5},{"not_picked":["Cold Snap","Beam Cell"],"picked":"Leap","floor":8},{"not_picked":["Heatsinks","Reprogram"],"picked":"Glacier","floor":10},{"not_picked":["Cold Snap","Beam Cell"],"picked":"Gash","floor":11},{"not_picked":["Machine Learning","Meteor Strike"],"picked":"All For One","floor":16},{"not_picked":["Barrage","Steam"],"picked":"Go for the Eyes+1","floor":18},{"not_picked":["Doom and Gloom+1","Compile Driver"],"picked":"Rebound","floor":20},{"not_picked":["Recycle","Fusion"],"picked":"Hologram+1","floor":21},{"not_picked":["Sunder","Turbo"],"picked":"Reprogram+1","floor":24},{"not_picked":["Darkness+1","Doom and Gloom"],"picked":"Loop","floor":29},{"not_picked":["Sweeping Beam","Melter+1"],"picked":"Gash","floor":31},{"not_picked":["Machine Learning","Meteor Strike"],"picked":"All For One","floor":33},{"not_picked":["Gash","Redo+1","Steam"],"picked":"SKIP","floor":35},{"not_picked":["Reprogram+1","Compile Driver","Cold Snap+1"],"picked":"SKIP","floor":36},{"not_picked":["Scrape","Steam+1","Ball Lightning+1"],"picked":"SKIP","floor":41},{"not_picked":["Cold Snap","Steam+1","Double Energy+1"],"picked":"SKIP","floor":42},{"not_picked":["Lockon+1","Reprogram"],"picked":"Defragment+1","floor":47},{"not_picked":["Ball Lightning+1","Gash+1"],"picked":"BootSequence+1","floor":48}],"player_experience":228810,"relics_obtained":[{"floor":9,"key":"Oddly Smooth Stone"},{"floor":10,"key":"Orichalcum"},{"floor":26,"key":"Meat on the Bone"}],"event_choices":[{"event_name":"FaceTrader","player_choice":"Trade","floor":13,"damage_taken":0},{"event_name":"Scrap Ooze","player_choice":"success","floor":14,"damage_taken":7},{"event_name":"Vampires","player_choice":"Ignored","floor":19,"damage_taken":0},{"event_name":"The Mausoleum","player_choice":"Yes","floor":25,"damage_taken":0},{"event_name":"Golden Shrine","player_choice":"Pray","floor":38,"damage_taken":0},{"event_name":"SecretPortal","player_choice":"Rejected Portal.","floor":39,"damage_taken":0},{"event_name":"Tomb of Lord Red Mask","player_choice":"Paid","floor":45,"damage_taken":0}],"boss_relics":[{"not_picked":["Velvet Choker","FrozenCore"],"picked":"White Beast Statue"},{"not_picked":["Fusion Hammer","Empty Cage"],"picked":"Cursed Key"}],"items_purged_floors":[7,22,37],"is_endless":false,"potions_floor_spawned":[1,4,8,11,16,18,20,21,24,29,31,33,35,36,41,42,47,48],"ascension_level":4}