{"gold_per_floor":[116,135,155,32,32,62,62,77,77,107,121,147,174,189,189,291,291,307,307,327,343,343,343,343],"floor_reached":24,"playtime":1984,"items_purged":["Strike_B"],"score":327,"play_id":"c56187ef-9561-4e13-a313-3a0ab2c176a0","local_time":"20181201113439","is_ascension_mode":true,"campfire_choices":[{"data":"Defragment","floor":7,"key":"SMITH"},{"data":"Streamline","floor":15,"key":"SMITH"},{"data":"Biased Cognition","floor":23,"key":"SMITH"}],"neow_cost":"PERCENT_DAMAGE","seed_source_timestamp":83460366232768,"circlet_count":0,"master_deck":["AscendersBane","Strike_B+1","Strike_B+1","Strike_B+1","Defend_B+1","Defend_B+1","Defend_B+1","Defend_B+1","Zap","Dualcast","Core Surge","Rebound","Coolheaded","Streamline+1","Leap","Defragment+1","BootSequence","Reinforced Body","Genetic Algorithm","Glacier","Biased Cognition+1","Cold Snap","Defragment+1"],"relics":["FrozenCore","Meat on the Bone","Ornamental Fan","Bottled Flame","Ice Cream","Blood Vial"],"potions_floor_usage":[8,10],"damage_taken":[{"damage":0,"enemies":"Cultist","floor":1,"turns":3},{"damage":7,"enemies":"Jaw Worm","floor":2,"turns":3},{"damage":0,"enemies":"2 Louse","floor":3,"turns":3},{"damage":17,"enemies":"Lagavulin","floor":6,"turns":7},{"damage":4,"enemies":"Gremlin Gang","floor":8,"turns":5},{"damage":16,"enemies":"3 Sentries","floor":10,"turns":8},{"damage":0,"enemies":"Exordium Thugs","floor":11,"turns":5},{"damage":21,"enemies":"Gremlin Nob","floor":12,"turns":4},{"damage":0,"enemies":"Blue Slaver","floor":14,"turns":4},{"damage":25,"enemies":"Slime Boss","floor":16,"turns":14},{"damage":11,"enemies":"3 Byrds","floor":18,"turns":13},{"damage":0,"enemies":"Chosen","floor":20,"turns":8},{"damage":2,"enemies":"Snake Plant","floor":21,"turns":8},{"damage":80,"enemies":"Gremlin Leader","floor":24,"turns":11}],"seed_played":"-5304083019101982750","potions_obtained":[{"floor":1,"key":"Block Potion"},{"floor":6,"key":"SkillPotion"},{"floor":11,"key":"FocusPotion"},{"floor":16,"key":"Energy Potion"},{"floor":22,"key":"Strength Potion"},{"floor":22,"key":"Ancient Potion"}],"is_trial":false,"path_per_floor":["M","M","M","$","?","E","R","M","T","E","M","E","T","M","R","B",null,"M","?","M","M","?","R","E"],"character_chosen":"DEFECT","items_purchased":["Leap"],"campfire_rested":0,"item_purchase_floors":[4],"current_hp_per_floor":[50,43,43,43,43,26,26,34,34,30,42,33,33,47,47,36,65,56,56,58,58,58,58,0],"gold":343,"neow_bonus":"THREE_RARE_CARDS","is_prod":false,"is_daily":false,"chose_seed":false,"campfire_upgraded":3,"win_rate":0,"timestamp":1543644279,"path_taken":["M","?","M","$","?","E","R","M","T","E","M","E","?","M","R","BOSS","M","?","M","M","?","R","E"],"build_version":"2018-11-15","purchased_purges":1,"victory":false,"max_hp_per_floor":[75,75,75,75,75,75,75,75,75,75,75,75,75,75,75,75,75,75,75,75,75,75,75,75],"card_choices":[{"not_picked":["Machine Learning","Hyperbeam"],"picked":"Core Surge","floor":0},{"not_picked":["Rip and Tear","White Noise"],"picked":"Rebound","floor":1},{"not_picked":["Aggregate","Recycle"],"picked":"Coolheaded","floor":2},{"not_picked":["Steam","Turbo"],"picked":"Streamline","floor":3},{"not_picked":["Self Repair","Conserve Battery"],"picked":"Defragment","floor":6},{"not_picked":["Redo","Compile Driver","Darkness"],"picked":"SKIP","floor":8},{"not_picked":["Lockon","Blizzard"],"picked":"BootSequence","floor":10},{"not_picked":["Melter","Sunder"],"picked":"Reinforced Body","floor":11},{"not_picked":["Steam","Stack"],"picked":"Genetic Algorithm","floor":12},{"not_picked":["Go for the Eyes","Heatsinks"],"picked":"Glacier","floor":14},{"not_picked":["Fission","Amplify"],"picked":"Biased Cognition","floor":16},{"not_picked":["Beam Cell","Heatsinks"],"picked":"Cold Snap","floor":18},{"not_picked":["Tempest","Rebound","Turbo"],"picked":"SKIP","floor":20},{"not_picked":["Turbo","Gash+1"],"picked":"Defragment+1","floor":21}],"player_experience":809527,"relics_obtained":[{"floor":6,"key":"Meat on the Bone"},{"floor":9,"key":"Ornamental Fan"},{"floor":10,"key":"Bottled Flame"},{"floor":12,"key":"Ice Cream"},{"floor":13,"key":"Blood Vial"}],"event_choices":[{"damage_healed":0,"gold_gain":0,"player_choice":"Ignored","damage_taken":0,"max_hp_gain":0,"max_hp_loss":0,"event_name":"Liars Game","floor":5,"gold_loss":0},{"damage_healed":0,"gold_gain":0,"player_choice":"Simplicity","damage_taken":0,"max_hp_gain":0,"max_hp_loss":0,"event_name":"Back to Basics","floor":19,"gold_loss":0,"cards_upgraded":["Strike_B","Strike_B","Strike_B","Defend_B","Defend_B","Defend_B","Defend_B"]},{"damage_healed":0,"gold_gain":0,"player_choice":"Got Potions","damage_taken":0,"max_hp_gain":0,"max_hp_loss":0,"event_name":"Lab","floor":22,"gold_loss":0}],"is_beta":true,"boss_relics":[{"not_picked":["Pandora\u0027s Box","Tiny House"],"picked":"FrozenCore"}],"items_purged_floors":[4],"is_endless":false,"potions_floor_spawned":[1,6,11,16],"killed_by":"Gremlin Leader","ascension_level":10}