{"gold_per_floor":[367,367,442,457,477,477,498,131,186,203,214,249,268,296,296,393,393,408,408,96,111,211,211,224,224,224,224,252,351,362,362,362,362],"floor_reached":33,"playtime":1431,"items_purged":["Strike_R","Strike_R"],"score":410,"play_id":"15106f86-2566-4e47-a6a2-6e194585575b","local_time":"20190414105352","is_ascension_mode":true,"campfire_choices":[{"data":"Spot Weakness","floor":6.0,"key":"SMITH"},{"floor":15.0,"key":"REST"},{"data":"Whirlwind","floor":23,"key":"SMITH"},{"data":"Demon Form","floor":25,"key":"SMITH"},{"floor":27,"key":"REST"},{"floor":32,"key":"REST"}],"neow_cost":"TEN_PERCENT_HP_LOSS","seed_source_timestamp":0,"circlet_count":0,"master_deck":["Strike_R","Strike_R","Strike_R","Defend_R","Defend_R","Defend_R","Defend_R","Bash","Spot Weakness+1","Sword Boomerang","Inflame","Uppercut","Deep Breath","Iron Wave","Whirlwind+1","Shrug It Off","Demon Form+1","Metallicize","Infernal Blade+1"],"special_seed":0,"relics":["Burning Blood","Boot","Odd Mushroom","Smiling Mask","Anchor","Art of War","Sozu","Question Card","Turnip","Letter Opener"],"potions_floor_usage":[],"damage_taken":[{"damage":5.0,"enemies":"Jaw Worm","floor":1.0,"turns":5.0},{"damage":5.0,"enemies":"Small Slimes","floor":4.0,"turns":3.0},{"damage":1.0,"enemies":"Cultist","floor":5.0,"turns":4.0},{"damage":27.0,"enemies":"The Mushroom Lair","floor":7.0,"turns":6.0},{"damage":3.0,"enemies":"2 Fungi Beasts","floor":10.0,"turns":3.0},{"damage":6.0,"enemies":"Red Slaver","floor":11.0,"turns":3.0},{"damage":25.0,"enemies":"3 Sentries","floor":12.0,"turns":5.0},{"damage":1.0,"enemies":"Looter","floor":13.0,"turns":3.0},{"damage":26.0,"enemies":"Gremlin Nob","floor":14.0,"turns":5.0},{"damage":21.0,"enemies":"Slime Boss","floor":16.0,"turns":10.0},{"damage":16.0,"enemies":"2 Thieves","floor":18.0,"turns":3.0},{"damage":0.0,"enemies":"Chosen","floor":21.0,"turns":4.0},{"damage":18,"enemies":"Sentry and Sphere","floor":24,"turns":5},{"damage":19,"enemies":"Slavers","floor":28,"turns":4},{"damage":4,"enemies":"Centurion and Healer","floor":30,"turns":6},{"damage":24,"enemies":"Automaton","floor":33,"turns":6}],"seed_played":"-1746964335337877638","potions_obtained":[{"floor":1.0,"key":"Strength Potion"},{"floor":5.0,"key":"Swift Potion"},{"floor":7.0,"key":"Weak Potion"},{"floor":14.0,"key":"Swift Potion"}],"is_trial":false,"path_per_floor":["?","?","?","?","M","?","M","?","?"],"character_chosen":"IRONCLAD","items_purchased":["Inflame","Uppercut","Deep Breath","Iron Wave","Question Card"],"campfire_rested":3,"item_purchase_floors":[8,8,8,8,20],"current_hp_per_floor":[72,65,54,55,60,60,39,39,39,42,42,23,28,8,29,14,58,48,48,48,54,54,54,42,42,42,63,50,50,52,39,62,38],"gold":362,"neow_bonus":"TWO_FIFTY_GOLD","is_prod":false,"is_daily":false,"chose_seed":false,"campfire_upgraded":3,"win_rate":0,"timestamp":1555257232,"path_taken":["M","?","?","M","M","R","?","$","T","M","M","E","M","E","R","BOSS","M","?","$","?","?","R","?","R","T","R","E","?","M","?","R","BOSS"],"build_version":"2019-01-23","purchased_purges":2,"victory":false,"max_hp_per_floor":[72,72,72,72,72,72,72,72,72,72,72,72,72,72,72,72,72,72,72,72,72,72,72,72,72,72,72,72,72,72,77,77,77],"card_choices":[{"not_picked":["Flex","Clothesline"],"picked":"Spot Weakness","floor":1.0},{"not_picked":["True Grit","Disarm","Pommel Strike"],"picked":"SKIP","floor":4.0},{"not_picked":["Anger","Disarm","Flex"],"picked":"SKIP","floor":5.0},{"not_picked":["Pommel Strike","Flex"],"picked":"Sword Boomerang","floor":7.0},{"not_picked":["True Grit","Entrench","Brutality"],"picked":"SKIP","floor":10.0},{"not_picked":["Warcry","Bloodletting"],"picked":"Whirlwind","floor":11.0},{"not_picked":["Armaments","Berserk","Flex"],"picked":"SKIP","floor":12.0},{"not_picked":["Headbutt","Havoc"],"picked":"Shrug It Off","floor":13.0},{"not_picked":["Blood for Blood","Rage","Second Wind"],"picked":"SKIP","floor":14.0},{"not_picked":["Offering","Berserk"],"picked":"Demon Form","floor":16.0},{"not_picked":["Clothesline","Havoc","Thunderclap"],"picked":"SKIP","floor":18.0},{"not_picked":["Sentinel","True Grit","Headbutt+1"],"picked":"Metallicize","floor":21.0},{"not_picked":["Rupture","Cleave+1","Warcry+1","Armaments"],"picked":"SKIP","floor":24},{"not_picked":["Thunderclap","Fiend Fire","Wild Strike"],"picked":"Infernal Blade+1","floor":28},{"not_picked":["Body Slam+1","Perfected Strike+1","Clothesline+1","Pommel Strike"],"picked":"SKIP","floor":30}],"player_experience":424850,"relics_obtained":[{"floor":7.0,"key":"Odd Mushroom"},{"floor":9.0,"key":"Smiling Mask"},{"floor":12.0,"key":"Anchor"},{"floor":14.0,"key":"Art of War"},{"floor":26,"key":"Turnip"},{"floor":28,"key":"Letter Opener"}],"event_choices":[{"damage_healed":0.0,"max_hp_gain":0.0,"max_hp_loss":0.0,"gold_gain":0.0,"event_name":"Scrap Ooze","player_choice":"Success","floor":2.0,"gold_loss":0.0,"damage_taken":7.0,"relics_obtained":["Boot"]},{"damage_healed":0.0,"max_hp_gain":0.0,"max_hp_loss":0.0,"gold_gain":75.0,"event_name":"World of Goop","player_choice":"Gather Gold","floor":3.0,"gold_loss":0.0,"damage_taken":11.0},{"damage_healed":0.0,"max_hp_gain":0.0,"max_hp_loss":0.0,"gold_gain":0.0,"event_name":"Mushrooms","player_choice":"Fought Mushrooms","floor":7.0,"gold_loss":0.0,"damage_taken":0.0},{"damage_healed":0.0,"max_hp_gain":0.0,"max_hp_loss":0.0,"gold_gain":0.0,"event_name":"Match and Keep!","player_choice":"0 cards matched","floor":19.0,"gold_loss":0.0,"damage_taken":0.0,"cards_obtained":[]},{"damage_healed":0,"gold_gain":100,"player_choice":"Pray","damage_taken":0,"max_hp_gain":0,"max_hp_loss":0,"event_name":"Golden Shrine","floor":22,"gold_loss":0},{"damage_healed":0,"gold_gain":99,"player_choice":"Stole From Cult","damage_taken":0,"max_hp_gain":0,"max_hp_loss":0,"event_name":"Nest","floor":29,"gold_loss":0},{"damage_healed":0,"gold_gain":0,"player_choice":"Shed Blood","damage_taken":18,"max_hp_gain":5,"max_hp_loss":0,"event_name":"Forgotten Altar","floor":31,"gold_loss":0}],"is_beta":false,"boss_relics":[{"not_picked":["Orrery","Coffee Dripper"],"picked":"Sozu"}],"items_purged_floors":[8,20],"is_endless":false,"potions_floor_spawned":[1,5,7,14,18,21,28,30],"killed_by":"Automaton","ascension_level":8}