{"gold_per_floor":[113,113,124,3,17,17,29,29,29,42,69,81,81,136,136,239,239,257,37,37,48,48,81,81,101,101,101,128,128,139,167,167,271,271,285,21,37,37,50,50,84,84,84,109,162,162,37,0,0,0,0,0,0,30,30],"floor_reached":55,"playtime":3138,"items_purged":["Strike_R"],"score":781,"play_id":"6cdabb6d-abfb-4f4a-85d0-f5e7b28b3eeb","local_time":"20190421120823","is_ascension_mode":false,"campfire_choices":[{"data":"Bash","floor":6,"key":"SMITH"},{"data":"Clothesline","floor":8,"key":"SMITH"},{"data":"Flame Barrier","floor":13,"key":"SMITH"},{"data":"Twin Strike","floor":15,"key":"SMITH"},{"data":"Disarm","floor":24,"key":"SMITH"},{"data":"Heavy Blade","floor":27,"key":"SMITH"},{"data":"Metallicize","floor":29,"key":"SMITH"},{"data":"Uppercut","floor":32,"key":"SMITH"},{"data":"Shockwave","floor":40,"key":"SMITH"},{"data":"Juggernaut","floor":42,"key":"SMITH"},{"floor":46,"key":"RECALL"},{"data":"Offering","floor":49,"key":"SMITH"},{"data":"Impervious","floor":52,"key":"SMITH"}],"neow_cost":"NONE","seed_source_timestamp":743747559057700,"circlet_count":0,"master_deck":["Strike_R","Strike_R","Strike_R","Defend_R","Defend_R","Defend_R","Defend_R","Bash+1","Clothesline+1","Heavy Blade+1","Shrug It Off","Twin Strike+1","Headbutt","Flame Barrier+1","Impervious+1","Disarm+1","Armaments+1","Fire Breathing+1","Metallicize+1","Juggernaut+1","Uppercut+1","Offering+1","Shockwave+1","Metallicize+1","Reaper","Shrug It Off+1","Shockwave"],"relics":["Burning Blood","The Courier","Art of War","Orichalcum","Velvet Choker","Brimstone","Blue Candle","Mummified Hand","Bag of Preparation","Pantograph","WingedGreaves","Bottled Lightning","Coffee Dripper","OrangePellets","Bronze Scales","PreservedInsect","Nunchaku","Happy Flower","Red Mask","Lantern"],"potions_floor_usage":[23,28,33,33,44,50,55,55],"damage_taken":[{"damage":0,"enemies":"Small Slimes","floor":1,"turns":3},{"damage":4,"enemies":"Cultist","floor":3,"turns":3},{"damage":5,"enemies":"Jaw Worm","floor":5,"turns":3},{"damage":8,"enemies":"Blue Slaver","floor":7,"turns":4},{"damage":26,"enemies":"Exordium Wildlife","floor":10,"turns":6},{"damage":14,"enemies":"Gremlin Nob","floor":11,"turns":4},{"damage":0,"enemies":"Red Slaver","floor":12,"turns":4},{"damage":20,"enemies":"Hexaghost","floor":16,"turns":11},{"damage":6,"enemies":"Shell Parasite","floor":18,"turns":5},{"damage":2,"enemies":"Chosen","floor":21,"turns":3},{"damage":23,"enemies":"Book of Stabbing","floor":23,"turns":5},{"damage":8,"enemies":"3 Cultists","floor":25,"turns":4},{"damage":12,"enemies":"Slavers","floor":28,"turns":5},{"damage":0,"enemies":"Snecko","floor":30,"turns":3},{"damage":8,"enemies":"Book of Stabbing","floor":31,"turns":4},{"damage":0,"enemies":"Collector","floor":33,"turns":6},{"damage":0,"enemies":"Orb Walker","floor":35,"turns":3},{"damage":23,"enemies":"3 Darklings","floor":37,"turns":5},{"damage":0,"enemies":"Maw","floor":39,"turns":5},{"damage":19,"enemies":"Nemesis","floor":41,"turns":5},{"damage":11,"enemies":"Reptomancer","floor":44,"turns":4},{"damage":0,"enemies":"2 Orb Walkers","floor":45,"turns":4},{"damage":31,"enemies":"Donu and Deca","floor":50,"turns":7},{"damage":7,"enemies":"Shield and Spear","floor":54,"turns":4},{"damage":118,"enemies":"The Heart","floor":55,"turns":9}],"seed_played":"-2706512168974001030","potions_obtained":[{"floor":3,"key":"SpeedPotion"},{"floor":7,"key":"SpeedPotion"},{"floor":10,"key":"SpeedPotion"},{"floor":23,"key":"Ancient Potion"},{"floor":30,"key":"Ancient Potion"},{"floor":37,"key":"SkillPotion"},{"floor":44,"key":"Block Potion"}],"is_trial":false,"path_per_floor":["M","?","M","$","M","R","M","R","T","M","E","M","R","T","R","B",null,"M","$","?","M","T","E","R","M","T","R","E","R","M","E","R","B",null,"M","$","M","?","M","R","E","R","T","E","?","R","$","?","R","B",null,"R","$","E","B"],"character_chosen":"IRONCLAD","items_purchased":["Shrug It Off","Brimstone","Disarm","OrangePellets","Shockwave","Dexterity Potion","Happy Flower"],"campfire_rested":0,"item_purchase_floors":[4,19,19,36,36,36,47],"current_hp_per_floor":[88,88,88,88,88,88,86,86,86,66,58,64,64,64,64,50,88,88,88,88,88,88,71,71,69,69,69,63,63,69,67,67,88,88,88,88,71,71,77,77,64,64,64,59,65,65,65,65,65,87,88,88,88,88,0],"gold":30,"neow_bonus":"TEN_PERCENT_HP_BONUS","is_prod":false,"is_daily":false,"chose_seed":false,"campfire_upgraded":12,"win_rate":0,"timestamp":1555841303,"path_taken":["M","?","M","$","M","R","M","R","T","M","E","?","R","?","R","BOSS","M","?","?","M","?","E","R","M","T","R","E","R","M","E","R","BOSS","M","$","M","?","?","R","E","R","T","E","?","R","$","?","R","BOSS","R","$","E","BOSS"],"build_version":"2019-01-23","purchased_purges":1,"victory":false,"max_hp_per_floor":[88,88,88,88,88,88,88,88,88,88,88,88,88,88,88,88,88,88,88,88,88,88,88,88,88,88,88,88,88,88,88,88,88,88,88,88,88,88,88,88,88,88,88,88,88,88,88,88,88,88,88,88,88,88,88],"card_choices":[{"not_picked":["Combust","Flex"],"picked":"Clothesline","floor":1},{"not_picked":["Clash","Flex"],"picked":"Heavy Blade","floor":3},{"not_picked":["Body Slam","Dropkick"],"picked":"Twin Strike","floor":5},{"not_picked":["Anger","Sword Boomerang","Wild Strike"],"picked":"SKIP","floor":7},{"not_picked":["Warcry","Second Wind"],"picked":"Headbutt","floor":10},{"not_picked":["Cleave","Warcry","Headbutt"],"picked":"SKIP","floor":11},{"not_picked":["Dark Embrace","Body Slam"],"picked":"Flame Barrier","floor":12},{"not_picked":["Fiend Fire","Berserk"],"picked":"Impervious","floor":16},{"not_picked":["Seeing Red","Anger+1","Clash"],"picked":"SKIP","floor":18},{"not_picked":["Pommel Strike+1","Clothesline+1"],"picked":"Armaments+1","floor":21},{"not_picked":["Combust","Pommel Strike"],"picked":"Fire Breathing+1","floor":23},{"not_picked":["Rupture+1","Havoc"],"picked":"Metallicize","floor":25},{"not_picked":["Rampage","Sword Boomerang"],"picked":"Juggernaut","floor":28},{"not_picked":["Shrug It Off","Twin Strike+1","Clothesline+1"],"picked":"SKIP","floor":30},{"not_picked":["Shrug It Off","Twin Strike+1","Clothesline+1"],"picked":"SKIP","floor":30},{"not_picked":["Body Slam+1","Clash+1"],"picked":"Uppercut","floor":31},{"not_picked":["Limit Break","Immolate"],"picked":"Offering","floor":33},{"not_picked":["Ghostly Armor","Havoc+1","Heavy Blade"],"picked":"SKIP","floor":35},{"not_picked":["Cleave+1","Shockwave","Uppercut"],"picked":"SKIP","floor":37},{"not_picked":["Dropkick+1","Rupture+1","Armaments"],"picked":"SKIP","floor":39},{"not_picked":["Uppercut","Ghostly Armor"],"picked":"Reaper","floor":41},{"not_picked":["Perfected Strike","Thunderclap"],"picked":"Shrug It Off+1","floor":44},{"not_picked":["Rupture","Searing Blow"],"picked":"Shockwave","floor":54}],"player_experience":243345,"relics_obtained":[{"floor":9,"key":"The Courier"},{"floor":11,"key":"Art of War"},{"floor":14,"key":"Orichalcum"},{"floor":22,"key":"Mummified Hand"},{"floor":23,"key":"Bag of Preparation"},{"floor":26,"key":"Pantograph"},{"floor":28,"key":"WingedGreaves"},{"floor":31,"key":"Bottled Lightning"},{"floor":41,"key":"Bronze Scales"},{"floor":44,"key":"PreservedInsect"},{"floor":45,"key":"Nunchaku"},{"floor":54,"key":"Lantern"}],"event_choices":[{"cards_removed":["Strike_R"],"damage_healed":0,"gold_gain":0,"player_choice":"Offered Basic","damage_taken":0,"max_hp_gain":0,"max_hp_loss":0,"event_name":"Bonfire Elementals","floor":2,"gold_loss":0},{"damage_healed":0,"gold_gain":0,"player_choice":"Opened","damage_taken":0,"relics_obtained":["Blue Candle"],"max_hp_gain":0,"max_hp_loss":0,"event_name":"The Mausoleum","floor":20,"gold_loss":0},{"damage_healed":0,"gold_gain":0,"player_choice":"Copied","damage_taken":0,"max_hp_gain":0,"max_hp_loss":0,"event_name":"Duplicator","floor":38,"gold_loss":0,"cards_obtained":["Metallicize"]},{"damage_healed":0,"gold_gain":0,"player_choice":"Fight","damage_taken":0,"max_hp_gain":0,"max_hp_loss":0,"event_name":"Mysterious Sphere","floor":45,"gold_loss":0},{"damage_healed":0,"gold_gain":0,"player_choice":"Paid","damage_taken":0,"relics_obtained":["Red Mask"],"max_hp_gain":0,"max_hp_loss":0,"event_name":"Tomb of Lord Red Mask","floor":48,"gold_loss":37}],"is_beta":false,"boss_relics":[{"not_picked":["Black Blood","Ectoplasm"],"picked":"Velvet Choker"},{"not_picked":["Snecko Eye","Eternal Feather"],"picked":"Coffee Dripper"}],"items_purged_floors":[4],"is_endless":false,"potions_floor_spawned":[3,7,10,11,18,23,30,31,37,44,45],"killed_by":"The Heart","ascension_level":0}