{"gold_per_floor":[360,0,0,19,19,19,51,67,135,152,180,180,197,210,210,287,287,302,242,259,259,269,269,269,269],"floor_reached":25,"playtime":1112,"items_purged":[],"score":373,"play_id":"ce5016f1-a36c-4905-bff5-822a0ab22bfc","local_time":"20190226213330","is_ascension_mode":true,"campfire_choices":[{"data":"Capacitor","floor":6.0,"key":"SMITH"},{"data":"Loop","floor":15.0,"key":"SMITH"},{"floor":24.0,"key":"REST"}],"neow_cost":"TEN_PERCENT_HP_LOSS","seed_source_timestamp":355659969805592,"circlet_count":0,"master_deck":["AscendersBane","Strike_B","Strike_B","Strike_B","Strike_B","Defend_B","Defend_B","Defend_B","Defend_B","Zap+1","Dualcast","Go for the Eyes","Capacitor+1","Self Repair","Darkness","Reinforced Body","BootSequence","Loop+1","Recycle","Biased Cognition","Stack+1","Chill","Consume","Ghostly","Ghostly","Ghostly"],"special_seed":0,"relics":["Cracked Core","Pantograph","Blood Vial","Sundial","Blue Candle","Philosopher\u0027s Stone","Cables"],"potions_floor_usage":[25],"damage_taken":[{"damage":1.0,"enemies":"Cultist","floor":1.0,"turns":4.0},{"damage":1.0,"enemies":"2 Louse","floor":4.0,"turns":2.0},{"damage":26.0,"enemies":"Lagavulin","floor":7.0,"turns":9.0},{"damage":2.0,"enemies":"Small Slimes","floor":8.0,"turns":3.0},{"damage":7.0,"enemies":"2 Fungi Beasts","floor":10.0,"turns":5.0},{"damage":46.0,"enemies":"3 Sentries","floor":11.0,"turns":10.0},{"damage":2.0,"enemies":"3 Louse","floor":13.0,"turns":4.0},{"damage":1.0,"enemies":"Gremlin Gang","floor":14.0,"turns":4.0},{"damage":46.0,"enemies":"Slime Boss","floor":16.0,"turns":14.0},{"damage":18.0,"enemies":"Chosen","floor":18.0,"turns":8.0},{"damage":21.0,"enemies":"2 Thieves","floor":19.0,"turns":4.0},{"damage":23.0,"enemies":"Snake Plant","floor":20.0,"turns":6.0},{"damage":19.0,"enemies":"Snecko","floor":22.0,"turns":4.0},{"damage":26,"enemies":"Cultist and Chosen","floor":25,"turns":11}],"seed_played":"1828084374098285039","potions_obtained":[{"floor":4.0,"key":"Poison Potion"},{"floor":10.0,"key":"Strength Potion"},{"floor":11.0,"key":"AttackPotion"},{"floor":14.0,"key":"SpeedPotion"},{"floor":22.0,"key":"SpeedPotion"}],"is_trial":false,"path_per_floor":["M","$","?","M","?","R","E","M","T","M","E","?","M","M","R","B",null,"M","M","M","?","M","?","R","M"],"character_chosen":"DEFECT","items_purchased":["Capacitor","Pantograph","Conserve Battery"],"campfire_rested":1,"item_purchase_floors":[2,2,2],"current_hp_per_floor":[63,63,63,62,62,62,43,50,50,52,15,15,22,30,30,18,53,44,32,18,18,1,1,10,0],"gold":269,"neow_bonus":"TWO_FIFTY_GOLD","is_prod":false,"is_daily":false,"chose_seed":false,"campfire_upgraded":2,"win_rate":0,"timestamp":1551234810,"path_taken":["M","?","?","?","?","R","E","M","T","M","E","?","M","M","R","BOSS","M","M","M","?","?","?","R","M"],"build_version":"2019-02-06","purchased_purges":0,"victory":false,"max_hp_per_floor":[64,64,64,64,64,64,64,64,64,64,64,64,64,64,64,64,64,64,64,64,64,64,32,32,32],"card_choices":[{"not_picked":["Sunder","Barrage"],"picked":"Go for the Eyes","floor":1.0},{"not_picked":["Rebound","Hologram"],"picked":"Self Repair","floor":4.0},{"not_picked":["Rebound","Leap","Reprogram"],"picked":"SKIP","floor":7.0},{"not_picked":["Storm","Turbo"],"picked":"Darkness","floor":8.0},{"not_picked":["Storm","Go for the Eyes"],"picked":"Reinforced Body","floor":10.0},{"not_picked":["Coolheaded","Steam"],"picked":"BootSequence","floor":11.0},{"not_picked":["Cold Snap","Machine Learning"],"picked":"Loop","floor":13.0},{"not_picked":["Darkness","Leap"],"picked":"Recycle","floor":14.0},{"not_picked":["Meteor Strike","Reboot"],"picked":"Biased Cognition","floor":16.0},{"not_picked":["Hologram","Reinforced Body","Aggregate"],"picked":"SKIP","floor":18.0},{"not_picked":["Heatsinks","Steam"],"picked":"Stack+1","floor":19.0},{"not_picked":["Scrape","Steam"],"picked":"Chill","floor":20.0},{"not_picked":["Stack","Leap"],"picked":"Consume","floor":22.0}],"player_experience":748156,"relics_obtained":[{"floor":7.0,"key":"Blood Vial"},{"floor":9.0,"key":"Sundial"},{"floor":11.0,"key":"Blue Candle"}],"event_choices":[{"damage_healed":0.0,"max_hp_gain":0.0,"max_hp_loss":0.0,"gold_gain":0.0,"event_name":"Accursed Blacksmith","player_choice":"Forge","floor":3.0,"gold_loss":0.0,"damage_taken":0.0,"cards_upgraded":["Zap"]},{"damage_healed":0.0,"max_hp_gain":0.0,"max_hp_loss":0.0,"gold_gain":0.0,"event_name":"Liars Game","player_choice":"Ignored","floor":5.0,"gold_loss":0.0,"damage_taken":0.0},{"damage_healed":0.0,"max_hp_gain":0.0,"max_hp_loss":0.0,"gold_gain":0.0,"event_name":"Shining Light","player_choice":"Ignored","floor":12.0,"gold_loss":0.0,"damage_taken":0.0},{"cards_removed":["Conserve Battery"],"damage_healed":0.0,"max_hp_gain":0.0,"max_hp_loss":0.0,"gold_gain":0.0,"event_name":"WeMeetAgain","player_choice":"Gave Card","floor":21.0,"gold_loss":0.0,"damage_taken":0.0,"relics_obtained":["Cables"]},{"damage_healed":0.0,"max_hp_gain":0.0,"max_hp_loss":32.0,"gold_gain":0.0,"event_name":"Ghosts","player_choice":"Became a Ghost","floor":23.0,"gold_loss":0.0,"damage_taken":0.0,"cards_obtained":["Ghostly","Ghostly","Ghostly"]}],"is_beta":true,"boss_relics":[{"not_picked":["Calling Bell","Orrery"],"picked":"Philosopher\u0027s Stone"}],"items_purged_floors":[],"is_endless":false,"potions_floor_spawned":[4,10,11,13,14,22],"killed_by":"Cultist and Chosen","ascension_level":15}