{"path_per_floor":["M","$","T","M","?","E","R","M","T","M","M","R","M","E","R","B",null,"M","$","?","M","$","R","?","E","T","?","?","?","?","?","R","B",null,"M","?","M","?","?","E","?","?","T","E","M","R","M","M","R"],"character_chosen":"DEFECT","items_purchased":["White Noise","Turbo","Loop","Omamori","Coolheaded"],"gold_per_floor":[115,28,54,72,72,107,107,122,122,142,158,158,173,201,201,296,296,236,46,46,46,21,21,21,21,21,0,0,0,0,0,0,0,0,0,0,0,0,0,0,0,0,0,0,0,0,0,0,0,0],"floor_reached":50,"campfire_rested":5,"playtime":1800,"current_hp_per_floor":[68,68,68,68,68,68,68,60,60,51,49,71,67,53,53,16,60,27,27,27,21,21,43,37,8,8,8,8,20,20,16,28,28,39,21,21,15,26,26,25,25,25,25,39,27,39,42,29,41,0],"items_purged":[],"gold":0,"score":1027,"play_id":"4eeb905b-498d-42a7-a61b-8c019da194aa","local_time":"20180508211221","is_prod":false,"is_daily":false,"chose_seed":false,"is_ascension_mode":true,"campfire_upgraded":2,"timestamp":1525785141,"path_taken":["M","$","?","M","?","E","R","M","T","M","M","R","M","E","R","BOSS","M","$","?","M","$","R","?","E","T","?","?","?","?","?","R","BOSS","M","?","M","?","?","E","?","?","T","E","M","R","M","M","R","BOSS"],"build_version":"2018-05-07","seed_source_timestamp":188420930595882,"purchased_purges":0,"victory":false,"master_deck":["Strike_B+1","Strike_B","Strike_B+1","Defend_B","Defend_B","Defend_B","Defend_B","Zap","Dualcast","AscendersBane","Darkness+1","White Noise+1","Turbo","Glacier","Gash+1","Go for the Eyes+1","Sweeping Beam+1","Echo Form+1","Coolheaded","Barrage+1","Seek","Loop","Coolheaded","Ghostly","Ghostly","Ghostly","Ghostly","Ghostly","Hello World+1","Reboot","Defragment","Self Repair","Auto Shields+1","Seek","Gash+1","Apotheosis","Storm+1","Buffer","Buffer+1","Force Field+1"],"max_hp_per_floor":[75,75,75,75,75,75,75,75,75,75,75,75,75,75,75,75,75,75,75,75,75,75,75,37,37,37,37,37,37,37,42,42,42,42,42,42,42,42,42,42,42,42,42,42,42,42,42,42,42,42],"relics":["Cracked Core","NeowsBlessing","Juzu Bracelet","Molten Egg 2","Du-Vu Doll","Orichalcum","Ectoplasm","Omamori","Letter Opener","Old Coin","Bottled Tornado","Orrery","Symbiotic Virus","Ginger","Vajra","Whetstone"],"card_choices":[{"not_picked":["Beam Cell","Sweeping Beam"],"picked":"Darkness","floor":1.0},{"not_picked":["Axe Kick","Cold Snap"],"picked":"Glacier","floor":4.0},{"not_picked":["Redo","Storm"],"picked":"Gash","floor":6.0},{"not_picked":["Turbo","FTL"],"picked":"Go for the Eyes","floor":8.0},{"not_picked":["Axe Kick","Ball Lightning"],"picked":"Sweeping Beam","floor":10.0},{"not_picked":["Impulse","Turbo"],"picked":"Echo Form","floor":11.0},{"not_picked":["Darkness","Beam Cell"],"picked":"Coolheaded","floor":13.0},{"not_picked":["Turbo","Rebound"],"picked":"Barrage","floor":14.0},{"not_picked":["Rainbow","Fission"],"picked":"Seek","floor":16.0},{"not_picked":["Recycle","Biased Cognition"],"picked":"Hello World","floor":25.0},{"not_picked":["Hyperbeam","Fusion"],"picked":"Reboot","floor":33.0},{"not_picked":["Sweeping Beam","Double Energy"],"picked":"Defragment","floor":34.0},{"not_picked":["Coolheaded","Leap"],"picked":"Self Repair","floor":34.0},{"not_picked":["Coolheaded","Stack"],"picked":"Auto Shields","floor":34.0},{"not_picked":["Streamline","Undo"],"picked":"Seek","floor":35.0},{"not_picked":["Impulse","Ball Lightning"],"picked":"Gash","floor":37.0},{"not_picked":["Swift Strike","Thinking Ahead"],"picked":"Apotheosis","floor":39.0},{"not_picked":["Conserve Battery","Beam Cell"],"picked":"Storm","floor":41.0},{"not_picked":["Cold Snap","Rip and Tear"],"picked":"Buffer","floor":44},{"not_picked":["Turbo","Redo"],"picked":"Buffer","floor":47},{"not_picked":["Rebound","Impulse"],"picked":"Force Field","floor":48}],"player_experience":967475,"potions_floor_usage":[50,50],"damage_taken":[{"damage":0.0,"enemies":"Cultist","floor":1.0,"turns":1.0},{"damage":0.0,"enemies":"Jaw Worm","floor":4.0,"turns":1.0},{"damage":0.0,"enemies":"Gremlin Nob","floor":6.0,"turns":1.0},{"damage":8.0,"enemies":"2 Louse","floor":8.0,"turns":2.0},{"damage":9.0,"enemies":"Red Slaver","floor":10.0,"turns":3.0},{"damage":2.0,"enemies":"3 Louse","floor":11.0,"turns":4.0},{"damage":4.0,"enemies":"Looter","floor":13.0,"turns":3.0},{"damage":14.0,"enemies":"3 Sentries","floor":14.0,"turns":6.0},{"damage":37.0,"enemies":"The Guardian","floor":16.0,"turns":13.0},{"damage":33.0,"enemies":"2 Thieves","floor":18.0,"turns":4.0},{"damage":6.0,"enemies":"Shell Parasite","floor":21.0,"turns":4.0},{"damage":36.0,"enemies":"Gremlin Leader","floor":25.0,"turns":9.0},{"damage":0.0,"enemies":"Collector","floor":33.0,"turns":9.0},{"damage":18.0,"enemies":"3 Shapes","floor":35.0,"turns":5.0},{"damage":13.0,"enemies":"3 Darklings","floor":37.0,"turns":8.0},{"damage":21.0,"enemies":"2 Orb Walkers","floor":40.0,"turns":6.0},{"damage":0.0,"enemies":"Mysterious Sphere","floor":41.0,"turns":5.0},{"damage":0,"enemies":"Giant Head","floor":44,"turns":9},{"damage":12,"enemies":"Flame Bruiser 2 Orb","floor":45,"turns":6},{"damage":0,"enemies":"Maw","floor":47,"turns":8},{"damage":33,"enemies":"3 Darklings","floor":48,"turns":4},{"damage":45,"enemies":"Donu and Deca","floor":50,"turns":9}],"event_choices":[{"event_name":"Living Wall","player_choice":"Grow","floor":5.0,"damage_taken":0.0},{"event_name":"The Mausoleum","player_choice":"Yes","floor":20.0,"damage_taken":0.0},{"event_name":"Ghosts","player_choice":"Became a Ghost","floor":24.0,"damage_taken":0.0},{"event_name":"Masked Bandits","player_choice":"Paid Bandits 21 gold","floor":27.0,"damage_taken":0.0},{"event_name":"Drug Dealer","player_choice":"Ignored","floor":28.0,"damage_taken":0.0},{"event_name":"The Library","player_choice":"Heal","floor":29.0,"damage_taken":0.0},{"event_name":"Accursed Blacksmith","player_choice":"Ignore","floor":30.0,"damage_taken":0.0},{"event_name":"Forgotten Altar","player_choice":"Shed Blood","floor":31.0,"damage_taken":0.0},{"event_name":"Golden Shrine","player_choice":"Pray","floor":36.0,"damage_taken":0.0},{"event_name":"Winding Halls","player_choice":"Writhe","floor":38.0,"damage_taken":0.0},{"event_name":"SensoryStone","player_choice":"Memory 1","floor":39.0,"damage_taken":0.0},{"event_name":"Mysterious Sphere","player_choice":"Fight","floor":41.0,"damage_taken":0.0}],"boss_relics":[],"potions_floor_spawned":[1,8,10,16,18,21,37,41,45,48],"seed_played":"-6060950192564167882","killed_by":"Donu and Deca","ascension_level":10,"is_trial":false}