{"gold_per_floor":[117,135,135,148,38,38,73,88,88,88,20,30,47,61,61,138,138,154,169,183,52,71,71,83,95,95,95,120,120,120,151,151,229,229,242,207,217,272,286,318,338,369,369,369,369,369,290,315,315,315,315,315,82,116,116],"floor_reached":56,"playtime":3124,"items_purged":["Pain"],"score":2276,"play_id":"40481512-081e-4640-a647-1e4f318cf23a","local_time":"20190310184253","is_ascension_mode":true,"campfire_choices":[{"data":"Sunder","floor":6.0,"key":"SMITH"},{"data":"Defragment","floor":10.0,"key":"SMITH"},{"data":"Capacitor","floor":15.0,"key":"SMITH"},{"data":"Loop","floor":23,"key":"SMITH"},{"data":"Capacitor","floor":27,"key":"SMITH"},{"floor":29,"key":"REST"},{"floor":32,"key":"REST"},{"floor":44,"key":"REST"},{"floor":49,"key":"RECALL"},{"data":"Defragment","floor":52,"key":"SMITH"}],"neow_cost":"NONE","seed_source_timestamp":1377303680234289,"circlet_count":0,"master_deck":["AscendersBane","Strike_B","Defend_B","Defend_B","Defend_B","Defend_B","Zap","Dualcast","Defragment+1","Coolheaded","Hologram","Sunder+1","BootSequence","Cold Snap+1","Capacitor+1","FTL+1","Skim+1","Glacier+1","Rainbow+1","Redo+1","Leap+1","Loop+1","Capacitor+1","Coolheaded+1","Compile Driver","Genetic Algorithm+1","Redo+1","White Noise+1","Lockon","Ball Lightning","Echo Form","Biased Cognition","Defragment+1","Loop","Darkness+1","Reinforced Body+1","Blind+1","Glacier+1","Coolheaded+1","Recycle+1","Skim+1"],"special_seed":0,"relics":["FrozenCore","Ancient Tea Set","WarpedTongs","Sundial","Toxic Egg 2","Sozu","Symbiotic Virus","Cables","FossilizedHelix","Incense Burner","Bronze Scales","Ice Cream","Dream Catcher","Happy Flower","Whetstone"],"potions_floor_usage":[22,55],"damage_taken":[{"damage":0.0,"enemies":"Small Slimes","floor":1.0,"turns":3.0},{"damage":0.0,"enemies":"Cultist","floor":2.0,"turns":3.0},{"damage":12.0,"enemies":"Jaw Worm","floor":4.0,"turns":3.0},{"damage":7.0,"enemies":"Lagavulin","floor":7.0,"turns":5.0},{"damage":0.0,"enemies":"Exordium Wildlife","floor":8.0,"turns":4.0},{"damage":2.0,"enemies":"Blue Slaver","floor":12.0,"turns":4.0},{"damage":0.0,"enemies":"3 Louse","floor":13.0,"turns":2.0},{"damage":0.0,"enemies":"Gremlin Gang","floor":14.0,"turns":5.0},{"damage":8.0,"enemies":"Hexaghost","floor":16.0,"turns":11.0},{"damage":0.0,"enemies":"Shell Parasite","floor":18.0,"turns":6.0},{"damage":2.0,"enemies":"Chosen","floor":19.0,"turns":5.0},{"damage":11.0,"enemies":"3 Cultists","floor":20.0,"turns":6.0},{"damage":0,"enemies":"Snecko","floor":22,"turns":5},{"damage":0,"enemies":"Centurion and Healer","floor":24,"turns":9},{"damage":9,"enemies":"Snake Plant","floor":25,"turns":4},{"damage":30,"enemies":"Gremlin Leader","floor":28,"turns":7},{"damage":3,"enemies":"Slavers","floor":31,"turns":3},{"damage":0,"enemies":"Champ","floor":33,"turns":8},{"damage":0,"enemies":"Orb Walker","floor":35,"turns":4},{"damage":0,"enemies":"3 Darklings","floor":37,"turns":7},{"damage":0,"enemies":"2 Orb Walkers","floor":38,"turns":4},{"damage":0,"enemies":"Transient","floor":39,"turns":5},{"damage":9,"enemies":"Nemesis","floor":40,"turns":7},{"damage":0,"enemies":"Sphere and 2 Shapes","floor":41,"turns":7},{"damage":32,"enemies":"Reptomancer","floor":42,"turns":7},{"damage":0,"enemies":"Nemesis","floor":48,"turns":7},{"damage":0,"enemies":"Time Eater","floor":50,"turns":9},{"damage":0,"enemies":"Shield and Spear","floor":54,"turns":10},{"damage":53,"enemies":"The Heart","floor":55,"turns":10}],"seed_played":"6340166390028817929","potions_obtained":[{"floor":1.0,"key":"FearPotion"},{"floor":2.0,"key":"EssenceOfSteel"},{"floor":7.0,"key":"Dexterity Potion"},{"floor":13.0,"key":"SkillPotion"}],"is_trial":false,"path_per_floor":["M","M","?","M","$","R","E","M","T","R","$","M","M","M","R","B",null,"M","M","M","$","M","R","M","M","T","R","E","R","?","E","R","B",null,"M","$","M","?","M","E","M","E","T","R","?","?","$","E","R","B",null,"R","$","E","B",null],"character_chosen":"DEFECT","items_purchased":["Sunder","Capacitor","Capacitor","Coolheaded+1","Compile Driver","Loop","Glacier+1","Happy Flower","Recycle+1"],"campfire_rested":3,"item_purchase_floors":[5,11,21,21,21,36,47,53,53],"current_hp_per_floor":[64,64,64,52,52,52,45,45,45,45,45,43,43,43,43,35,62,62,60,49,49,49,49,49,40,40,40,10,31,31,28,49,49,66,66,66,66,66,66,57,57,25,25,46,46,46,46,46,46,46,65,65,65,65,12],"gold":116,"neow_bonus":"RANDOM_COMMON_RELIC","is_prod":false,"is_daily":false,"chose_seed":false,"campfire_upgraded":6,"win_rate":0,"timestamp":1552257773,"path_taken":["M","M","?","M","$","R","E","M","T","R","?","?","?","M","R","BOSS","M","M","M","$","M","R","M","M","T","R","E","R","?","E","R","BOSS","M","$","M","?","M","E","M","E","T","R","?","?","$","E","R","BOSS","R","$","E","BOSS"],"build_version":"2019-02-06","purchased_purges":1,"victory":true,"max_hp_per_floor":[71,71,71,71,71,71,71,71,71,71,71,71,71,71,71,71,71,71,71,71,71,71,71,71,71,71,71,71,71,71,71,71,71,71,71,71,71,71,71,71,71,71,71,71,71,71,71,71,71,71,71,71,71,71,71],"card_choices":[{"not_picked":["Recycle","Storm"],"picked":"Defragment","floor":1.0},{"not_picked":["Blizzard","Conserve Battery"],"picked":"Coolheaded","floor":2.0},{"not_picked":["Redo","Rebound"],"picked":"Hologram","floor":4.0},{"not_picked":["Turbo","Conserve Battery"],"picked":"BootSequence","floor":7.0},{"not_picked":["Hologram","Turbo"],"picked":"Cold Snap","floor":8.0},{"not_picked":["Ball Lightning","Beam Cell"],"picked":"FTL","floor":12.0},{"not_picked":["Hologram+1","Sweeping Beam"],"picked":"Skim+1","floor":13.0},{"not_picked":["Go for the Eyes","Beam Cell"],"picked":"Glacier+1","floor":14.0},{"not_picked":["Thunder Strike","Reboot+1"],"picked":"Rainbow+1","floor":16.0},{"not_picked":["Cold Snap","Streamline"],"picked":"Redo+1","floor":18.0},{"not_picked":["Go for the Eyes","Static Discharge"],"picked":"Leap+1","floor":19.0},{"not_picked":["Tempest+1","Ball Lightning"],"picked":"Loop","floor":20.0},{"not_picked":["Cold Snap","Doom and Gloom","Beam Cell"],"picked":"SKIP","floor":22},{"not_picked":["Coolheaded+1","Ball Lightning"],"picked":"Genetic Algorithm+1","floor":24},{"not_picked":["Compile Driver","Stack+1"],"picked":"Redo+1","floor":25},{"not_picked":["Cold Snap","Redo+1"],"picked":"White Noise+1","floor":28},{"not_picked":["Gash","Self Repair"],"picked":"Echo Form","floor":31},{"not_picked":["Buffer","All For One"],"picked":"Biased Cognition","floor":33},{"not_picked":["Steam+1","Melter+1"],"picked":"Defragment","floor":35},{"not_picked":["Auto Shields+1","Cold Snap"],"picked":"Darkness+1","floor":37},{"not_picked":["Tempest+1","Redo+1","Beam Cell+1"],"picked":"SKIP","floor":39},{"not_picked":["Beam Cell","Conserve Battery+1","Blizzard"],"picked":"SKIP","floor":40},{"not_picked":["Rebound+1","Sweeping Beam"],"picked":"Reinforced Body+1","floor":41},{"not_picked":["Echo Form","Capacitor","Steam+1"],"picked":"SKIP","floor":42},{"not_picked":["Purity+1","HandOfGreed"],"picked":"Blind+1","floor":46},{"not_picked":["Machine Learning","Conserve Battery+1"],"picked":"Coolheaded+1","floor":48},{"not_picked":["Compile Driver","Leap+1"],"picked":"Skim+1","floor":54}],"player_experience":794541,"relics_obtained":[{"floor":7.0,"key":"Sundial"},{"floor":9.0,"key":"Toxic Egg 2"},{"floor":26,"key":"Symbiotic Virus"},{"floor":28,"key":"Cables"},{"floor":31,"key":"FossilizedHelix"},{"floor":38,"key":"Incense Burner"},{"floor":40,"key":"Bronze Scales"},{"floor":42,"key":"Ice Cream"},{"floor":48,"key":"Dream Catcher"},{"floor":54,"key":"Whetstone"}],"event_choices":[{"damage_healed":0.0,"max_hp_gain":0.0,"max_hp_loss":0.0,"gold_gain":0.0,"event_name":"Accursed Blacksmith","player_choice":"Rummage","floor":3.0,"gold_loss":0.0,"damage_taken":0.0,"relics_obtained":["WarpedTongs"],"cards_obtained":["Pain"]},{"damage_healed":0,"gold_gain":0,"cards_transformed":["Strike_B","Strike_B"],"player_choice":"Became Test Subject","damage_taken":0,"max_hp_gain":0,"max_hp_loss":0,"event_name":"Drug Dealer","floor":30,"gold_loss":0,"cards_obtained":["Lockon","Ball Lightning"]},{"damage_healed":0,"gold_gain":0,"player_choice":"Fight","damage_taken":0,"max_hp_gain":0,"max_hp_loss":0,"event_name":"Mysterious Sphere","floor":38,"gold_loss":0},{"cards_removed":["Strike_B"],"damage_healed":0,"gold_gain":0,"player_choice":"Removed Attack","damage_taken":0,"max_hp_gain":0,"max_hp_loss":0,"event_name":"Falling","floor":45,"gold_loss":0},{"damage_healed":0,"gold_gain":0,"player_choice":"Memory 1","damage_taken":0,"max_hp_gain":0,"max_hp_loss":0,"event_name":"SensoryStone","floor":46,"gold_loss":0}],"is_beta":true,"boss_relics":[{"not_picked":["Pandora\u0027s Box","Fusion Hammer"],"picked":"Sozu"},{"not_picked":["Astrolabe","Snecko Eye"],"picked":"FrozenCore"}],"items_purged_floors":[5],"is_endless":false,"potions_floor_spawned":[1,2,7,8,13,19,20,22,25,33,38,41,48],"ascension_level":15}