{"gold_per_floor":[114,189,189,199,214,214,19,49,72,72,91,19,19,31,31,106,106,119,93,93,93,113,113,127,127,153,153,185,114,114,114,114,185,185,204,214,214,1213,785,814,814,814,814,834,264,264,277,294,294,294,294,294,53,79,79],"floor_reached":56,"playtime":3460,"items_purged":["Normality","Strike_G","Normality"],"score":2175,"play_id":"1469ccac-743b-4d7c-b895-e752db32e2e3","local_time":"20190311105757","is_ascension_mode":true,"campfire_choices":[{"data":"Wraith Form v2","floor":6.0,"key":"SMITH"},{"floor":10.0,"key":"REST"},{"data":"Caltrops","floor":13.0,"key":"SMITH"},{"data":"Cloak And Dagger","floor":15.0,"key":"SMITH"},{"floor":23.0,"key":"REST"},{"data":"After Image","floor":25.0,"key":"SMITH"},{"data":"After Image","floor":27.0,"key":"SMITH"},{"data":"Leg Sweep","floor":30.0,"key":"SMITH"},{"data":"Well Laid Plans","floor":32.0,"key":"SMITH"},{"data":"Footwork","floor":41.0,"key":"SMITH"},{"floor":46.0,"key":"RECALL"},{"data":"Footwork","floor":49.0,"key":"SMITH"},{"data":"Burst","floor":52.0,"key":"SMITH"}],"neow_cost":"NONE","seed_source_timestamp":1435292004896412,"circlet_count":0,"master_deck":["AscendersBane","Defend_G","Defend_G","Defend_G","Defend_G","Defend_G","Strike_G","Strike_G","Strike_G","Strike_G","Survivor","Neutralize+1","Deadly Poison","Backflip","Wraith Form v2+1","Wraith Form v2+1","Finisher","Dodge and Roll","Deadly Poison","Caltrops+1","Cloak And Dagger+1","After Image+1","Dodge and Roll+1","Necronomicurse","After Image+1","Poisoned Stab","Well Laid Plans+1","PiercingWail+1","Deadly Poison","Leg Sweep+1","Burst+1","Acrobatics","Footwork+1","Corpse Explosion","Backflip","Acrobatics","Footwork+1","Deadly Poison","Dark Shackles","Acrobatics","Noxious Fumes+1"],"special_seed":0,"relics":["Ring of the Snake","DollysMirror","Smiling Mask","Dream Catcher","Eternal Feather","Necronomicon","Art of War","FossilizedHelix","Coffee Dripper","Potion Belt","Dead Branch","Mango","OrangePellets","Anchor"],"potions_floor_usage":[55,55,55],"damage_taken":[{"damage":5.0,"enemies":"Cultist","floor":1.0,"turns":6.0},{"damage":0.0,"enemies":"Small Slimes","floor":4.0,"turns":4.0},{"damage":0.0,"enemies":"Jaw Worm","floor":5.0,"turns":4.0},{"damage":33.0,"enemies":"Lagavulin","floor":8.0,"turns":11.0},{"damage":1.0,"enemies":"Looter","floor":11.0,"turns":5.0},{"damage":2.0,"enemies":"2 Fungi Beasts","floor":14.0,"turns":6.0},{"damage":32.0,"enemies":"The Guardian","floor":16.0,"turns":11.0},{"damage":5.0,"enemies":"Chosen","floor":18.0,"turns":6.0},{"damage":12.0,"enemies":"2 Thieves","floor":19.0,"turns":5.0},{"damage":10.0,"enemies":"Cultist and Chosen","floor":22.0,"turns":8.0},{"damage":19.0,"enemies":"Sentry and Sphere","floor":24.0,"turns":8.0},{"damage":27.0,"enemies":"Slavers","floor":28.0,"turns":11.0},{"damage":3.0,"enemies":"Champ","floor":33.0,"turns":19.0},{"damage":0.0,"enemies":"3 Shapes","floor":35.0,"turns":10.0},{"damage":0.0,"enemies":"Orb Walker","floor":36.0,"turns":7.0},{"damage":0.0,"enemies":"Nemesis","floor":40.0,"turns":13.0},{"damage":0.0,"enemies":"Jaw Worm Horde","floor":44.0,"turns":6.0},{"damage":11.0,"enemies":"Sphere and 2 Shapes","floor":47.0,"turns":9.0},{"damage":0.0,"enemies":"4 Shapes","floor":48.0,"turns":8.0},{"damage":0.0,"enemies":"Time Eater","floor":50.0,"turns":17.0},{"damage":0.0,"enemies":"Shield and Spear","floor":54.0,"turns":9.0},{"damage":0,"enemies":"The Heart","floor":55,"turns":10}],"seed_played":"6637704509930998955","potions_obtained":[{"floor":8.0,"key":"SkillPotion"},{"floor":11.0,"key":"Weak Potion"},{"floor":22.0,"key":"Dexterity Potion"},{"floor":35.0,"key":"GhostInAJar"},{"floor":44.0,"key":"EssenceOfSteel"},{"floor":54.0,"key":"SteroidPotion"}],"is_trial":false,"path_per_floor":["M","?","?","M","M","R","$","E","T","R","M","$","R","M","R","B",null,"M","M","?","?","M","R","M","R","T","R","E","$","R","$","R","B",null,"M","M","?","?","$","E","R","?","T","M","$","R","M","M","R","B",null,"R","$","E","B",null],"character_chosen":"THE_SILENT","items_purchased":["DollysMirror","Caltrops","Leg Sweep","Footwork","Corpse Explosion","Potion Belt","Mango","Footwork","Deadly Poison","SkillPotion","Dark Shackles","OrangePellets"],"campfire_rested":2,"item_purchase_floors":[7,12,29,39,39,39,45,45,45,45,45,53],"current_hp_per_floor":[60,49,49,49,49,49,49,16,16,37,36,36,36,34,34,2,55,50,38,17,17,7,43,24,39,39,54,27,27,45,45,63,60,69,69,69,69,69,69,69,72,68,68,68,82,82,71,71,82,82,82,82,82,82,82],"gold":79,"neow_bonus":"TEN_PERCENT_HP_BONUS","is_prod":false,"is_daily":false,"chose_seed":false,"campfire_upgraded":10,"win_rate":0,"timestamp":1552316277,"path_taken":["M","?","?","M","M","R","$","E","T","R","M","$","R","?","R","BOSS","M","M","?","?","M","R","?","R","T","R","E","?","R","?","R","BOSS","M","M","?","?","$","E","R","?","T","?","$","R","M","M","R","BOSS","R","$","E","BOSS"],"build_version":"2019-02-06","purchased_purges":3,"victory":true,"max_hp_per_floor":[72,72,72,72,72,72,72,72,72,72,72,72,72,72,72,72,72,72,72,72,72,72,72,72,72,72,72,72,72,72,72,72,72,72,72,72,72,72,72,72,72,68,68,68,82,82,82,82,82,82,82,82,82,82,82],"card_choices":[{"not_picked":["Prepared","Endless Agony"],"picked":"Deadly Poison","floor":1.0},{"not_picked":["Outmaneuver","Quick Slash"],"picked":"Backflip","floor":4.0},{"not_picked":["Expertise","Concentrate"],"picked":"Wraith Form v2","floor":5.0},{"not_picked":["Blade Dance","Storm of Steel"],"picked":"Finisher","floor":8.0},{"not_picked":["Quick Slash","All Out Attack"],"picked":"Dodge and Roll","floor":10.0},{"not_picked":["Sucker Punch","Quick Slash"],"picked":"Deadly Poison","floor":11.0},{"not_picked":["Bane","Backflip"],"picked":"Cloak And Dagger","floor":14.0},{"not_picked":["Storm of Steel","Corpse Explosion"],"picked":"After Image","floor":16.0},{"not_picked":["Bouncing Flask","Endless Agony","Concentrate"],"picked":"SKIP","floor":18.0},{"not_picked":["Outmaneuver","Flying Knee+1"],"picked":"Dodge and Roll+1","floor":19.0},{"not_picked":["Concentrate","Prepared"],"picked":"Poisoned Stab","floor":22.0},{"not_picked":["Poisoned Stab","Blade Dance"],"picked":"Well Laid Plans","floor":23.0},{"not_picked":["Deadly Poison","Dagger Spray+1"],"picked":"PiercingWail+1","floor":24.0},{"not_picked":["Flechettes","Bane"],"picked":"Deadly Poison","floor":28.0},{"not_picked":["Glass Knife","Grand Finale"],"picked":"Burst","floor":33.0},{"not_picked":["Sucker Punch","Outmaneuver"],"picked":"Prepared+1","floor":35.0},{"not_picked":["Accuracy","Backflip"],"picked":"Acrobatics","floor":36.0},{"not_picked":["Flying Knee","Masterful Stab+1"],"picked":"Backflip","floor":40.0},{"not_picked":["Deflect+1","Corpse Explosion"],"picked":"Acrobatics","floor":44.0},{"not_picked":["Poisoned Stab+1","Backflip"],"picked":"Acrobatics","floor":47.0},{"not_picked":["Dagger Throw","Choke"],"picked":"Noxious Fumes+1","floor":48.0},{"not_picked":["Dagger Spray","Underhanded Strike","Riddle With Holes"],"picked":"SKIP","floor":54.0}],"player_experience":797693,"relics_obtained":[{"floor":8.0,"key":"Smiling Mask"},{"floor":9.0,"key":"Dream Catcher"},{"floor":20.0,"key":"Necronomicon"},{"floor":26.0,"key":"Art of War"},{"floor":28.0,"key":"FossilizedHelix"},{"floor":40.0,"key":"Dead Branch"},{"floor":54.0,"key":"Anchor"}],"event_choices":[{"damage_healed":0.0,"max_hp_gain":0.0,"max_hp_loss":0.0,"gold_gain":75.0,"event_name":"World of Goop","player_choice":"Gather Gold","floor":2.0,"gold_loss":0.0,"damage_taken":11.0},{"damage_healed":0.0,"max_hp_gain":0.0,"max_hp_loss":0.0,"gold_gain":0.0,"event_name":"Living Wall","player_choice":"Grow","floor":3.0,"gold_loss":0.0,"damage_taken":0.0,"cards_upgraded":["Neutralize"]},{"damage_healed":0.0,"max_hp_gain":0.0,"max_hp_loss":0.0,"gold_gain":0.0,"event_name":"Cursed Tome","player_choice":"Obtained Book","floor":20.0,"gold_loss":0.0,"damage_taken":21.0},{"damage_healed":0.0,"max_hp_gain":0.0,"max_hp_loss":0.0,"gold_gain":0.0,"event_name":"Duplicator","player_choice":"Copied","floor":21.0,"gold_loss":0.0,"damage_taken":0.0,"cards_obtained":["After Image"]},{"cards_removed":["Prepared"],"damage_healed":0.0,"max_hp_gain":0.0,"max_hp_loss":0.0,"gold_gain":0.0,"event_name":"Falling","player_choice":"Removed Skill","floor":37.0,"gold_loss":0.0,"damage_taken":0.0},{"damage_healed":0.0,"max_hp_gain":0.0,"max_hp_loss":0.0,"gold_gain":999.0,"event_name":"MindBloom","player_choice":"Gold","floor":38.0,"gold_loss":0.0,"damage_taken":0.0,"cards_obtained":["Normality","Normality"]},{"damage_healed":0.0,"max_hp_gain":0.0,"max_hp_loss":4.0,"gold_gain":0.0,"event_name":"Winding Halls","player_choice":"Max HP","floor":42.0,"gold_loss":0.0,"damage_taken":0.0}],"is_beta":true,"boss_relics":[{"not_picked":["Lizard Tail","WristBlade"],"picked":"Eternal Feather"},{"not_picked":["Velvet Choker","Orrery"],"picked":"Coffee Dripper"}],"items_purged_floors":[39,45,53],"is_endless":false,"potions_floor_spawned":[8,11,14,16,22,24,33,35,36,44,54],"ascension_level":15}