{"path_per_floor":["M","M","?","$","M","R","M","?","T","?","R","E","R","E","R","B",null,"M","?","M","$","$","E","R","?","T","?","M","E","R","E","R","B",null,"M","?","$","?","?","R","E","?","T","M","E","M","R","M","R","B"],"character_chosen":"IRONCLAD","items_purchased":["Anchor","Rupture","Medical Kit","Flex"],"gold_per_floor":[117,134,134,59,69,69,84,108,158,158,158,185,185,213,213,308,308,327,327,339,94,57,92,92,92,92,92,103,138,138,164,164,266,266,282,282,64,64,64,64,96,96,96,109,143,162,162,172,172,172],"floor_reached":51,"campfire_rested":2,"playtime":2577,"current_hp_per_floor":[72,57,57,57,56,56,48,33,33,30,30,23,44,33,54,39,64,67,67,69,69,69,45,53,53,53,53,55,33,41,48,56,46,66,70,70,70,60,60,70,11,62,62,65,37,57,65,65,65,28],"items_purged":["Normality","Defend_R"],"gold":172,"play_id":"4e0255c0-ffa5-49ca-9979-a08d8d8ed3a2","is_prod":false,"is_daily":false,"is_ascension_mode":true,"campfire_upgraded":5,"path_taken":["M","M","?","?","?","R","M","?","T","?","R","E","R","E","R","BOSS","M","?","M","?","$","E","R","?","T","?","?","E","R","E","R","BOSS","M","?","$","?","?","R","E","?","T","M","E","M","R","?","R","BOSS"],"build_version":"2018-02-01-PROD3","purchased_purges":2,"victory":true,"master_deck":["Strike_R+1","Strike_R+1","Strike_R+1","Strike_R+1","Defend_R+1","Bash","Flex+1","Pommel Strike","Thunderclap","Brutality+1","Clash+1","Berserk+1","Uppercut","Double Tap+1","Clash","Reaper","Cleave+1","Flex+1","Rupture+1","Twin Strike","Clothesline+1","Twin Strike+1","Rupture+1","Flex+1","Madness+1","Madness+1","Perfected Strike+1","Metallicize","Clash+1","Uppercut+1"],"max_hp_per_floor":[72,72,72,72,72,72,72,72,72,72,72,72,72,72,72,72,72,72,72,72,72,72,72,72,72,72,72,72,72,72,72,72,72,72,72,72,72,72,72,72,72,62,62,65,65,65,65,65,65,65],"relics":["Black Blood","Toxic Egg 2","Odd Mushroom","Dream Catcher","Toolbox","Kunai","Blood Vial","Eternal Feather","Anchor","Ornamental Fan","Shovel","Molten Egg 2","Ice Cream","Orichalcum","Bag of Marbles","Medical Kit","Ancient Tea Set","Dead Branch","Happy Flower","Red Skull"],"card_choices":[{"not_picked":["Body Slam","Armaments"],"picked":"Flex"},{"not_picked":["Twin Strike","Ghostly Armor"],"picked":"Pommel Strike"},{"not_picked":["Body Slam","True Grit"],"picked":"Thunderclap"},{"not_picked":["Intimidate","Sword Boomerang"],"picked":"Brutality"},{"not_picked":["Thunderclap","Anger"],"picked":"Clash"},{"not_picked":["Evolve","Entrench"],"picked":"Berserk"},{"not_picked":["Cleave","Heavy Blade"],"picked":"Uppercut"},{"not_picked":["Evolve","Thunderclap"],"picked":"Double Tap"},{"not_picked":["Havoc","Thunderclap"],"picked":"Clash"},{"not_picked":["Fiend Fire","Impervious"],"picked":"Reaper"},{"not_picked":["Sword Boomerang","Iron Wave"],"picked":"Cleave"},{"not_picked":["Cleave","Havoc"],"picked":"Twin Strike"},{"not_picked":["Rampage","Body Slam"],"picked":"Clothesline"},{"not_picked":["Sever Soul","Shrug It Off"],"picked":"Twin Strike"},{"not_picked":["Heavy Blade","Anger"],"picked":"Rupture"},{"not_picked":["Corruption","Warcry"],"picked":"Perfected Strike"},{"not_picked":["Anger","Corruption"],"picked":"Metallicize"},{"not_picked":["Heavy Blade","Dark Embrace"],"picked":"Clash"},{"not_picked":["Havoc","Searing Blow"],"picked":"Uppercut"}],"player_experience":264222,"potions_floor_usage":[8,20,23,33,46,46,48,50],"damage_taken":[{"damage":6,"enemies":"Cultist","floor":1,"turns":3},{"damage":21,"enemies":"Blue Slaver","floor":2,"turns":3},{"damage":7,"enemies":"2 Louse","floor":5,"turns":3},{"damage":14,"enemies":"Red Slaver","floor":7,"turns":2},{"damage":21,"enemies":"The Mushroom Lair","floor":8,"turns":4},{"damage":13,"enemies":"Gremlin Nob","floor":12,"turns":3},{"damage":17,"enemies":"3 Sentries","floor":14,"turns":4},{"damage":23,"enemies":"The Guardian","floor":16,"turns":5},{"damage":5,"enemies":"Spheric Guardian","floor":18,"turns":3},{"damage":10,"enemies":"3 Byrds","floor":20,"turns":5},{"damage":33,"enemies":"Slavers","floor":23,"turns":3},{"damage":14,"enemies":"Centurion and Healer","floor":28,"turns":4},{"damage":35,"enemies":"Book of Stabbing","floor":29,"turns":4},{"damage":8,"enemies":"Slavers","floor":31,"turns":4},{"damage":33,"enemies":"Champ","floor":33,"turns":9},{"damage":8,"enemies":"3 Darklings","floor":35,"turns":3},{"damage":71,"enemies":"Nemesis","floor":41,"turns":7},{"damage":9,"enemies":"3 Shapes","floor":44,"turns":2},{"damage":38,"enemies":"2 Orb Walkers","floor":45,"turns":3},{"damage":0,"enemies":"3 Darklings","floor":46,"turns":3},{"damage":6,"enemies":"Sphere and 2 Shapes","floor":48,"turns":3},{"damage":71,"enemies":"Time Eater","floor":50,"turns":8}],"event_choices":[{"event_name":"Accursed Blacksmith","player_choice":"Rummage","floor":3,"damage_taken":0},{"event_name":"Mushrooms","player_choice":"Fought Mushrooms","floor":8,"damage_taken":0},{"event_name":"Scrap Ooze","player_choice":"success","floor":10,"damage_taken":3},{"event_name":"The Library","player_choice":"Read","floor":19,"damage_taken":0},{"event_name":"Drug Dealer","player_choice":"Ignored","floor":25,"damage_taken":0},{"event_name":"Back to Basics","player_choice":"Simplicity","floor":27,"damage_taken":0},{"event_name":"Tomb of Lord Red Mask","player_choice":"Ignored","floor":36,"damage_taken":0},{"event_name":"Winding Halls","player_choice":"Embrace Madness","floor":38,"damage_taken":0},{"event_name":"The Moai Head","player_choice":"Heal","floor":42,"damage_taken":0}],"boss_relics":[{"not_picked":["Velvet Choker","Philosopher\u0027s Stone"],"picked":"Eternal Feather"},{"not_picked":["Mark of Pain","Calling Bell"],"picked":"Black Blood"}],"potions_floor_spawned":[2,8,16,18,28,33,46,48],"seed_played":"-7887151636873054947","ascension_level":7,"is_trial":false}