{"gold_per_floor":[364,364,38,56,75,75,103,103,403,431,447,447,97,175,175,251,251,271,95,95,110,122,154,154,167,191,191,191,202,202,230,230,304,304,321,321,338,350,397,397,397,60,60,87,87,99,43,43,43,43],"floor_reached":51,"playtime":2793,"items_purged":["Pain","Strike_R"],"score":1383,"play_id":"16a554dd-78ee-46b9-a9f7-8024dbf40100","local_time":"20190409125208","is_ascension_mode":true,"campfire_choices":[{"data":"Spot Weakness","floor":6.0,"key":"SMITH"},{"floor":15.0,"key":"REST"},{"floor":24.0,"key":"REST"},{"data":"Inflame","floor":27.0,"key":"SMITH"},{"floor":30.0,"key":"REST"},{"data":"Sword Boomerang","floor":32.0,"key":"SMITH"},{"floor":40,"key":"REST"},{"floor":45,"key":"REST"},{"floor":49,"key":"REST"}],"neow_cost":"TEN_PERCENT_HP_LOSS","seed_source_timestamp":325398359416820,"circlet_count":0,"master_deck":["AscendersBane","Strike_R","Defend_R","Defend_R","Defend_R","Defend_R+1","Bash+1","Spot Weakness+1","Shrug It Off+1","Sword Boomerang+1","Reaper","Inflame+1","Decay","Shrug It Off","RitualDagger+1","Flame Barrier+1","Impervious+1","Burning Pact+1","Limit Break+1","Clothesline+1","Shrug It Off"],"special_seed":0,"relics":["Burning Blood","Singing Bowl","Blue Candle","Old Coin","Bag of Preparation","WarpedTongs","Matryoshka","Tiny Chest","Orichalcum","Velvet Choker","Question Card","Molten Egg 2","PreservedInsect","Bronze Scales","Astrolabe","War Paint","Gambling Chip","Shovel","Turnip"],"potions_floor_usage":[33,35,35,44,50,50],"damage_taken":[{"damage":5.0,"enemies":"Small Slimes","floor":1.0,"turns":3.0},{"damage":10.0,"enemies":"2 Louse","floor":4.0,"turns":4.0},{"damage":1.0,"enemies":"Cultist","floor":5.0,"turns":3.0},{"damage":11.0,"enemies":"Gremlin Nob","floor":7.0,"turns":3.0},{"damage":50.0,"enemies":"3 Sentries","floor":10.0,"turns":8.0},{"damage":6.0,"enemies":"Looter","floor":11.0,"turns":3.0},{"damage":39.0,"enemies":"Slime Boss","floor":16.0,"turns":13.0},{"damage":18.0,"enemies":"Shell Parasite","floor":18.0,"turns":5.0},{"damage":14.0,"enemies":"Spheric Guardian","floor":21.0,"turns":5.0},{"damage":29.0,"enemies":"Snake Plant","floor":22.0,"turns":4.0},{"damage":44.0,"enemies":"Book of Stabbing","floor":23.0,"turns":4.0},{"damage":13.0,"enemies":"Centurion and Healer","floor":25.0,"turns":6.0},{"damage":11.0,"enemies":"Sentry and Sphere","floor":29.0,"turns":5.0},{"damage":37.0,"enemies":"Slavers","floor":31.0,"turns":4.0},{"damage":46,"enemies":"Automaton","floor":33,"turns":10},{"damage":14,"enemies":"3 Shapes","floor":35,"turns":8},{"damage":0,"enemies":"Orb Walker","floor":37,"turns":2},{"damage":60,"enemies":"Jaw Worm Horde","floor":38,"turns":6},{"damage":107,"enemies":"Giant Head","floor":44,"turns":9},{"damage":34,"enemies":"Spire Growth","floor":46,"turns":6},{"damage":110,"enemies":"Awakened One","floor":50,"turns":9}],"seed_played":"8559022881437281598","potions_obtained":[{"floor":1.0,"key":"GamblersBrew"},{"floor":4.0,"key":"Explosive Potion"},{"floor":7.0,"key":"Weak Potion"},{"floor":11.0,"key":"Dexterity Potion"},{"floor":21.0,"key":"Regen Potion"},{"floor":25.0,"key":"SkillPotion"},{"floor":29.0,"key":"BloodPotion"},{"floor":31.0,"key":"SpeedPotion"},{"floor":33,"key":"SteroidPotion"},{"floor":35,"key":"Ancient Potion"},{"floor":38,"key":"Fire Potion"}],"is_trial":false,"path_per_floor":["?","?","M","?","T","?","?","?","T","?","M","$","?"],"character_chosen":"IRONCLAD","items_purchased":["Spot Weakness","Singing Bowl","Matryoshka","Inflame","Gambling Chip","Strength Potion"],"campfire_rested":6,"item_purchase_floors":[3,3,13,19,42,47],"current_hp_per_floor":[68,68,68,66,70,70,67,67,67,25,25,25,25,25,47,14,59,49,49,49,43,38,23,47,59,59,59,53,48,72,67,67,45,74,86,82,88,61,61,88,88,88,88,26,54,61,61,61,89,32],"gold":43,"neow_bonus":"TWO_FIFTY_GOLD","is_prod":false,"is_daily":false,"chose_seed":false,"campfire_upgraded":3,"win_rate":0,"timestamp":1554832328,"path_taken":["M","?","$","M","M","R","E","?","T","E","?","?","$","?","R","BOSS","M","$","?","M","M","E","R","M","T","R","?","M","R","E","R","BOSS","M","?","M","M","?","R","?","$","T","E","R","?","?","?","R","BOSS"],"build_version":"2019-01-23","purchased_purges":2,"victory":true,"max_hp_per_floor":[68,68,68,70,70,70,72,72,72,74,74,74,74,74,74,74,74,76,76,76,78,80,82,82,82,82,82,82,82,82,84,84,84,84,86,92,92,92,92,92,92,92,92,94,94,96,96,96,96,96],"card_choices":[{"not_picked":["Intimidate","Rupture","Heavy Blade"],"picked":"SKIP","floor":1.0},{"not_picked":["Evolve","Anger","Hemokinesis"],"picked":"Singing Bowl","floor":4.0},{"not_picked":["Perfected Strike","Disarm"],"picked":"Shrug It Off","floor":5.0},{"not_picked":["Infernal Blade","Reckless Charge","Intimidate"],"picked":"Singing Bowl","floor":7.0},{"not_picked":["Corruption","Anger","Iron Wave"],"picked":"Singing Bowl","floor":10.0},{"not_picked":["Sentinel","Anger"],"picked":"Sword Boomerang","floor":11.0},{"not_picked":["Demon Form","Dark Embrace"],"picked":"Reaper","floor":16.0},{"not_picked":["Warcry","Sentinel","Wild Strike"],"picked":"Singing Bowl","floor":18.0},{"not_picked":["Whirlwind","Armaments","Sentinel"],"picked":"Singing Bowl","floor":21.0},{"not_picked":["Infernal Blade","Rage","Wild Strike"],"picked":"Singing Bowl","floor":22.0},{"not_picked":["Juggernaut","Feel No Pain","Clash"],"picked":"Singing Bowl","floor":23.0},{"not_picked":["Intimidate","Second Wind","Warcry"],"picked":"Shrug It Off","floor":25.0},{"not_picked":["Clothesline+1","Pommel Strike+1","Headbutt+1"],"picked":"Flame Barrier+1","floor":29.0},{"not_picked":["Pommel Strike+1","Clash+1","Dropkick+1","Pummel+1"],"picked":"Singing Bowl","floor":31.0},{"not_picked":["Immolate+1","Feed+1","Fiend Fire+1"],"picked":"Impervious","floor":33},{"not_picked":["Corruption","Flex","Wild Strike+1","Carnage+1"],"picked":"Singing Bowl","floor":35},{"not_picked":["Mind Blast+1","Apotheosis","Purity","Enlightenment"],"picked":"Singing Bowl","floor":36},{"not_picked":["Madness","Metamorphosis","Purity","Mind Blast+1"],"picked":"Singing Bowl","floor":36},{"not_picked":["Enlightenment","Mind Blast+1","Trip","Chrysalis"],"picked":"Singing Bowl","floor":36},{"not_picked":["Searing Blow+1","Disarm","True Grit"],"picked":"Clothesline+1","floor":37},{"not_picked":["True Grit","Combust","Perfected Strike+1"],"picked":"Shrug It Off","floor":38},{"not_picked":["Clothesline+1","Headbutt+1","Burning Pact","Clash+1"],"picked":"Singing Bowl","floor":44},{"not_picked":["Pummel+1","Dropkick+1","Disarm","Armaments"],"picked":"Singing Bowl","floor":46}],"player_experience":370705,"relics_obtained":[{"floor":7.0,"key":"Blue Candle"},{"floor":9.0,"key":"Old Coin"},{"floor":10.0,"key":"Bag of Preparation"},{"floor":14.0,"key":"Tiny Chest"},{"floor":14.0,"key":"Orichalcum"},{"floor":23.0,"key":"Question Card"},{"floor":26.0,"key":"Molten Egg 2"},{"floor":26.0,"key":"PreservedInsect"},{"floor":31.0,"key":"Bronze Scales"},{"floor":39,"key":"War Paint"},{"floor":43,"key":"Shovel"},{"floor":44,"key":"Turnip"}],"event_choices":[{"damage_healed":0.0,"max_hp_gain":0.0,"max_hp_loss":0.0,"gold_gain":0.0,"event_name":"Living Wall","player_choice":"Grow","floor":2.0,"gold_loss":0.0,"damage_taken":0.0,"cards_upgraded":["Bash"]},{"damage_healed":0.0,"max_hp_gain":0.0,"max_hp_loss":0.0,"gold_gain":0.0,"event_name":"Upgrade Shrine","player_choice":"Upgraded","floor":8.0,"gold_loss":0.0,"damage_taken":0.0,"cards_upgraded":["Shrug It Off"]},{"damage_healed":0.0,"max_hp_gain":0.0,"max_hp_loss":0.0,"gold_gain":0.0,"event_name":"Accursed Blacksmith","player_choice":"Rummage","floor":12.0,"gold_loss":0.0,"damage_taken":0.0,"relics_obtained":["WarpedTongs"],"cards_obtained":["Pain"]},{"damage_healed":0.0,"max_hp_gain":0.0,"max_hp_loss":0.0,"gold_gain":0.0,"event_name":"Forgotten Altar","player_choice":"Smashed Altar","floor":20.0,"gold_loss":0.0,"damage_taken":0.0,"cards_obtained":["Decay"]},{"damage_healed":0.0,"max_hp_gain":0.0,"max_hp_loss":0.0,"gold_gain":0.0,"event_name":"Nest","player_choice":"Joined the Cult","floor":28.0,"gold_loss":0.0,"damage_taken":6.0,"cards_obtained":["RitualDagger"]},{"damage_healed":0,"gold_gain":0,"player_choice":"Memory 3","damage_taken":10,"max_hp_gain":0,"max_hp_loss":0,"event_name":"SensoryStone","floor":36,"gold_loss":0},{"damage_healed":0,"gold_gain":0,"player_choice":"Ignored","damage_taken":0,"max_hp_gain":0,"max_hp_loss":0,"event_name":"Tomb of Lord Red Mask","floor":41,"gold_loss":0},{"cards_removed":["Thunderclap"],"damage_healed":0,"gold_gain":0,"player_choice":"Removed Attack","damage_taken":0,"max_hp_gain":0,"max_hp_loss":0,"event_name":"Falling","floor":48,"gold_loss":0}],"is_beta":false,"boss_relics":[{"not_picked":["Runic Cube","Empty Cage"],"picked":"Velvet Choker"},{"not_picked":["Eternal Feather","Fusion Hammer"],"picked":"Astrolabe"}],"items_purged_floors":[13,19],"is_endless":false,"potions_floor_spawned":[1,4,7,11,21,25,29,31,33,35,38],"ascension_level":19}