{"path_per_floor":["M","M","$","M","M","E","M","E","T","R","M","R","M","M","R","B",null,"M","?","?","M","$","R","M","E","T","E","R","M","M","$","R","B",null,"M","$","M","M","M","R","E","R","T","$","M","?","M","M","R","B"],"character_chosen":"DEFECT","items_purchased":["Leap","Strawberry","Gash","Bag of Preparation","Coolheaded","Gash","Block Potion","Fission"],"gold_per_floor":[214,231,56,73,43,71,84,117,117,117,131,131,147,160,160,234,234,250,250,250,266,31,31,41,66,66,101,101,112,126,51,51,126,126,138,8,24,38,51,51,85,85,85,6,19,19,29,48,48,48],"floor_reached":51,"campfire_rested":7,"playtime":2654,"current_hp_per_floor":[53,45,52,48,42,40,34,12,12,35,23,23,19,13,36,10,61,39,39,23,6,6,17,31,3,3,3,14,14,14,14,25,25,36,21,21,20,20,18,29,20,31,31,31,39,39,39,39,39,39],"items_purged":["Strike_B"],"gold":48,"score":1499,"play_id":"7adafba2-cdef-4494-8f84-b8a3d199fad1","local_time":"20180513232821","is_prod":false,"is_daily":false,"chose_seed":false,"is_ascension_mode":true,"campfire_upgraded":2,"timestamp":1526225301,"path_taken":["M","M","$","M","M","E","M","E","T","R","M","R","M","M","R","BOSS","M","?","?","?","$","R","M","E","T","E","R","M","M","$","R","BOSS","M","$","M","M","M","R","E","R","T","$","?","?","M","M","R","BOSS"],"build_version":"2018-05-12v2","seed_source_timestamp":296556813813276,"purchased_purges":1,"victory":true,"master_deck":["Strike_B","Strike_B","Defend_B","Defend_B","Defend_B","Defend_B","Zap","Dualcast","AscendersBane","Sweeping Beam","Rebound","Leap","Chill","Cold Snap","Seek","Capacitor","Defragment+1","Turbo","Gash","Scrape","Conserve Battery","Echo Form","Gash+1","Ghostly","Ghostly","Ghostly","Ghostly","Ghostly","Gash","Coolheaded","Chaos+1","Fusion","Force Field","Echo Form","Gash+1","Glacier","Fission+1","Coolheaded+1","Biased Cognition","Reboot+1","Glacier+1"],"max_hp_per_floor":[71,71,78,78,78,78,78,78,78,78,78,78,78,78,78,78,78,78,39,39,39,39,39,39,39,39,39,39,39,39,39,39,39,39,39,39,39,39,39,39,39,39,39,39,39,39,39,39,39,39],"relics":["Cracked Core","Strawberry","Calipers","Prayer Wheel","Mercury Hourglass","Snecko Eye","Nilry\u0027s Codex","Bag of Preparation","Emotion Chip","Du-Vu Doll","Letter Opener","Runic Dome","Ice Cream","Toxic Egg 2"],"card_choices":[{"not_picked":["Steam","Beam Cell"],"picked":"Sweeping Beam","floor":1.0},{"not_picked":["Axe Kick","Barrage"],"picked":"Rebound","floor":2.0},{"not_picked":["Rebound","Leap"],"picked":"Chill","floor":4.0},{"not_picked":["Lockon","Stack"],"picked":"Cold Snap","floor":5.0},{"not_picked":["Skim","Beam Cell"],"picked":"Seek","floor":6.0},{"not_picked":["Hologram","Axe Kick"],"picked":"Capacitor","floor":7.0},{"not_picked":["Coolheaded","Stack"],"picked":"Defragment","floor":8.0},{"not_picked":["Rebound","Darkness"],"picked":"Turbo","floor":9.0},{"not_picked":["Ball Lightning","Reboot"],"picked":"Gash","floor":11.0},{"not_picked":["Steam","Rebound"],"picked":"Scrape","floor":13.0},{"not_picked":["Chaos","Capacitor"],"picked":"Conserve Battery","floor":14.0},{"not_picked":["Biased Cognition","Thunder Strike"],"picked":"Echo Form","floor":16.0},{"not_picked":["Barrage","Beam Cell"],"picked":"Gash+1","floor":18.0},{"not_picked":["Turbo","Axe Kick","Stack"],"picked":"SKIP","floor":21.0},{"not_picked":["Ball Lightning","Tempest","Cold Snap"],"picked":"SKIP","floor":24.0},{"not_picked":["Steam","Barrage","Impulse"],"picked":"SKIP","floor":25.0},{"not_picked":["Turbo","Leap"],"picked":"Chaos+1","floor":26.0},{"not_picked":["Turbo","Beam Cell"],"picked":"Fusion","floor":27.0},{"not_picked":["Chill","Ball Lightning","Rebound"],"picked":"SKIP","floor":29.0},{"not_picked":["Conserve Battery","Turbo"],"picked":"Force Field","floor":30.0},{"not_picked":["Hyperbeam","Amplify"],"picked":"Echo Form","floor":33.0},{"not_picked":["Hello World","Skim","Streamline"],"picked":"SKIP","floor":35.0},{"not_picked":["Ball Lightning","Static Discharge","Beam Cell"],"picked":"SKIP","floor":37.0},{"not_picked":["Coolheaded","Ball Lightning+1","Turbo"],"picked":"SKIP","floor":38.0},{"not_picked":["Turbo+1","Redo+1"],"picked":"Glacier","floor":39.0},{"not_picked":["BootSequence","Beam Cell","Chill"],"picked":"SKIP","floor":41.0},{"not_picked":["Barrage","Stack","Go for the Eyes"],"picked":"SKIP","floor":43.0},{"not_picked":["Hello World","Self Repair"],"picked":"Coolheaded+1","floor":45.0},{"not_picked":["Axe Kick+1","Rip and Tear+1"],"picked":"Reboot+1","floor":47.0},{"not_picked":["Conserve Battery+1","Hologram+1"],"picked":"Glacier+1","floor":48.0}],"player_experience":983150,"potions_floor_usage":[50],"damage_taken":[{"damage":11.0,"enemies":"Small Slimes","floor":1.0,"turns":5.0},{"damage":8.0,"enemies":"Jaw Worm","floor":2.0,"turns":4.0},{"damage":4.0,"enemies":"2 Louse","floor":4.0,"turns":2.0},{"damage":6.0,"enemies":"Looter","floor":5.0,"turns":4.0},{"damage":2.0,"enemies":"3 Sentries","floor":6.0,"turns":6.0},{"damage":6.0,"enemies":"Exordium Thugs","floor":7.0,"turns":7.0},{"damage":22.0,"enemies":"Gremlin Nob","floor":8.0,"turns":5.0},{"damage":12.0,"enemies":"Gremlin Gang","floor":11.0,"turns":4.0},{"damage":4.0,"enemies":"3 Louse","floor":13.0,"turns":3.0},{"damage":6.0,"enemies":"Exordium Thugs","floor":14.0,"turns":3.0},{"damage":26.0,"enemies":"Slime Boss","floor":16.0,"turns":14.0},{"damage":22.0,"enemies":"Spheric Guardian","floor":18.0,"turns":4.0},{"damage":17.0,"enemies":"2 Thieves","floor":21.0,"turns":5.0},{"damage":0.0,"enemies":"Centurion and Healer","floor":24.0,"turns":9.0},{"damage":28.0,"enemies":"Gremlin Leader","floor":25.0,"turns":10.0},{"damage":0.0,"enemies":"Slavers","floor":27.0,"turns":5.0},{"damage":0.0,"enemies":"Cultist and Chosen","floor":29.0,"turns":6.0},{"damage":0.0,"enemies":"3 Cultists","floor":30.0,"turns":6.0},{"damage":0.0,"enemies":"Champ","floor":33.0,"turns":15.0},{"damage":15.0,"enemies":"3 Shapes","floor":35.0,"turns":4.0},{"damage":1.0,"enemies":"Orb Walker","floor":37.0,"turns":5.0},{"damage":0.0,"enemies":"Spire Growth","floor":38.0,"turns":5.0},{"damage":2.0,"enemies":"Sphere and 2 Shapes","floor":39.0,"turns":6.0},{"damage":9.0,"enemies":"Giant Head","floor":41.0,"turns":8.0},{"damage":0.0,"enemies":"Flame Bruiser 2 Orb","floor":45.0,"turns":8.0},{"damage":0.0,"enemies":"Maw","floor":47.0,"turns":7.0},{"damage":0.0,"enemies":"Sphere and 2 Shapes","floor":48.0,"turns":5.0},{"damage":0,"enemies":"Awakened One","floor":50,"turns":12}],"event_choices":[{"event_name":"Ghosts","player_choice":"Became a Ghost","floor":19.0,"damage_taken":0.0},{"event_name":"Cursed Tome","player_choice":"Obtained Book","floor":20.0,"damage_taken":0.0},{"event_name":"Transmorgrifier","player_choice":"Transform","floor":46.0,"damage_taken":0.0}],"boss_relics":[],"potions_floor_spawned":[2,4,8,11,25,29,30,33,35,41,47,48],"seed_played":"-6379631394046177043","ascension_level":14,"is_trial":false}