{"path_per_floor":["M","M","M","M","?","R","M","E","T","M","E","R","$","M","R","B",null,"M","$","?","?","M","E","R"],"character_chosen":"DEFECT","items_purchased":["Singing Bowl","Double Energy","Defragment","Leap"],"gold_per_floor":[217,228,241,251,251,251,262,291,318,334,394,394,23,42,42,138,138,63,14,14,14,25,53,53,53],"floor_reached":25,"campfire_rested":2,"playtime":859,"current_hp_per_floor":[66,59,56,50,32,54,54,32,32,39,17,54,54,65,65,56,72,42,42,42,67,42,52,52,0],"items_purged":["Strike_B"],"gold":53,"score":312,"play_id":"f3e69ec3-0c25-48c2-b5bc-5b1fe3f315cd","local_time":"20180506144522","is_prod":false,"is_daily":false,"chose_seed":false,"is_ascension_mode":true,"campfire_upgraded":2,"timestamp":1525589122,"path_taken":["M","M","M","M","?","R","M","E","T","M","E","R","$","M","R","BOSS","M","$","?","?","M","E","R","E"],"build_version":"2018-05-03","seed_source_timestamp":0,"purchased_purges":1,"victory":false,"master_deck":["Strike_B","Strike_B","Defend_B","Defend_B","Defend_B","Defend_B","Zap","Dualcast","Sunder","Turbo","Self Repair","Sweeping Beam","Self Repair","Chaos","Reboot","Defragment","Double Energy+1","Defragment+1","Creative AI","Blizzard","Leap","Skim","Consume"],"max_hp_per_floor":[75,75,75,75,75,75,75,75,75,75,75,75,75,77,77,77,77,77,77,77,77,77,77,77,77],"relics":["Cracked Core","Shuriken","Regal Pillow","Orichalcum","Tiny Chest","Singing Bowl","Lizard Tail","Smiling Mask"],"card_choices":[{"not_picked":["Sweeping Beam","Rebound"],"picked":"Sunder","floor":1.0},{"not_picked":["Undo","Coolheaded"],"picked":"Turbo","floor":2.0},{"not_picked":["Rebound","Ball Lightning"],"picked":"Self Repair","floor":3.0},{"not_picked":["Hologram","Turbo"],"picked":"Sweeping Beam","floor":4.0},{"not_picked":["Heatsinks","Turbo"],"picked":"Self Repair","floor":7.0},{"not_picked":["Streamline","Blizzard"],"picked":"Chaos","floor":8.0},{"not_picked":["Skim","Streamline"],"picked":"Reboot","floor":10.0},{"not_picked":["Axe Kick","Auto Shields"],"picked":"Defragment","floor":11.0},{"not_picked":["Thunder Strike","Machine Learning"],"picked":"Creative AI","floor":16.0},{"not_picked":["Hologram","Rebound"],"picked":"Blizzard","floor":18.0},{"not_picked":["Beam Cell","Doom and Gloom"],"picked":"Skim","floor":22.0},{"not_picked":["Turbo","FTL"],"picked":"Consume","floor":23}],"player_experience":954039,"potions_floor_usage":[23,23],"damage_taken":[{"damage":2.0,"enemies":"Jaw Worm","floor":1.0,"turns":3.0},{"damage":7.0,"enemies":"2 Louse","floor":2.0,"turns":2.0},{"damage":3.0,"enemies":"Small Slimes","floor":3.0,"turns":3.0},{"damage":13.0,"enemies":"Red Slaver","floor":4.0,"turns":4.0},{"damage":7.0,"enemies":"2 Fungi Beasts","floor":7.0,"turns":3.0},{"damage":36.0,"enemies":"Gremlin Nob","floor":8.0,"turns":5.0},{"damage":7.0,"enemies":"Looter","floor":10.0,"turns":4.0},{"damage":36.0,"enemies":"Lagavulin","floor":11.0,"turns":7.0},{"damage":5.0,"enemies":"Exordium Thugs","floor":14.0,"turns":4.0},{"damage":23.0,"enemies":"Slime Boss","floor":16.0,"turns":8.0},{"damage":37.0,"enemies":"2 Thieves","floor":18.0,"turns":5.0},{"damage":39.0,"enemies":"Spheric Guardian","floor":22.0,"turns":6.0},{"damage":43,"enemies":"Slavers","floor":23,"turns":5},{"damage":57,"enemies":"Gremlin Leader","floor":25,"turns":4}],"event_choices":[{"event_name":"Scrap Ooze","player_choice":"success","floor":5.0,"damage_taken":18.0},{"event_name":"Purifier","player_choice":"One Purge","floor":20.0,"damage_taken":0.0},{"event_name":"The Library","player_choice":"Heal","floor":21.0,"damage_taken":0.0}],"boss_relics":[],"potions_floor_spawned":[7,8,11,16],"seed_played":"2923172059944990662","killed_by":"Gremlin Leader","ascension_level":7,"is_trial":false}