{"gold_per_floor":[109,109,109,128,144,175,194,194,194,4,30,50,50],"floor_reached":13,"playtime":419,"items_purged":[],"score":166,"play_id":"8493910a-35b2-476f-a1b7-2f2f13febf16","local_time":"20190305194321","is_ascension_mode":true,"campfire_choices":[{"floor":8.0,"key":"REST"}],"neow_cost":"NONE","seed_source_timestamp":955234471580829,"circlet_count":0,"master_deck":["AscendersBane","Strike_B","Strike_B","Strike_B","Strike_B","Defend_B","Defend_B+1","Defend_B","Defend_B","Zap","Dualcast","Dramatic Entrance+1","White Noise","Coolheaded","Ball Lightning","Beam Cell","Capacitor","Reboot+1","Loop","Double Energy+1"],"special_seed":0,"relics":["Cracked Core","Happy Flower","Toxic Egg 2","Letter Opener"],"potions_floor_usage":[11],"damage_taken":[{"damage":2.0,"enemies":"Jaw Worm","floor":1.0,"turns":2.0},{"damage":0.0,"enemies":"Small Slimes","floor":4.0,"turns":2.0},{"damage":0.0,"enemies":"2 Louse","floor":5.0,"turns":2.0},{"damage":26.0,"enemies":"Lagavulin","floor":6.0,"turns":8.0},{"damage":11.0,"enemies":"Looter","floor":7.0,"turns":3.0},{"damage":10,"enemies":"Gremlin Nob","floor":11,"turns":3},{"damage":3,"enemies":"Blue Slaver","floor":12,"turns":2},{"damage":17,"enemies":"Lagavulin","floor":13,"turns":3}],"seed_played":"-3904288699911544935","potions_obtained":[{"floor":1.0,"key":"AttackPotion"},{"floor":5.0,"key":"Explosive Potion"},{"floor":7.0,"key":"GamblersBrew"}],"is_trial":false,"path_per_floor":["M","?","?","M","M","E","M","R","T","$","E","M","E"],"character_chosen":"DEFECT","items_purchased":["Capacitor","Reboot+1"],"campfire_rested":1,"item_purchase_floors":[10,10],"current_hp_per_floor":[62,62,41,41,41,15,4,25,25,25,15,12,0],"gold":50,"neow_bonus":"RANDOM_COLORLESS","is_prod":false,"is_daily":false,"chose_seed":false,"campfire_upgraded":0,"win_rate":0,"timestamp":1551833001,"path_taken":["M","?","?","M","M","E","M","R","T","?","E","M","E"],"build_version":"2019-02-06","purchased_purges":0,"victory":false,"max_hp_per_floor":[71,71,71,71,71,71,71,71,71,71,71,71,71],"card_choices":[{"not_picked":["Streamline","Gash"],"picked":"White Noise","floor":1.0},{"not_picked":["Hologram","Rebound"],"picked":"Coolheaded","floor":4.0},{"not_picked":["Redo","Barrage","Aggregate"],"picked":"SKIP","floor":5.0},{"not_picked":["Reprogram","Turbo"],"picked":"Ball Lightning","floor":6.0},{"not_picked":["Steam","Lockon"],"picked":"Beam Cell","floor":7.0},{"not_picked":["Rebound","Coolheaded+1"],"picked":"Loop","floor":11},{"not_picked":["Ball Lightning","Doom and Gloom"],"picked":"Double Energy+1","floor":12}],"player_experience":762069,"relics_obtained":[{"floor":6.0,"key":"Happy Flower"},{"floor":9.0,"key":"Toxic Egg 2"},{"floor":11,"key":"Letter Opener"}],"event_choices":[{"damage_healed":0.0,"max_hp_gain":0.0,"max_hp_loss":0.0,"gold_gain":0.0,"event_name":"Liars Game","player_choice":"Ignored","floor":2.0,"gold_loss":0.0,"damage_taken":0.0},{"damage_healed":0.0,"max_hp_gain":0.0,"max_hp_loss":0.0,"gold_gain":0.0,"event_name":"Shining Light","player_choice":"Entered Light","floor":3.0,"gold_loss":0.0,"damage_taken":21.0,"cards_upgraded":["Dramatic Entrance","Defend_B"]}],"is_beta":true,"boss_relics":[],"items_purged_floors":[],"is_endless":false,"potions_floor_spawned":[1,5,7],"killed_by":"Lagavulin","ascension_level":15}