{"path_per_floor":["M","?","M","M","M","R","M","R","T","R","E","$","R","?","R","B",null,"M","M","?","?","$","E","?","R","T","R","E"],"character_chosen":"IRONCLAD","items_purchased":["Pen Nib","Flex"],"gold_per_floor":[111,111,123,138,154,154,170,170,170,170,196,16,16,16,16,112,112,128,140,140,140,22,53,53,53,53,53,82],"floor_reached":29,"campfire_rested":1,"playtime":1147,"current_hp_per_floor":[80,80,77,71,49,49,49,49,49,49,40,40,40,40,40,7,80,58,43,43,43,43,38,38,38,38,62,15],"items_purged":["Regret","Defend_R"],"gold":82,"play_id":"6d3fd2b9-f281-4a15-b823-6ad5a7b76a6e","is_prod":false,"is_daily":false,"is_ascension_mode":true,"campfire_upgraded":6,"path_taken":["M","?","M","M","M","R","M","R","T","R","E","$","R","?","R","BOSS","M","M","?","?","$","E","?","R","T","R","E","M"],"build_version":"2018-01-25-PROD3","purchased_purges":2,"victory":false,"master_deck":["Strike_R","Strike_R","Strike_R","Strike_R","Strike_R+1","Defend_R","Defend_R","Defend_R","Bash+1","Heavy Blade+1","Cleave+1","Spot Weakness+1","Berserk","Battle Trance+1","Clash+1","Flex+1","Flex"],"max_hp_per_floor":[80,80,80,80,80,80,80,80,80,80,80,80,80,80,80,80,80,80,80,80,80,80,80,80,80,80,80,80],"relics":["Burning Blood","Vajra","The Courier","Bird Faced Urn","Mercury Hourglass","Pen Nib","Black Star","Bronze Scales","Art of War","Du-Vu Doll","Self Forming Clay","Matryoshka"],"card_choices":[{"not_picked":["True Grit","Body Slam"],"picked":"Heavy Blade"},{"not_picked":["Metallicize","Spot Weakness"],"picked":"Cleave"},{"not_picked":["Havoc","Ghostly Armor"],"picked":"Spot Weakness"},{"not_picked":["Barricade","Reaper"],"picked":"Berserk"},{"not_picked":["Twin Strike","Iron Wave"],"picked":"Battle Trance"},{"not_picked":["Armaments","Body Slam"],"picked":"Clash"},{"not_picked":["Wild Strike","Corruption"],"picked":"Flex"}],"player_experience":188745,"potions_floor_usage":[16,19,29],"damage_taken":[{"damage":0.0,"enemies":"Small Slimes","floor":1.0,"turns":3.0},{"damage":9.0,"enemies":"2 Louse","floor":3.0,"turns":3.0},{"damage":12.0,"enemies":"Jaw Worm","floor":4.0,"turns":2.0},{"damage":28.0,"enemies":"Exordium Wildlife","floor":5.0,"turns":4.0},{"damage":6.0,"enemies":"3 Louse","floor":7.0,"turns":2.0},{"damage":15.0,"enemies":"3 Sentries","floor":11.0,"turns":4.0},{"damage":39,"enemies":"Hexaghost","floor":16,"turns":8},{"damage":28,"enemies":"2 Thieves","floor":18,"turns":3},{"damage":23,"enemies":"Shell Parasite","floor":19,"turns":3},{"damage":13,"enemies":"Gremlin Leader","floor":23,"turns":4},{"damage":55,"enemies":"Book of Stabbing","floor":28,"turns":5},{"damage":19,"enemies":"Snake Plant","floor":29,"turns":1}],"event_choices":[{"event_name":"Big Fish","player_choice":"Box","floor":2.0,"damage_taken":0.0},{"event_name":"Liars Game","player_choice":"disagreed","floor":14.0,"damage_taken":0.0},{"event_name":"N\u0027loth","player_choice":"Ignored","floor":20,"damage_taken":0},{"event_name":"Upgrade Shrine","player_choice":"Upgraded","floor":21,"damage_taken":0},{"event_name":"Beggar","player_choice":"Ignored","floor":24,"damage_taken":0}],"boss_relics":[{"not_picked":["Runic Dome","Lizard Tail"],"picked":"Black Star"}],"potions_floor_spawned":[7,11,18,28],"seed_played":"-19161698849776956","killed_by":"Snake Plant","ascension_level":2,"is_trial":false}