{"gold_per_floor":[118,137,137,151,162,190,205,205,205,231,247,197,225,254,254,350,350,364,377,377,377,60,87,98,112,137,157,157,3,16,28,28,129,129,143,143,153,173,173,173,199,209,232,232,244,254,282,282,282,282,282,282,34,64,64],"floor_reached":55,"playtime":12921,"items_purged":["Recycle","Parasite"],"score":900,"play_id":"bf7836ff-8b76-46a7-a477-62d3f3a057e1","local_time":"20190420223332","is_ascension_mode":true,"campfire_choices":[{"floor":8.0,"key":"REST"},{"floor":15.0,"key":"REST"},{"data":"Fission","floor":28.0,"key":"SMITH"},{"floor":32.0,"key":"REST"},{"floor":40.0,"key":"RECALL"},{"floor":49.0,"key":"REST"},{"floor":52.0,"key":"REST"}],"neow_cost":"","seed_source_timestamp":0,"circlet_count":0,"master_deck":["Zap","Dualcast","FTL","Electrodynamics","FTL","FTL","Conserve Battery","Reprogram","Machine Learning","Conserve Battery","Capacitor","Chaos","Cold Snap","Fission+1","Hologram+1","BootSequence","Reinforced Body","Loop","Ghostly Armor+1","Battle Trance","Rampage+1","Discovery","Trip","Redo+1","Madness","Madness","Reinforced Body+1"],"special_seed":0,"relics":["Cracked Core","Bag of Preparation","StoneCalendar","Singing Bowl","Turnip","Odd Mushroom","Pandora\u0027s Box","Nilry\u0027s Codex","PrismaticShard","Happy Flower","Blood Vial","Ancient Tea Set","Fusion Hammer","PreservedInsect","Letter Opener","Pen Nib","Mercury Hourglass"],"potions_floor_usage":[55],"damage_taken":[{"damage":0.0,"enemies":"2 Louse","floor":1.0,"turns":3.0},{"damage":2.0,"enemies":"Jaw Worm","floor":2.0,"turns":4.0},{"damage":0.0,"enemies":"Cultist","floor":4.0,"turns":2.0},{"damage":3.0,"enemies":"2 Fungi Beasts","floor":5.0,"turns":3.0},{"damage":13.0,"enemies":"3 Sentries","floor":6.0,"turns":4.0},{"damage":3.0,"enemies":"Blue Slaver","floor":7.0,"turns":3.0},{"damage":16.0,"enemies":"Lagavulin","floor":10.0,"turns":4.0},{"damage":7.0,"enemies":"Looter","floor":11.0,"turns":3.0},{"damage":2.0,"enemies":"3 Sentries","floor":13.0,"turns":3.0},{"damage":4.0,"enemies":"The Mushroom Lair","floor":14.0,"turns":2.0},{"damage":13.0,"enemies":"Slime Boss","floor":16.0,"turns":6.0},{"damage":11.0,"enemies":"Shell Parasite","floor":18.0,"turns":6.0},{"damage":5.0,"enemies":"3 Byrds","floor":19.0,"turns":5.0},{"damage":14.0,"enemies":"Slavers","floor":23.0,"turns":5.0},{"damage":1.0,"enemies":"Snake Plant","floor":24.0,"turns":6.0},{"damage":5.0,"enemies":"Snecko","floor":25.0,"turns":7.0},{"damage":0.0,"enemies":"3 Cultists","floor":27.0,"turns":3.0},{"damage":9.0,"enemies":"Centurion and Healer","floor":30.0,"turns":3.0},{"damage":0.0,"enemies":"Snake Plant","floor":31.0,"turns":5.0},{"damage":11.0,"enemies":"Champ","floor":33.0,"turns":14.0},{"damage":0.0,"enemies":"3 Shapes","floor":35.0,"turns":3.0},{"damage":0.0,"enemies":"3 Darklings","floor":37.0,"turns":3.0},{"damage":7.0,"enemies":"Spire Growth","floor":38.0,"turns":5.0},{"damage":0.0,"enemies":"Reptomancer","floor":41.0,"turns":5.0},{"damage":0.0,"enemies":"4 Shapes","floor":42.0,"turns":4.0},{"damage":10.0,"enemies":"Writhing Mass","floor":45.0,"turns":7.0},{"damage":10.0,"enemies":"Maw","floor":46.0,"turns":7.0},{"damage":1.0,"enemies":"Giant Head","floor":47.0,"turns":5.0},{"damage":30.0,"enemies":"Time Eater","floor":50.0,"turns":14.0},{"damage":49,"enemies":"Shield and Spear","floor":54,"turns":5},{"damage":61,"enemies":"The Heart","floor":55,"turns":9}],"seed_played":"39436159730953609","potions_obtained":[{"floor":1.0,"key":"PowerPotion"},{"floor":4.0,"key":"AttackPotion"},{"floor":5.0,"key":"Weak Potion"},{"floor":7.0,"key":"SneckoOil"},{"floor":10.0,"key":"Poison Potion"},{"floor":19.0,"key":"Block Potion"},{"floor":24.0,"key":"AttackPotion"},{"floor":30.0,"key":"GamblersBrew"},{"floor":33.0,"key":"Poison Potion"},{"floor":37.0,"key":"GamblersBrew"},{"floor":41.0,"key":"Block Potion"},{"floor":45.0,"key":"FearPotion"}],"is_trial":false,"path_per_floor":["?","?","?","?","?","$","?","M","?","?","?"],"character_chosen":"DEFECT","items_purchased":["PrismaticShard","Loop","Ancient Tea Set","Pen Nib"],"campfire_rested":5,"item_purchase_floors":[22,22,29,53],"current_hp_per_floor":[75,73,66,66,63,50,47,69,69,55,48,48,48,44,67,54,79,68,63,47,47,47,35,34,31,31,35,35,35,28,32,58,49,87,87,97,99,94,86,86,90,92,92,92,86,80,83,69,102,74,111,111,108,59,0],"gold":64,"neow_bonus":"","is_prod":false,"is_daily":false,"chose_seed":false,"campfire_upgraded":1,"win_rate":0,"timestamp":1555814012,"path_taken":["M","M","?","M","M","E","M","R","T","E","M","?","E","?","R","BOSS","M","M","?","?","$","E","M","M","T","M","R","?","M","M","R","BOSS","M","?","M","?","?","R","E","M","T","?","M","M","E","?","R","BOSS","R","$","E","BOSS"],"build_version":"2019-01-23","purchased_purges":2,"victory":false,"max_hp_per_floor":[75,75,75,75,75,75,75,75,75,77,77,77,79,79,79,79,79,79,79,79,79,79,81,81,83,83,85,85,85,85,87,87,87,87,87,97,99,101,103,103,105,105,105,105,107,109,111,111,111,111,111,111,108,108,108],"card_choices":[{"not_picked":["Darkness","Ball Lightning"],"picked":"FTL","floor":1.0},{"not_picked":["Redo","Rebound","Barrage"],"picked":"SKIP","floor":2.0},{"not_picked":["Stack","BootSequence"],"picked":"Electrodynamics","floor":4.0},{"not_picked":["Stack","Beam Cell"],"picked":"FTL","floor":5.0},{"not_picked":["Leap","Gash","Sweeping Beam"],"picked":"SKIP","floor":6.0},{"not_picked":["Rebound","Leap"],"picked":"FTL","floor":7.0},{"not_picked":["Reboot","Blizzard","Double Energy"],"picked":"Singing Bowl","floor":10.0},{"not_picked":["Hello World","Redo"],"picked":"Conserve Battery","floor":11.0},{"not_picked":["Hologram","Storm","Skim"],"picked":"Singing Bowl","floor":13.0},{"not_picked":["Sunder","Rip and Tear"],"picked":"Reprogram","floor":14.0},{"not_picked":["All For One","Seek"],"picked":"Machine Learning","floor":16.0},{"not_picked":["Redo","Turbo+1"],"picked":"Hologram+1","floor":18.0},{"not_picked":["Hologram+1","Barrage"],"picked":"BootSequence","floor":19.0},{"not_picked":["Dagger Throw","Cleave","Choke"],"picked":"Singing Bowl","floor":23.0},{"not_picked":["Flex","Compile Driver+1"],"picked":"Ghostly Armor+1","floor":24.0},{"not_picked":["Infernal Blade+1","Chill","Exhume"],"picked":"Singing Bowl","floor":25.0},{"not_picked":["Hologram","True Grit","Burning Pact"],"picked":"Singing Bowl","floor":27.0},{"not_picked":["Sever Soul","Power Through"],"picked":"Battle Trance","floor":30.0},{"not_picked":["Perfected Strike","Heavy Blade+1","Deflect"],"picked":"Singing Bowl","floor":31.0},{"not_picked":["Double Tap","The Bomb"],"picked":"Transmutation","floor":33.0},{"not_picked":["Undo","Compile Driver"],"picked":"Rampage+1","floor":35.0},{"not_picked":["Body Slam+1","Hologram","Infernal Blade+1"],"picked":"Singing Bowl","floor":37.0},{"not_picked":["Sunder","Sweeping Beam+1","Acrobatics+1"],"picked":"Singing Bowl","floor":38.0},{"not_picked":["Deep Breath","Dramatic Entrance"],"picked":"Discovery","floor":39.0},{"not_picked":["Dramatic Entrance","Finesse"],"picked":"Trip","floor":39.0},{"not_picked":["Blind","Discovery","Sadistic Nature"],"picked":"Singing Bowl","floor":39.0},{"not_picked":["Warcry+1","Sweeping Beam+1","Compile Driver"],"picked":"Singing Bowl","floor":41.0},{"not_picked":["Acrobatics","Deep Breath"],"picked":"Redo+1","floor":42.0},{"not_picked":["Twin Strike","Catalyst","Poisoned Stab+1"],"picked":"Singing Bowl","floor":45.0},{"not_picked":["Pummel","Slice","A Thousand Cuts"],"picked":"Singing Bowl","floor":46.0},{"not_picked":["Clash+1","Sweeping Beam","Choke"],"picked":"Singing Bowl","floor":47.0},{"not_picked":["Ghostly Armor+1","Heavy Blade"],"picked":"Reinforced Body+1","floor":54}],"player_experience":309107,"relics_obtained":[{"floor":6.0,"key":"Bag of Preparation"},{"floor":9.0,"key":"StoneCalendar"},{"floor":10.0,"key":"Singing Bowl"},{"floor":13.0,"key":"Turnip"},{"floor":14.0,"key":"Odd Mushroom"},{"floor":20.0,"key":"Nilry\u0027s Codex"},{"floor":23.0,"key":"Happy Flower"},{"floor":26.0,"key":"Blood Vial"},{"floor":41.0,"key":"PreservedInsect"},{"floor":47.0,"key":"Letter Opener"},{"floor":54,"key":"Mercury Hourglass"}],"event_choices":[{"cards_removed":["Strike_B"],"damage_healed":0.0,"max_hp_gain":0.0,"max_hp_loss":0.0,"gold_gain":0.0,"event_name":"Golden Wing","player_choice":"Card Removal","floor":3.0,"gold_loss":0.0,"damage_taken":7.0},{"cards_removed":["Strike_B"],"damage_healed":0.0,"max_hp_gain":0.0,"max_hp_loss":0.0,"gold_gain":0.0,"event_name":"The Cleric","player_choice":"Card Removal","floor":12.0,"gold_loss":50.0,"damage_taken":0.0},{"damage_healed":0.0,"max_hp_gain":0.0,"max_hp_loss":0.0,"gold_gain":0.0,"event_name":"Mushrooms","player_choice":"Fought Mushrooms","floor":14.0,"gold_loss":0.0,"damage_taken":0.0},{"damage_healed":0.0,"max_hp_gain":0.0,"max_hp_loss":0.0,"gold_gain":0.0,"event_name":"Cursed Tome","player_choice":"Obtained Book","floor":20.0,"gold_loss":0.0,"damage_taken":16.0},{"damage_healed":0.0,"max_hp_gain":0.0,"max_hp_loss":0.0,"gold_gain":0.0,"event_name":"The Library","player_choice":"Read","floor":21.0,"gold_loss":0.0,"damage_taken":0.0,"cards_obtained":["Reinforced Body"]},{"cards_removed":["Transmutation"],"damage_healed":0.0,"max_hp_gain":10.0,"max_hp_loss":0.0,"gold_gain":0.0,"event_name":"Bonfire Elementals","player_choice":"Offered Rare","floor":36.0,"gold_loss":0.0,"damage_taken":0.0},{"damage_healed":0.0,"max_hp_gain":0.0,"max_hp_loss":0.0,"gold_gain":0.0,"event_name":"SensoryStone","player_choice":"Memory 3","floor":39.0,"gold_loss":0.0,"damage_taken":10.0},{"damage_healed":0.0,"max_hp_gain":0.0,"max_hp_loss":0.0,"gold_gain":0.0,"event_name":"Tomb of Lord Red Mask","player_choice":"Ignored","floor":44.0,"gold_loss":0.0,"damage_taken":0.0},{"damage_healed":0.0,"max_hp_gain":0.0,"max_hp_loss":0.0,"gold_gain":0.0,"event_name":"Winding Halls","player_choice":"Embrace Madness","floor":48.0,"gold_loss":0.0,"damage_taken":14.0,"cards_obtained":["Madness","Madness"]}],"is_beta":false,"boss_relics":[{"not_picked":["Tiny House","Snecko Eye"],"picked":"Pandora\u0027s Box"},{"not_picked":["Astrolabe","Inserter"],"picked":"Fusion Hammer"}],"items_purged_floors":[22,53],"is_endless":false,"potions_floor_spawned":[1,4,5,7,10,13,19,24,30,33,37,41,45,46],"killed_by":"The Heart","ascension_level":2}