{"gold_per_floor":[116,129,148,19,19,19,63,63,63,63],"floor_reached":10,"playtime":726,"items_purged":[],"score":106,"play_id":"2be256d4-5a00-4ddb-8753-03fe32ea1dc9","local_time":"20190420225310","is_ascension_mode":true,"campfire_choices":[{"data":"Whirlwind","floor":6,"key":"SMITH"},{"data":"Metallicize","floor":8,"key":"SMITH"}],"neow_cost":"NONE","seed_source_timestamp":698447480426300,"circlet_count":0,"master_deck":["AscendersBane","Strike_R","Strike_R","Strike_R","Strike_R","Strike_R","Defend_R","Defend_R","Defend_R","Defend_R","Bash","Shrug It Off","Whirlwind+1","Metallicize+1","Havoc","Seeing Red"],"relics":["Burning Blood","NeowsBlessing","Golden Idol","Centennial Puzzle","Singing Bowl"],"potions_floor_usage":[],"damage_taken":[{"damage":0,"enemies":"Small Slimes","floor":1,"turns":1},{"damage":0,"enemies":"Jaw Worm","floor":2,"turns":1},{"damage":0,"enemies":"2 Louse","floor":3,"turns":1},{"damage":38,"enemies":"3 Sentries","floor":7,"turns":7},{"damage":43,"enemies":"Lagavulin Event","floor":10,"turns":6}],"seed_played":"-609796493668254010","potions_obtained":[],"is_trial":false,"path_per_floor":["M","M","M","$","?","R","E","R","T","?"],"character_chosen":"IRONCLAD","items_purchased":["Metallicize","Havoc"],"campfire_rested":0,"item_purchase_floors":[4,4],"current_hp_per_floor":[78,80,80,80,60,60,28,28,28,0],"gold":63,"neow_bonus":"THREE_ENEMY_KILL","is_prod":false,"is_daily":false,"chose_seed":false,"campfire_upgraded":2,"win_rate":0,"timestamp":1555793590,"path_taken":["M","M","M","$","?","R","E","R","T","?"],"build_version":"2019-01-23","purchased_purges":0,"victory":false,"max_hp_per_floor":[80,80,80,80,80,80,80,80,80,80],"card_choices":[{"not_picked":["Perfected Strike","Warcry"],"picked":"Shrug It Off","floor":1},{"not_picked":["Cleave","Searing Blow","Second Wind"],"picked":"SKIP","floor":2},{"not_picked":["Perfected Strike","Second Wind"],"picked":"Whirlwind","floor":3},{"not_picked":["Pommel Strike","Havoc"],"picked":"Seeing Red","floor":7}],"player_experience":236835,"relics_obtained":[{"floor":7,"key":"Centennial Puzzle"},{"floor":9,"key":"Singing Bowl"}],"event_choices":[{"damage_healed":0,"gold_gain":0,"player_choice":"Take Damage","damage_taken":20,"relics_obtained":["Golden Idol"],"max_hp_gain":0,"max_hp_loss":0,"event_name":"Golden Idol","floor":5,"gold_loss":0},{"damage_healed":0,"gold_gain":0,"player_choice":"Searched \u00272\u0027 times","damage_taken":0,"max_hp_gain":0,"max_hp_loss":0,"event_name":"Dead Adventurer","floor":10,"gold_loss":0}],"is_beta":false,"boss_relics":[],"items_purged_floors":[],"is_endless":false,"potions_floor_spawned":[],"killed_by":"Lagavulin Event","ascension_level":12}