{"gold_per_floor":[214,224,243,258,278,278,119,144,189,189,189,189,189,201,201,304,304,318,254,107,126,137,172,172,172,199,243,268,299,322,11,11,114,114,132,150,0,0,12,40,40,75,75,102,113,45,61,115,115,115,115,115,18,43,43],"floor_reached":56,"playtime":21688,"items_purged":["Deflect","Strike_G"],"score":1308,"play_id":"ca2fc2da-37b0-4030-a942-12aa32ae3f5f","local_time":"20190314222752","is_ascension_mode":true,"campfire_choices":[{"floor":6.0,"key":"RECALL"},{"floor":13.0,"key":"REST"},{"floor":15.0,"key":"REST"},{"floor":24.0,"key":"REST"},{"floor":32.0,"key":"REST"},{"floor":41.0,"key":"REST"},{"floor":49.0,"key":"REST"},{"data":"Footwork","floor":52.0,"key":"SMITH"}],"neow_cost":"NONE","seed_source_timestamp":0,"circlet_count":0,"master_deck":["Defend_G","Defend_G","Defend_G","Defend_G","Defend_G","Strike_G","Strike_G","Strike_G","Survivor","Neutralize","Backflip","Dodge and Roll","Blur","Footwork+1","Tools of the Trade","Predator+1","Dash","Die Die Die","Choke","Underhanded Strike+1","Distraction","Tools of the Trade","Underhanded Strike","Outmaneuver+1","Envenom","Deadly Poison","Dash","Eviscerate+1","Riddle With Holes","Phantasmal Killer","Bullet Time","Noxious Fumes","Noxious Fumes","Deadly Poison+1","Leg Sweep+1","Leg Sweep"],"special_seed":0,"relics":["Ring of the Snake","Anchor","Snecko Eye","Question Card","Ancient Tea Set","MawBank","PreservedInsect","Whetstone","WristBlade","Red Mask","Dodecahedron","Pocketwatch","Bag of Marbles","Potion Belt","Torii","Gremlin Horn"],"potions_floor_usage":[55,55,55],"damage_taken":[{"damage":0.0,"enemies":"Cultist","floor":1.0,"turns":4.0},{"damage":1.0,"enemies":"Jaw Worm","floor":2.0,"turns":6.0},{"damage":0.0,"enemies":"Small Slimes","floor":3.0,"turns":6.0},{"damage":0.0,"enemies":"3 Louse","floor":4.0,"turns":5.0},{"damage":0.0,"enemies":"Looter","floor":5.0,"turns":4.0},{"damage":68.0,"enemies":"Gremlin Nob","floor":8.0,"turns":8.0},{"damage":0.0,"enemies":"Gremlin Gang","floor":14.0,"turns":9.0},{"damage":22.0,"enemies":"The Guardian","floor":16.0,"turns":22.0},{"damage":7.0,"enemies":"3 Byrds","floor":18.0,"turns":9.0},{"damage":16.0,"enemies":"Spheric Guardian","floor":21.0,"turns":8.0},{"damage":12.0,"enemies":"3 Cultists","floor":22.0,"turns":7.0},{"damage":24.0,"enemies":"Slavers","floor":23.0,"turns":6.0},{"damage":18.0,"enemies":"Gremlin Leader","floor":27.0,"turns":9.0},{"damage":5.0,"enemies":"Shelled Parasite and Fungi","floor":28.0,"turns":5.0},{"damage":5.0,"enemies":"Snake Plant","floor":29.0,"turns":4.0},{"damage":0.0,"enemies":"Centurion and Healer","floor":30.0,"turns":3.0},{"damage":19.0,"enemies":"Champ","floor":33.0,"turns":12.0},{"damage":7.0,"enemies":"3 Darklings","floor":35.0,"turns":6.0},{"damage":3.0,"enemies":"Orb Walker","floor":36.0,"turns":4.0},{"damage":14.0,"enemies":"Maw","floor":39.0,"turns":8.0},{"damage":12.0,"enemies":"Reptomancer","floor":40.0,"turns":6.0},{"damage":3.0,"enemies":"Nemesis","floor":42.0,"turns":3.0},{"damage":2.0,"enemies":"Giant Head","floor":44.0,"turns":7.0},{"damage":6.0,"enemies":"4 Shapes","floor":45.0,"turns":4.0},{"damage":10.0,"enemies":"Jaw Worm Horde","floor":47.0,"turns":4.0},{"damage":19.0,"enemies":"2 Orb Walkers","floor":48.0,"turns":5.0},{"damage":22.0,"enemies":"Awakened One","floor":50.0,"turns":10.0},{"damage":9.0,"enemies":"Shield and Spear","floor":54.0,"turns":5.0},{"damage":62,"enemies":"The Heart","floor":55,"turns":8}],"seed_played":"1064734020114124505","potions_obtained":[{"floor":3.0,"key":"SteroidPotion"},{"floor":4.0,"key":"Explosive Potion"},{"floor":16.0,"key":"SkillPotion"},{"floor":21.0,"key":"PowerPotion"},{"floor":27.0,"key":"SkillPotion"},{"floor":29.0,"key":"GamblersBrew"},{"floor":33.0,"key":"GamblersBrew"},{"floor":35.0,"key":"PowerPotion"},{"floor":39.0,"key":"AttackPotion"},{"floor":40.0,"key":"LiquidBronze"},{"floor":44.0,"key":"SmokeBomb"},{"floor":47.0,"key":"SpeedPotion"},{"floor":54.0,"key":"LiquidBronze"}],"is_trial":false,"path_per_floor":["M","M","M","M","M","R","$","E","T","?","?","?","R","M","R","B",null,"M","?","$","M","M","E","R","?","T","E","M","M","M","$","R","B",null,"M","M","?","?","M","E","R","E","T","E","M","$","M","?","R","B",null,"R","$","E","B",null],"character_chosen":"THE_SILENT","items_purchased":["Tools of the Trade","GamblersBrew","Whetstone","GamblersBrew","Noxious Fumes","SpeedPotion","SpeedPotion"],"campfire_rested":6,"item_purchase_floors":[7,20,31,31,46,53,53],"current_hp_per_floor":[70,69,69,69,69,69,69,1,1,1,6,6,28,28,50,28,75,68,68,68,52,40,16,38,31,31,13,8,3,3,3,25,6,75,68,65,65,65,51,39,61,58,58,56,50,50,40,21,43,21,75,75,75,66,4],"gold":43,"neow_bonus":"HUNDRED_GOLD","is_prod":false,"is_daily":false,"chose_seed":false,"campfire_upgraded":1,"win_rate":1,"timestamp":1552616872,"path_taken":["M","M","M","?","?","R","$","E","T","?","?","?","R","M","R","BOSS","M","?","$","M","?","E","R","?","T","E","?","M","M","$","R","BOSS","M","M","?","?","M","E","R","E","T","E","?","$","M","?","R","BOSS","R","$","E","BOSS"],"build_version":"2018-11-15","purchased_purges":2,"victory":true,"max_hp_per_floor":[70,70,70,70,70,70,70,70,70,70,75,75,75,75,75,75,75,75,75,75,75,75,75,75,75,75,75,75,75,75,75,75,75,75,75,75,75,75,75,75,75,75,75,75,75,75,75,75,75,75,75,75,75,75,75],"card_choices":[{"not_picked":["Predator","Blade Dance"],"picked":"Backflip","floor":1.0},{"not_picked":["Underhanded Strike","Prepared"],"picked":"Dodge and Roll","floor":2.0},{"not_picked":["Dodge and Roll","Dagger Throw"],"picked":"Blur","floor":3.0},{"not_picked":["Bane","Blade Dance"],"picked":"Deflect","floor":4.0},{"not_picked":["Calculated Gamble","Flying Knee"],"picked":"Footwork","floor":5.0},{"not_picked":["Backflip","Flying Knee"],"picked":"Predator","floor":8.0},{"not_picked":["Flying Knee","Night Terror"],"picked":"Dash","floor":14.0},{"not_picked":["Bullet Time","Wraith Form v2"],"picked":"Die Die Die","floor":16.0},{"not_picked":["Sucker Punch","PiercingWail+1","Underhanded Strike+1"],"picked":"SKIP","floor":18.0},{"not_picked":["Acrobatics","Outmaneuver","Dodge and Roll"],"picked":"Choke","floor":21.0},{"not_picked":["PiercingWail+1","Blade Dance","Deadly Poison+1"],"picked":"Underhanded Strike","floor":22.0},{"not_picked":["Outmaneuver","Sucker Punch","Poisoned Stab"],"picked":"Distraction","floor":23.0},{"not_picked":["Crippling Poison","Infinite Blades","Distraction"],"picked":"Tools of the Trade","floor":27.0},{"not_picked":["Noxious Fumes+1","Slice","Flechettes"],"picked":"Underhanded Strike","floor":28.0},{"not_picked":["Acrobatics","Prepared","Bane"],"picked":"Outmaneuver+1","floor":29.0},{"not_picked":["Flying Knee","Calculated Gamble","Deadly Poison","Blade Dance"],"picked":"SKIP","floor":30.0},{"not_picked":["Glass Knife","After Image","Die Die Die"],"picked":"Envenom","floor":33.0},{"not_picked":["Prepared","Catalyst+1","Outmaneuver"],"picked":"Deadly Poison","floor":35.0},{"not_picked":["Blade Dance","Predator","Dagger Spray"],"picked":"Dash","floor":36.0},{"not_picked":["Reflex+1","Caltrops","Poisoned Stab+1"],"picked":"Eviscerate+1","floor":39.0},{"not_picked":["Masterful Stab","Escape Plan+1","Dagger Throw"],"picked":"Riddle With Holes","floor":40.0},{"not_picked":["Reflex+1","Bane","Poisoned Stab+1"],"picked":"Phantasmal Killer","floor":42.0},{"not_picked":["After Image","Deadly Poison+1","Backstab"],"picked":"Bullet Time","floor":44.0},{"not_picked":["Outmaneuver+1","Quick Slash+1","Bane"],"picked":"Noxious Fumes","floor":45.0},{"not_picked":["Flechettes+1","Acrobatics","Prepared+1"],"picked":"Deadly Poison+1","floor":47.0},{"not_picked":["Sucker Punch","Night Terror","Backflip"],"picked":"Leg Sweep+1","floor":48.0},{"not_picked":["PiercingWail","Distraction","Flying Knee+1"],"picked":"Leg Sweep","floor":54.0}],"player_experience":214492,"relics_obtained":[{"floor":8.0,"key":"Anchor"},{"floor":23.0,"key":"Ancient Tea Set"},{"floor":26.0,"key":"MawBank"},{"floor":27.0,"key":"PreservedInsect"},{"floor":40.0,"key":"Dodecahedron"},{"floor":42.0,"key":"Pocketwatch"},{"floor":43.0,"key":"Bag of Marbles"},{"floor":44.0,"key":"Potion Belt"},{"floor":48.0,"key":"Torii"},{"floor":54.0,"key":"Gremlin Horn"}],"event_choices":[{"damage_healed":0.0,"max_hp_gain":0.0,"max_hp_loss":0.0,"gold_gain":0.0,"event_name":"Shining Light","player_choice":"Ignored","floor":10.0,"gold_loss":0.0,"damage_taken":0.0},{"damage_healed":0.0,"max_hp_gain":5.0,"max_hp_loss":0.0,"gold_gain":0.0,"event_name":"Big Fish","player_choice":"Donut","floor":11.0,"gold_loss":0.0,"damage_taken":0.0},{"damage_healed":0.0,"max_hp_gain":0.0,"max_hp_loss":0.0,"gold_gain":0.0,"event_name":"Liars Game","player_choice":"Ignored","floor":12.0,"gold_loss":0.0,"damage_taken":0.0},{"damage_healed":0.0,"max_hp_gain":0.0,"max_hp_loss":0.0,"gold_gain":0.0,"event_name":"WeMeetAgain","player_choice":"Paid Gold","floor":19.0,"gold_loss":64.0,"damage_taken":0.0,"relics_obtained":["Question Card"]},{"damage_healed":0.0,"max_hp_gain":0.0,"max_hp_loss":0.0,"gold_gain":0.0,"event_name":"Wheel of Change","player_choice":"Damaged","floor":25.0,"gold_loss":0.0,"damage_taken":7.0},{"damage_healed":0.0,"max_hp_gain":0.0,"max_hp_loss":0.0,"gold_gain":0.0,"event_name":"Tomb of Lord Red Mask","player_choice":"Paid","floor":37.0,"gold_loss":150.0,"damage_taken":0.0,"relics_obtained":["Red Mask"]},{"cards_removed":["Strike_G"],"damage_healed":0.0,"max_hp_gain":0.0,"max_hp_loss":0.0,"gold_gain":0.0,"event_name":"Bonfire Elementals","player_choice":"Offered Basic","floor":38.0,"gold_loss":0.0,"damage_taken":0.0},{"damage_healed":0.0,"max_hp_gain":0.0,"max_hp_loss":0.0,"gold_gain":0.0,"event_name":"Mysterious Sphere","player_choice":"Fight","floor":48.0,"gold_loss":0.0,"damage_taken":0.0}],"is_beta":false,"boss_relics":[{"not_picked":["Orrery","Runic Pyramid"],"picked":"Snecko Eye"},{"not_picked":["Philosopher\u0027s Stone","Tiny House"],"picked":"WristBlade"}],"items_purged_floors":[20,31],"is_endless":false,"potions_floor_spawned":[3,4,16,21,27,29,33,35,39,40,44,47,54],"ascension_level":1}