{"gold_per_floor":[109,59,75,91,91,125,147,159,171,195,219,248,295,55,55,152,152,172,190,190,115,133,133,133,153,232,232,232,250,350,88,88,189,189,203,216,233,233,333,333,351,122,173,173,193,193,193,207,207,207],"floor_reached":51,"playtime":1854,"items_purged":["Strike_G","Strike_G+1"],"score":686,"play_id":"4888c9d1-0fb7-4e75-bb00-94cfb260dfb2","local_time":"20190127004739","is_ascension_mode":false,"campfire_choices":[{"floor":8,"key":"REST"},{"floor":15,"key":"REST"},{"floor":23,"key":"REST"},{"data":"Infinite Blades","floor":27,"key":"SMITH"},{"floor":32,"key":"REST"},{"floor":40,"key":"REST"},{"floor":46,"key":"REST"},{"floor":49,"key":"REST"}],"neow_cost":"NONE","seed_source_timestamp":285329600291839,"circlet_count":0,"master_deck":["Survivor","Neutralize","Accuracy+1","Outmaneuver+1","Endless Agony+1","Cloak And Dagger","Blade Dance","Infinite Blades","Cloak And Dagger","Unload","Cloak And Dagger+1","Infinite Blades+1","Setup+1","A Thousand Cuts","Finisher","After Image","Acrobatics","Escape Plan","Escape Plan","Infinite Blades","Parasite","Endless Agony+1"],"relics":["Astrolabe","Mercury Hourglass","MawBank","Potion Belt","Matryoshka","Bottled Tornado","WristBlade","Bag of Preparation","Meat on the Bone","Pandora\u0027s Box","Thread and Needle","Lee\u0027s Waffle","Gremlin Horn","Strawberry"],"potions_floor_usage":[6,13,13,16,33,33,50,50,50,50],"damage_taken":[{"damage":1,"enemies":"2 Louse","floor":1,"turns":3},{"damage":5,"enemies":"Jaw Worm","floor":3,"turns":5},{"damage":4,"enemies":"Cultist","floor":4,"turns":3},{"damage":15,"enemies":"Lagavulin","floor":6,"turns":6},{"damage":6,"enemies":"3 Louse","floor":7,"turns":2},{"damage":1,"enemies":"Looter","floor":10,"turns":2},{"damage":1,"enemies":"Large Slime","floor":11,"turns":4},{"damage":6,"enemies":"Lots of Slimes","floor":12,"turns":2},{"damage":10,"enemies":"Gremlin Nob","floor":13,"turns":3},{"damage":31,"enemies":"Hexaghost","floor":16,"turns":9},{"damage":4,"enemies":"Shell Parasite","floor":18,"turns":3},{"damage":14,"enemies":"2 Thieves","floor":19,"turns":3},{"damage":4,"enemies":"Cultist and Chosen","floor":22,"turns":4},{"damage":6,"enemies":"Centurion and Healer","floor":25,"turns":4},{"damage":7,"enemies":"Snake Plant","floor":29,"turns":3},{"damage":62,"enemies":"Collector","floor":33,"turns":9},{"damage":21,"enemies":"Orb Walker","floor":35,"turns":3},{"damage":3,"enemies":"3 Shapes","floor":36,"turns":4},{"damage":29,"enemies":"Spire Growth","floor":37,"turns":5},{"damage":0,"enemies":"Mind Bloom Boss Battle","floor":39,"turns":4},{"damage":21,"enemies":"Maw","floor":41,"turns":6},{"damage":19,"enemies":"3 Darklings","floor":45,"turns":3},{"damage":21,"enemies":"Writhing Mass","floor":48,"turns":5},{"damage":63,"enemies":"Donu and Deca","floor":50,"turns":7}],"seed_played":"4849017063692884125","potions_obtained":[{"floor":4,"key":"Ancient Potion"},{"floor":6,"key":"Energy Potion"},{"floor":12,"key":"Swift Potion"},{"floor":13,"key":"Regen Potion"},{"floor":18,"key":"Regen Potion"},{"floor":22,"key":"Explosive Potion"},{"floor":25,"key":"FairyPotion"},{"floor":36,"key":"AttackPotion"},{"floor":39,"key":"Weak Potion"},{"floor":41,"key":"SkillPotion"},{"floor":45,"key":"Fire Potion"}],"is_trial":false,"path_per_floor":["M","?","M","M","T","E","M","R","T","M","M","M","E","$","R","B",null,"M","M","?","$","M","R","?","M","T","R","?","M","?","$","R","B",null,"M","M","M","?","?","R","M","$","T","?","M","R","?","M","R","B",null],"character_chosen":"THE_SILENT","items_purchased":["Bottled Tornado","After Image","Lee\u0027s Waffle","Infinite Blades"],"campfire_rested":7,"item_purchase_floors":[14,31,42,42],"current_hp_per_floor":[69,69,64,60,60,45,39,60,60,59,58,52,42,42,63,45,70,66,52,52,52,48,69,69,63,63,63,63,56,56,56,70,32,70,49,46,29,29,41,62,41,77,84,84,65,84,84,63,84,33],"gold":207,"neow_bonus":"BOSS_RELIC","is_prod":false,"is_daily":false,"chose_seed":false,"campfire_upgraded":1,"win_rate":0,"timestamp":1548568059,"path_taken":["M","?","M","M","?","E","M","R","T","M","?","M","E","$","R","BOSS","M","M","?","$","M","R","?","M","T","R","?","M","?","$","R","BOSS","M","?","M","?","?","R","M","?","T","?","?","R","?","M","R","BOSS"],"build_version":"2019-01-23","purchased_purges":2,"victory":true,"max_hp_per_floor":[70,70,70,70,70,70,70,70,70,70,70,70,70,70,70,70,70,70,70,70,70,70,70,70,70,70,70,70,70,70,70,70,70,70,70,70,70,70,70,70,70,77,84,84,84,84,84,84,84,84],"card_choices":[{"not_picked":["Outmaneuver","Underhanded Strike","Dash"],"picked":"SKIP","floor":1},{"not_picked":["Blade Dance","Poisoned Stab"],"picked":"Cloak And Dagger","floor":3},{"not_picked":["Flechettes","Dodge and Roll","Poisoned Stab"],"picked":"SKIP","floor":4},{"not_picked":["Bullet Time","Dodge and Roll"],"picked":"Blade Dance","floor":6},{"not_picked":["Caltrops","Deadly Poison","Eviscerate"],"picked":"SKIP","floor":7},{"not_picked":["Flechettes","Bane","Distraction"],"picked":"SKIP","floor":10},{"not_picked":["Backflip","Prepared","Dodge and Roll"],"picked":"SKIP","floor":11},{"not_picked":["Backstab","Concentrate"],"picked":"Infinite Blades","floor":12},{"not_picked":["Outmaneuver","Deflect"],"picked":"Cloak And Dagger","floor":13},{"not_picked":["Doppelganger","Bullet Time"],"picked":"Unload","floor":16},{"not_picked":["Accuracy","Acrobatics"],"picked":"Cloak And Dagger+1","floor":18},{"not_picked":["Poisoned Stab","Endless Agony"],"picked":"Infinite Blades","floor":19},{"not_picked":["Poisoned Stab","Dodge and Roll"],"picked":"Setup+1","floor":22},{"not_picked":["Dagger Throw","Poisoned Stab+1","Tactician+1"],"picked":"SKIP","floor":25},{"not_picked":["Reflex","Skewer+1"],"picked":"Finisher","floor":29},{"not_picked":["Blur","Dash"],"picked":"Escape Plan","floor":35},{"not_picked":["Flying Knee+1","Poisoned Stab+1","Bouncing Flask+1"],"picked":"SKIP","floor":36},{"not_picked":["PiercingWail","Outmaneuver","Expertise"],"picked":"SKIP","floor":37},{"not_picked":["Footwork","Dagger Spray+1","Blade Dance"],"picked":"SKIP","floor":41},{"not_picked":["Underhanded Strike","Deadly Poison+1","Dodge and Roll+1"],"picked":"SKIP","floor":45},{"not_picked":["Footwork+1","Sucker Punch+1"],"picked":"Endless Agony+1","floor":48}],"player_experience":148697,"relics_obtained":[{"floor":5,"key":"Mercury Hourglass"},{"floor":6,"key":"MawBank"},{"floor":9,"key":"Potion Belt"},{"floor":13,"key":"Matryoshka"},{"floor":26,"key":"Bag of Preparation"},{"floor":26,"key":"Meat on the Bone"},{"floor":39,"key":"Thread and Needle"},{"floor":43,"key":"Gremlin Horn"},{"floor":43,"key":"Strawberry"}],"event_choices":[{"cards_removed":["Defend_G"],"damage_healed":0,"gold_gain":0,"player_choice":"Card Removal","damage_taken":0,"max_hp_gain":0,"max_hp_loss":0,"event_name":"The Cleric","floor":2,"gold_loss":50},{"damage_healed":0,"gold_gain":0,"player_choice":"Ignored","damage_taken":0,"max_hp_gain":0,"max_hp_loss":0,"event_name":"Cursed Tome","floor":20,"gold_loss":0},{"damage_healed":0,"gold_gain":0,"player_choice":"Simplicity","damage_taken":0,"max_hp_gain":0,"max_hp_loss":0,"event_name":"Back to Basics","floor":24,"gold_loss":0,"cards_upgraded":["Defend_G","Defend_G","Strike_G","Strike_G","Strike_G"]},{"damage_healed":0,"gold_gain":0,"player_choice":"Read","damage_taken":0,"max_hp_gain":0,"max_hp_loss":0,"event_name":"The Library","floor":28,"gold_loss":0,"cards_obtained":["A Thousand Cuts"]},{"damage_healed":0,"gold_gain":100,"player_choice":"Pray","damage_taken":0,"max_hp_gain":0,"max_hp_loss":0,"event_name":"Golden Shrine","floor":30,"gold_loss":0},{"damage_healed":0,"gold_gain":0,"player_choice":"Ignored","damage_taken":0,"max_hp_gain":0,"max_hp_loss":0,"event_name":"Mysterious Sphere","floor":38,"gold_loss":0},{"damage_healed":0,"gold_gain":0,"player_choice":"Fight","damage_taken":0,"max_hp_gain":0,"max_hp_loss":0,"event_name":"MindBloom","floor":39,"gold_loss":0},{"cards_removed":["Dash"],"damage_healed":0,"gold_gain":0,"player_choice":"Offered Uncommon","damage_taken":0,"max_hp_gain":0,"max_hp_loss":0,"event_name":"Bonfire Elementals","floor":44,"gold_loss":0},{"cards_removed":["Tactician"],"damage_healed":0,"gold_gain":0,"player_choice":"Removed Skill","damage_taken":0,"max_hp_gain":0,"max_hp_loss":0,"event_name":"Falling","floor":47,"gold_loss":0}],"is_beta":false,"boss_relics":[{"not_picked":["Velvet Choker","Empty Cage"],"picked":"WristBlade"},{"not_picked":["Fusion Hammer","Coffee Dripper"],"picked":"Pandora\u0027s Box"}],"items_purged_floors":[21,31],"is_endless":false,"potions_floor_spawned":[4,6,12,13,18,22,25,36,39,41,45],"ascension_level":0}