{"gold_per_floor":[112,112,123,138,149,174,174,193,219,252,252,268,118,118,118,223,223,235,235,97,107,32,62,72,102,129,129,129,149,149,149,149,248,248,262,54,99,99,59,59,73,102,102,102,117,148,54,69,69,69],"floor_reached":51,"playtime":2037,"items_purged":["Strike_R","Battle Trance"],"score":853,"play_id":"88fa888b-3ba0-4a42-a7ac-5917c323d582","local_time":"20190127034007","is_ascension_mode":false,"campfire_choices":[{"floor":7,"key":"REST"},{"floor":11,"key":"REST"},{"data":"Armaments","floor":15,"key":"SMITH"},{"data":"Metallicize","floor":32,"key":"SMITH"},{"floor":40,"key":"REST"},{"floor":49,"key":"REST"}],"neow_cost":"NONE","seed_source_timestamp":295494604529241,"circlet_count":0,"master_deck":["Defend_R","Defend_R","Defend_R","Bash+1","Armaments+1","Iron Wave","Cleave","Body Slam","Iron Wave+1","Metallicize+1","Evolve","Flame Barrier","Seeing Red+1","Sword Boomerang","Body Slam","Demon Form","Metallicize+1","Metallicize+1","Finesse","Fire Breathing+1","Metallicize+1"],"relics":["Burning Blood","Centennial Puzzle","Bronze Scales","Bag of Preparation","Sozu","Vajra","Self Forming Clay","Happy Flower","Fusion Hammer","TheAbacus","FossilizedHelix","Whetstone","Blue Candle","Frozen Egg 2","Paper Frog"],"potions_floor_usage":[6,10,50,50,50],"damage_taken":[{"damage":8,"enemies":"Small Slimes","floor":1,"turns":3},{"damage":6,"enemies":"Cultist","floor":3,"turns":3},{"damage":1,"enemies":"2 Louse","floor":4,"turns":3},{"damage":10,"enemies":"Looter","floor":5,"turns":4},{"damage":24,"enemies":"3 Sentries","floor":6,"turns":7},{"damage":6,"enemies":"3 Louse","floor":8,"turns":4},{"damage":28,"enemies":"Lagavulin","floor":10,"turns":6},{"damage":3,"enemies":"Red Slaver","floor":12,"turns":3},{"damage":64,"enemies":"Slime Boss","floor":16,"turns":14},{"damage":6,"enemies":"3 Byrds","floor":18,"turns":3},{"damage":0,"enemies":"Chosen","floor":21,"turns":4},{"damage":9,"enemies":"Gremlin Leader","floor":23,"turns":7},{"damage":1,"enemies":"Shelled Parasite and Fungi","floor":24,"turns":4},{"damage":7,"enemies":"Book of Stabbing","floor":25,"turns":5},{"damage":5,"enemies":"Sentry and Sphere","floor":29,"turns":4},{"damage":54,"enemies":"Collector","floor":33,"turns":13},{"damage":1,"enemies":"Orb Walker","floor":35,"turns":3},{"damage":25,"enemies":"2 Orb Walkers","floor":37,"turns":4},{"damage":0,"enemies":"3 Shapes","floor":41,"turns":4},{"damage":13,"enemies":"Reptomancer","floor":42,"turns":6},{"damage":1,"enemies":"Spire Growth","floor":45,"turns":4},{"damage":13,"enemies":"Giant Head","floor":46,"turns":6},{"damage":4,"enemies":"Writhing Mass","floor":48,"turns":7},{"damage":0,"enemies":"Awakened One","floor":50,"turns":10}],"seed_played":"-8250389532059765347","potions_obtained":[{"floor":1,"key":"PowerPotion"},{"floor":3,"key":"Block Potion"},{"floor":5,"key":"Dexterity Potion"},{"floor":12,"key":"Swift Potion"},{"floor":16,"key":"Dexterity Potion"}],"is_trial":false,"path_per_floor":["M","?","M","M","M","E","R","M","T","E","R","M","$","?","R","B",null,"M","?","$","M","?","E","M","E","T","?","$","M","?","?","R","B",null,"M","$","?","$","?","R","M","E","T","?","M","E","?","M","R","B",null],"character_chosen":"IRONCLAD","items_purchased":["Metallicize","Flame Barrier","TheAbacus"],"campfire_rested":4,"item_purchase_floors":[13,20,36],"current_hp_per_floor":[78,78,78,80,76,58,80,80,80,58,80,80,80,85,85,27,85,85,85,85,85,85,82,85,84,84,84,84,85,85,85,85,37,85,85,85,66,66,66,85,85,78,78,78,83,76,76,78,85,85],"gold":69,"neow_bonus":"TRANSFORM_CARD","is_prod":false,"is_daily":false,"chose_seed":false,"campfire_upgraded":2,"win_rate":0,"timestamp":1548578407,"path_taken":["M","?","?","M","M","E","R","M","T","E","R","M","$","?","R","BOSS","M","?","$","M","?","E","M","E","T","?","$","?","?","?","R","BOSS","M","$","?","$","?","R","?","E","T","?","M","E","?","M","R","BOSS"],"build_version":"2019-01-23","purchased_purges":2,"victory":true,"max_hp_per_floor":[80,80,80,80,80,80,80,80,80,80,80,80,80,85,85,85,85,85,85,85,85,85,85,85,85,85,85,85,85,85,85,85,85,85,85,85,85,85,85,85,85,85,85,85,85,85,85,85,85,85],"card_choices":[{"not_picked":["Power Through","Sever Soul"],"picked":"Armaments","floor":1},{"not_picked":["Sever Soul","Clash","Clothesline"],"picked":"SKIP","floor":3},{"not_picked":["Evolve","Clothesline","Battle Trance"],"picked":"SKIP","floor":4},{"not_picked":["Headbutt","Heavy Blade"],"picked":"Cleave","floor":5},{"not_picked":["Pommel Strike","Twin Strike"],"picked":"Body Slam","floor":6},{"not_picked":["Dropkick","Limit Break","Warcry"],"picked":"SKIP","floor":8},{"not_picked":["Rage","Twin Strike"],"picked":"Iron Wave","floor":10},{"not_picked":["Dual Wield","Armaments","Havoc"],"picked":"SKIP","floor":12},{"not_picked":["Flex","Perfected Strike","Heavy Blade+1"],"picked":"SKIP","floor":18},{"not_picked":["Armaments","Infernal Blade"],"picked":"Seeing Red+1","floor":21},{"not_picked":["Feel No Pain","Headbutt","Sever Soul"],"picked":"SKIP","floor":23},{"not_picked":["Wild Strike","Sever Soul","Inflame"],"picked":"SKIP","floor":24},{"not_picked":["Dropkick","Anger","Sword Boomerang"],"picked":"SKIP","floor":25},{"not_picked":["Feel No Pain","Headbutt","Heavy Blade+1"],"picked":"SKIP","floor":29},{"not_picked":["Double Tap","Impervious"],"picked":"Demon Form","floor":33},{"not_picked":["Heavy Blade+1","Rage"],"picked":"Metallicize","floor":35},{"not_picked":["Cleave+1","Spot Weakness+1","Impervious"],"picked":"SKIP","floor":41},{"not_picked":["Headbutt+1","Clothesline+1"],"picked":"Metallicize+1","floor":42},{"not_picked":["Good Instincts","Secret Weapon"],"picked":"Finesse","floor":44},{"not_picked":["True Grit+1","Headbutt+1"],"picked":"Fire Breathing+1","floor":45},{"not_picked":["True Grit","Searing Blow"],"picked":"Metallicize+1","floor":46},{"not_picked":["Clash","Thunderclap","Flame Barrier"],"picked":"SKIP","floor":48}],"player_experience":158664,"relics_obtained":[{"floor":6,"key":"Centennial Puzzle"},{"floor":9,"key":"Bronze Scales"},{"floor":10,"key":"Bag of Preparation"},{"floor":23,"key":"Vajra"},{"floor":25,"key":"Self Forming Clay"},{"floor":26,"key":"Happy Flower"},{"floor":37,"key":"FossilizedHelix"},{"floor":42,"key":"Whetstone"},{"floor":43,"key":"Blue Candle"},{"floor":46,"key":"Frozen Egg 2"}],"event_choices":[{"cards_removed":["Headbutt"],"damage_healed":0,"gold_gain":0,"player_choice":"Took Card","damage_taken":0,"max_hp_gain":0,"max_hp_loss":0,"event_name":"NoteForYourself","floor":2,"gold_loss":0,"cards_obtained":["Iron Wave"]},{"damage_healed":0,"gold_gain":0,"player_choice":"Donut","damage_taken":0,"max_hp_gain":5,"max_hp_loss":0,"event_name":"Big Fish","floor":14,"gold_loss":0},{"damage_healed":0,"gold_gain":0,"cards_transformed":["Strike_R","Strike_R"],"player_choice":"Became Test Subject","damage_taken":0,"max_hp_gain":0,"max_hp_loss":0,"event_name":"Drug Dealer","floor":19,"gold_loss":0,"cards_obtained":["Battle Trance","Evolve"]},{"cards_removed":["Defend_R"],"damage_healed":0,"gold_gain":0,"player_choice":"Gave Gold","damage_taken":0,"max_hp_gain":0,"max_hp_loss":0,"event_name":"Beggar","floor":22,"gold_loss":75},{"damage_healed":0,"gold_gain":0,"cards_transformed":["Strike_R"],"player_choice":"Transformed","damage_taken":0,"max_hp_gain":0,"max_hp_loss":0,"event_name":"Transmorgrifier","floor":27,"gold_loss":0,"cards_obtained":["Sword Boomerang"]},{"damage_healed":0,"gold_gain":0,"player_choice":"Read","damage_taken":0,"max_hp_gain":0,"max_hp_loss":0,"event_name":"The Library","floor":30,"gold_loss":0,"cards_obtained":["Body Slam"]},{"damage_healed":0,"gold_gain":0,"player_choice":"Ignored","damage_taken":0,"max_hp_gain":0,"max_hp_loss":0,"event_name":"Cursed Tome","floor":31,"gold_loss":0},{"damage_healed":0,"gold_gain":0,"player_choice":"Fight","damage_taken":0,"max_hp_gain":0,"max_hp_loss":0,"event_name":"Mysterious Sphere","floor":37,"gold_loss":0},{"damage_healed":0,"gold_gain":0,"player_choice":"Upgrade","damage_taken":0,"max_hp_gain":0,"max_hp_loss":0,"event_name":"Designer","floor":39,"gold_loss":40,"cards_upgraded":["Metallicize"]},{"damage_healed":0,"gold_gain":0,"player_choice":"Memory 1","damage_taken":0,"max_hp_gain":0,"max_hp_loss":0,"event_name":"SensoryStone","floor":44,"gold_loss":0},{"damage_healed":0,"gold_gain":0,"player_choice":"Paid Gold","damage_taken":0,"relics_obtained":["Paper Frog"],"max_hp_gain":0,"max_hp_loss":0,"event_name":"WeMeetAgain","floor":47,"gold_loss":94}],"is_beta":false,"boss_relics":[{"not_picked":["Eternal Feather","Black Star"],"picked":"Sozu"},{"not_picked":["Runic Dome","Runic Pyramid"],"picked":"Fusion Hammer"}],"items_purged_floors":[13,20],"is_endless":false,"potions_floor_spawned":[1,3,5,12,16,21,23,25,33,35,41,45,48],"ascension_level":0}