{"gold_per_floor":[215,229,245,295,311,345,345,345,420,171,171,181,215,229,229,305,305,325,310,325,341,53,84,84,110,135,145,145,175,205,235,247,337,349,381,409,421,433,525,537,575,587,668,712,173,186,201,18,18,18,18,18,3,38,38],"floor_reached":56,"playtime":2777,"items_purged":["Strike_R","Strike_R"],"score":2138,"play_id":"30e170fa-6cb8-40b5-9a8b-d595943667fa","local_time":"20190415211802","is_ascension_mode":true,"campfire_choices":[{"floor":8.0,"key":"REST"},{"data":"Uppercut","floor":11.0,"key":"SMITH"},{"data":"Whirlwind","floor":15.0,"key":"SMITH"},{"data":"Bash","floor":24.0,"key":"SMITH"},{"floor":28.0,"key":"REST"},{"data":"Juggernaut","floor":32.0,"key":"SMITH"},{"floor":40.0,"key":"REST"},{"floor":42.0,"key":"REST"},{"floor":49.0,"key":"RECALL"},{"data":"Feel No Pain","floor":52.0,"key":"SMITH"}],"neow_cost":"NONE","seed_source_timestamp":669663648472965,"circlet_count":0,"master_deck":["AscendersBane","Strike_R+1","Strike_R","Defend_R","Defend_R","Defend_R","Defend_R","Bash+1","Heavy Blade","Burning Pact","Evolve","Shrug It Off+1","Flame Barrier+1","Entrench+1","Uppercut+1","Armaments+1","Whirlwind+1","Intimidate+1","Feed+1","True Grit+1","Battle Trance+1","Shockwave+1","Juggernaut+1","Seeing Red+1","True Grit+1","Limit Break+1","Battle Trance+1","Chrysalis+1","Corruption+1","Feel No Pain+1","Offering+1","Dark Embrace","Feel No Pain","Inflame","Offering+1"],"special_seed":0,"relics":["Burning Blood","Toxic Egg 2","Du-Vu Doll","FossilizedHelix","Runic Dome","Membership Card","WingedGreaves","Pen Nib","Red Skull","MawBank","Black Star","Mercury Hourglass","Centennial Puzzle","Whetstone","The Courier","Shuriken","Anchor","Happy Flower","PreservedInsect","DollysMirror","Pantograph","Bird Faced Urn","Oddly Smooth Stone","Incense Burner","Self Forming Clay","Strawberry"],"potions_floor_usage":[55,55],"damage_taken":[{"damage":6.0,"enemies":"Cultist","floor":1.0,"turns":4.0},{"damage":0.0,"enemies":"Small Slimes","floor":2.0,"turns":3.0},{"damage":11.0,"enemies":"Jaw Worm","floor":3.0,"turns":5.0},{"damage":26.0,"enemies":"Red Slaver","floor":5.0,"turns":6.0},{"damage":24.0,"enemies":"Gremlin Nob","floor":6.0,"turns":4.0},{"damage":15.0,"enemies":"Lots of Slimes","floor":12.0,"turns":5.0},{"damage":4.0,"enemies":"Lagavulin","floor":13.0,"turns":7.0},{"damage":0.0,"enemies":"Large Slime","floor":14.0,"turns":3.0},{"damage":17.0,"enemies":"Slime Boss","floor":16.0,"turns":10.0},{"damage":1.0,"enemies":"Shell Parasite","floor":18.0,"turns":6.0},{"damage":22.0,"enemies":"2 Thieves","floor":19.0,"turns":4.0},{"damage":7.0,"enemies":"Centurion and Healer","floor":20.0,"turns":9.0},{"damage":0.0,"enemies":"Snecko","floor":21.0,"turns":5.0},{"damage":18.0,"enemies":"Slavers","floor":23.0,"turns":5.0},{"damage":11.0,"enemies":"Book of Stabbing","floor":25.0,"turns":6.0},{"damage":24.0,"enemies":"Snake Plant","floor":27.0,"turns":3.0},{"damage":20.0,"enemies":"Slavers","floor":29.0,"turns":10.0},{"damage":0.0,"enemies":"Chosen and Byrds","floor":30.0,"turns":6.0},{"damage":8.0,"enemies":"Centurion and Healer","floor":31.0,"turns":4.0},{"damage":57.0,"enemies":"Automaton","floor":33.0,"turns":12.0},{"damage":21.0,"enemies":"3 Darklings","floor":35.0,"turns":4.0},{"damage":4.0,"enemies":"Orb Walker","floor":36.0,"turns":5.0},{"damage":61.0,"enemies":"Giant Head","floor":41.0,"turns":10.0},{"damage":41.0,"enemies":"Reptomancer","floor":44.0,"turns":8.0},{"damage":0.0,"enemies":"Transient","floor":46.0,"turns":5.0},{"damage":0.0,"enemies":"Sphere and 2 Shapes","floor":47.0,"turns":4.0},{"damage":27.0,"enemies":"Awakened One","floor":50.0,"turns":13.0},{"damage":41,"enemies":"Shield and Spear","floor":54,"turns":6},{"damage":24,"enemies":"The Heart","floor":55,"turns":6}],"seed_played":"-5497015406875006048","potions_obtained":[{"floor":2.0,"key":"SkillPotion"},{"floor":5.0,"key":"Swift Potion"},{"floor":6.0,"key":"PowerPotion"},{"floor":14.0,"key":"EssenceOfSteel"},{"floor":21.0,"key":"LiquidBronze"},{"floor":25.0,"key":"FearPotion"},{"floor":29.0,"key":"Swift Potion"},{"floor":30.0,"key":"Explosive Potion"},{"floor":31.0,"key":"SteroidPotion"},{"floor":41.0,"key":"AttackPotion"},{"floor":46.0,"key":"PowerPotion"},{"floor":47.0,"key":"Weak Potion"}],"is_trial":false,"path_per_floor":["M","M","M","?","M","E","T","R","T","$","R","M","E","M","R","B",null,"M","M","M","M","$","E","R","E","T","M","R","E","M","M","R","B",null,"M","M","?","?","T","R","E","R","T","E","$","M","M","$","R","B",null,"R","$","E","B",null],"character_chosen":"IRONCLAD","items_purchased":["Flame Barrier+1","Entrench+1","Uppercut","Membership Card","Shockwave+1","Feel No Pain","Offering+1","Dark Embrace","Happy Flower","PreservedInsect","DollysMirror","Pantograph","Bird Faced Urn","Oddly Smooth Stone","Incense Burner","Inflame"],"campfire_rested":4,"item_purchase_floors":[10,10,10,22,22,45,45,45,45,45,45,45,45,48,48,53],"current_hp_per_floor":[68,74,69,62,42,24,24,46,46,46,46,37,39,45,45,34,65,70,57,59,65,65,56,56,54,54,36,62,51,60,61,61,10,75,60,62,62,62,62,90,38,67,67,32,32,50,68,68,68,80,97,97,97,87,110],"gold":38,"neow_bonus":"HUNDRED_GOLD","is_prod":false,"is_daily":false,"chose_seed":false,"campfire_upgraded":5,"win_rate":0,"timestamp":1555377482,"path_taken":["M","M","?","?","?","E","?","R","T","$","R","M","E","?","R","BOSS","M","M","M","M","$","E","R","E","T","M","R","E","M","?","R","BOSS","M","M","?","?","?","R","E","R","T","E","?","M","M","$","R","BOSS","R","$","E","BOSS"],"build_version":"2019-04-04","purchased_purges":2,"victory":true,"max_hp_per_floor":[75,75,75,75,75,75,75,75,75,75,75,75,75,75,75,75,75,75,78,81,81,81,84,84,87,87,87,87,90,93,96,96,96,96,96,96,96,96,96,96,99,99,99,99,99,99,103,103,103,103,103,103,103,114,118],"card_choices":[{"not_picked":["Thunderclap","Clothesline"],"picked":"Heavy Blade","floor":1.0},{"not_picked":["Sever Soul","Ghostly Armor","Second Wind"],"picked":"SKIP","floor":2.0},{"not_picked":["Metallicize","Pommel Strike"],"picked":"Burning Pact","floor":3.0},{"not_picked":["Pummel","Body Slam"],"picked":"Evolve","floor":5.0},{"not_picked":["Pummel","Armaments"],"picked":"Shrug It Off","floor":6.0},{"not_picked":["True Grit+1","Perfected Strike"],"picked":"Armaments+1","floor":12.0},{"not_picked":["Anger","Body Slam"],"picked":"Whirlwind","floor":13.0},{"not_picked":["Demon Form","Combust"],"picked":"Intimidate+1","floor":14.0},{"not_picked":["Dark Embrace","Berserk"],"picked":"Feed","floor":16.0},{"not_picked":["Pommel Strike","Sword Boomerang+1"],"picked":"True Grit+1","floor":18.0},{"not_picked":["Intimidate+1","Havoc+1"],"picked":"Battle Trance+1","floor":19.0},{"not_picked":["Body Slam","Rampage","Second Wind+1"],"picked":"SKIP","floor":20.0},{"not_picked":["Cleave","Bloodletting+1","Sword Boomerang"],"picked":"SKIP","floor":21.0},{"not_picked":["Heavy Blade","Rupture","Clothesline"],"picked":"SKIP","floor":23.0},{"not_picked":["Clash","Warcry+1"],"picked":"Juggernaut","floor":25.0},{"not_picked":["Cleave+1","Pommel Strike","Body Slam"],"picked":"SKIP","floor":27.0},{"not_picked":["Clash","Pommel Strike"],"picked":"Seeing Red+1","floor":29.0},{"not_picked":["Clash","Berserk"],"picked":"True Grit+1","floor":30.0},{"not_picked":["Sever Soul+1","True Grit+1","Clash"],"picked":"SKIP","floor":31.0},{"not_picked":["Impervious+1","Brutality"],"picked":"Limit Break+1","floor":33.0},{"not_picked":["Twin Strike","Warcry+1"],"picked":"Battle Trance+1","floor":35.0},{"not_picked":["Evolve","Pommel Strike","Rampage"],"picked":"SKIP","floor":36.0},{"not_picked":["Enlightenment+1","Madness+1"],"picked":"Chrysalis+1","floor":37.0},{"not_picked":["Sword Boomerang","Anger","Dropkick"],"picked":"SKIP","floor":41.0},{"not_picked":["Flame Barrier+1","Reckless Charge"],"picked":"Corruption+1","floor":44.0},{"not_picked":["Warcry+1","Perfected Strike","Heavy Blade"],"picked":"SKIP","floor":46.0},{"not_picked":["Feed","Entrench+1","Perfected Strike"],"picked":"SKIP","floor":47.0},{"not_picked":["Wild Strike","Headbutt"],"picked":"Offering+1","floor":54}],"player_experience":958407,"relics_obtained":[{"floor":6.0,"key":"Toxic Egg 2"},{"floor":7.0,"key":"Du-Vu Doll"},{"floor":13.0,"key":"FossilizedHelix"},{"floor":23.0,"key":"WingedGreaves"},{"floor":25.0,"key":"Pen Nib"},{"floor":26.0,"key":"Red Skull"},{"floor":29.0,"key":"MawBank"},{"floor":39.0,"key":"Mercury Hourglass"},{"floor":41.0,"key":"Centennial Puzzle"},{"floor":41.0,"key":"Whetstone"},{"floor":43.0,"key":"The Courier"},{"floor":44.0,"key":"Shuriken"},{"floor":44.0,"key":"Anchor"},{"floor":54,"key":"Self Forming Clay"},{"floor":54,"key":"Strawberry"}],"event_choices":[{"damage_healed":0.0,"max_hp_gain":0.0,"max_hp_loss":0.0,"gold_gain":50.0,"event_name":"FaceTrader","player_choice":"Touch","floor":4.0,"gold_loss":0.0,"damage_taken":7.0},{"damage_healed":0.0,"max_hp_gain":0.0,"max_hp_loss":0.0,"gold_gain":0.0,"event_name":"SensoryStone","player_choice":"Memory 1","floor":37.0,"gold_loss":0.0,"damage_taken":0.0},{"cards_removed":["Strike_R"],"damage_healed":0.0,"max_hp_gain":0.0,"max_hp_loss":0.0,"gold_gain":0.0,"event_name":"Falling","player_choice":"Removed Attack","floor":38.0,"gold_loss":0.0,"damage_taken":0.0}],"is_beta":true,"boss_relics":[{"not_picked":["Runic Cube","Pandora\u0027s Box"],"picked":"Runic Dome"},{"not_picked":["Orrery","Calling Bell"],"picked":"Black Star"}],"items_purged_floors":[10,22],"is_endless":false,"potions_floor_spawned":[2,5,6,14,21,25,29,30,31,41,46,47],"ascension_level":15}