{"gold_per_floor":[119,119,119,131,23,23,51,51,51,79,29,59,70,80,80,80],"floor_reached":16,"playtime":596,"items_purged":["Defend_R"],"score":236,"play_id":"5f558d79-4819-4c44-84dc-1d9b7214c671","local_time":"20190411173220","is_ascension_mode":true,"campfire_choices":[{"data":"Inflame","floor":6.0,"key":"SMITH"},{"floor":8,"key":"REST"},{"data":"Perfected Strike","floor":15,"key":"SMITH"}],"neow_cost":"NONE","seed_source_timestamp":31033998854008,"circlet_count":0,"master_deck":["AscendersBane","Strike_R","Strike_R","Strike_R","Strike_R","Strike_R","Defend_R+1","Defend_R+1","Defend_R","Bash","Twin Strike","Inflame+1","Iron Wave","Perfected Strike+1","Pommel Strike","Pommel Strike"],"special_seed":0,"relics":["Burning Blood","Juzu Bracelet","Anchor","Blood Vial","Smiling Mask","War Paint","Gambling Chip"],"potions_floor_usage":[10,12,16],"damage_taken":[{"damage":6.0,"enemies":"Small Slimes","floor":1.0,"turns":4.0},{"damage":0.0,"enemies":"Jaw Worm","floor":4.0,"turns":4.0},{"damage":35,"enemies":"3 Sentries","floor":7,"turns":8},{"damage":27,"enemies":"Gremlin Nob","floor":10,"turns":4},{"damage":30,"enemies":"Lagavulin","floor":12,"turns":6},{"damage":0,"enemies":"2 Louse","floor":13,"turns":2},{"damage":1,"enemies":"Looter","floor":14,"turns":2},{"damage":19,"enemies":"Hexaghost","floor":16,"turns":5}],"seed_played":"1164335701314684610","potions_obtained":[{"floor":7,"key":"Swift Potion"},{"floor":10,"key":"SteroidPotion"},{"floor":12,"key":"SteroidPotion"}],"is_trial":false,"path_per_floor":["?","?","$","$"],"character_chosen":"IRONCLAD","items_purchased":["Inflame","Iron Wave"],"campfire_rested":1,"item_purchase_floors":[5,5],"current_hp_per_floor":[68,68,50,56,56,56,27,49,49,30,30,8,16,23,23,6],"gold":80,"neow_bonus":"RANDOM_COMMON_RELIC","is_prod":false,"is_daily":false,"chose_seed":false,"campfire_upgraded":2,"win_rate":0,"timestamp":1555021940,"path_taken":["M","?","?","M","?","R","E","R","T","E","?","E","M","M","R","BOSS"],"build_version":"2019-01-23","purchased_purges":1,"victory":false,"max_hp_per_floor":[75,75,75,75,75,75,75,75,75,75,75,75,75,75,75,75],"card_choices":[{"not_picked":["True Grit","Havoc"],"picked":"Twin Strike","floor":1.0},{"not_picked":["Thunderclap","Pummel","Wild Strike"],"picked":"SKIP","floor":4.0},{"not_picked":["Anger","Clash","Reckless Charge"],"picked":"SKIP","floor":7},{"not_picked":["Searing Blow","Power Through"],"picked":"Perfected Strike","floor":10},{"not_picked":["Clash","Sentinel","Armaments"],"picked":"SKIP","floor":12},{"not_picked":["True Grit","Barricade"],"picked":"Pommel Strike","floor":13},{"not_picked":["Flex","Havoc"],"picked":"Pommel Strike","floor":14}],"player_experience":382814,"relics_obtained":[{"floor":7,"key":"Blood Vial"},{"floor":9,"key":"Smiling Mask"},{"floor":10,"key":"War Paint"},{"floor":12,"key":"Gambling Chip"}],"event_choices":[{"damage_healed":0.0,"max_hp_gain":0.0,"max_hp_loss":0.0,"gold_gain":0.0,"event_name":"Liars Game","player_choice":"Ignored","floor":2.0,"gold_loss":0.0,"damage_taken":0.0},{"damage_healed":0.0,"max_hp_gain":0.0,"max_hp_loss":0.0,"gold_gain":0.0,"event_name":"Scrap Ooze","player_choice":"Success","floor":3.0,"gold_loss":0.0,"damage_taken":18.0,"relics_obtained":["Anchor"]}],"is_beta":false,"boss_relics":[],"items_purged_floors":[11],"is_endless":false,"potions_floor_spawned":[7,10,12],"killed_by":"Hexaghost","ascension_level":20}