{"gold_per_floor":[112,112,126,141,106,106,131,143,143,157,168,168,168,200,200,200],"floor_reached":16,"playtime":525,"items_purged":[],"score":168,"play_id":"8aae5141-0ce5-410e-ae74-9af7d5b90b49","local_time":"20181126031234","is_ascension_mode":true,"campfire_choices":[{"data":"Zap","floor":6,"key":"SMITH"},{"data":"Hologram","floor":12,"key":"SMITH"},{"data":"Beam Cell","floor":15,"key":"SMITH"}],"neow_cost":"NONE","seed_source_timestamp":37318384256098,"circlet_count":0,"master_deck":["AscendersBane","Strike_B","Strike_B","Strike_B+1","Strike_B","Defend_B","Defend_B","Defend_B","Defend_B","Zap+1","Dualcast+1","Compile Driver","Hologram+1","Coolheaded","Ball Lightning","Self Repair","Beam Cell+1","Defragment"],"relics":["Cracked Core","Pen Nib","Cables","Shuriken","Sundial"],"potions_floor_usage":[16],"damage_taken":[{"damage":0,"enemies":"2 Louse","floor":1,"turns":3},{"damage":7,"enemies":"Jaw Worm","floor":3,"turns":3},{"damage":1,"enemies":"Small Slimes","floor":4,"turns":3},{"damage":19,"enemies":"3 Sentries","floor":7,"turns":7},{"damage":11,"enemies":"2 Fungi Beasts","floor":8,"turns":3},{"damage":4,"enemies":"Looter","floor":10,"turns":2},{"damage":14,"enemies":"Exordium Thugs","floor":11,"turns":4},{"damage":12,"enemies":"Gremlin Nob","floor":14,"turns":4},{"damage":33,"enemies":"Slime Boss","floor":16,"turns":5}],"seed_played":"874475903214057971","potions_obtained":[{"floor":10,"key":"Fire Potion"},{"floor":14,"key":"Regen Potion"}],"is_trial":false,"path_per_floor":["M","?","M","M","?","R","E","M","T","M","M","R","?","E","R","B"],"character_chosen":"DEFECT","items_purchased":[],"campfire_rested":0,"item_purchase_floors":[],"current_hp_per_floor":[68,53,46,45,63,63,44,33,33,29,22,22,22,17,17,0],"gold":200,"neow_bonus":"RANDOM_COMMON_RELIC","is_prod":false,"is_daily":false,"chose_seed":false,"campfire_upgraded":3,"win_rate":0,"timestamp":1543182154,"path_taken":["M","?","M","M","?","R","E","M","T","M","M","R","?","E","R","BOSS"],"build_version":"2018-11-15","purchased_purges":0,"victory":false,"max_hp_per_floor":[75,75,75,75,75,75,75,75,75,75,75,75,75,75,75,75],"card_choices":[{"not_picked":["Steam","Hologram"],"picked":"Compile Driver","floor":1},{"not_picked":["Streamline","Skim"],"picked":"Hologram","floor":3},{"not_picked":["Blizzard","Storm"],"picked":"Coolheaded","floor":4},{"not_picked":["Streamline","Hologram"],"picked":"Ball Lightning","floor":7},{"not_picked":["Redo","Beam Cell"],"picked":"Self Repair","floor":8},{"not_picked":["Leap","Skim"],"picked":"Beam Cell","floor":10},{"not_picked":["Sweeping Beam","Doom and Gloom","Turbo"],"picked":"SKIP","floor":11},{"not_picked":["Compile Driver","Seek"],"picked":"Defragment","floor":14}],"player_experience":784227,"relics_obtained":[{"floor":7,"key":"Cables"},{"floor":9,"key":"Shuriken"},{"floor":14,"key":"Sundial"}],"event_choices":[{"damage_healed":0,"gold_gain":0,"player_choice":"Entered Light","damage_taken":15,"max_hp_gain":0,"max_hp_loss":0,"event_name":"Shining Light","floor":2,"gold_loss":0,"cards_upgraded":["Strike_B","Dualcast"]},{"damage_healed":18,"gold_gain":0,"player_choice":"Healed","damage_taken":0,"max_hp_gain":0,"max_hp_loss":0,"event_name":"The Cleric","floor":5,"gold_loss":35},{"damage_healed":0,"gold_gain":0,"player_choice":"Ignored","damage_taken":0,"max_hp_gain":0,"max_hp_loss":0,"event_name":"Golden Wing","floor":13,"gold_loss":0}],"is_beta":true,"boss_relics":[],"items_purged_floors":[],"is_endless":false,"potions_floor_spawned":[10,14],"killed_by":"Slime Boss","ascension_level":10}