{"gold_per_floor":[118,118,43,43,58,58,76,108,108,108,119,119,119,148,148,148],"floor_reached":16,"playtime":756,"items_purged":["Regret"],"score":216,"play_id":"2d96b61d-f3f8-4d38-8f35-a0c0af1a375e","local_time":"20190205155205","is_ascension_mode":true,"campfire_choices":[{"data":"Dagger Throw","floor":6.0,"key":"SMITH"},{"floor":10.0,"key":"REST"},{"floor":12.0,"key":"REST"},{"data":"Dodge and Roll","floor":15.0,"key":"SMITH"}],"neow_cost":"CURSE","seed_source_timestamp":5836128557582652,"circlet_count":0,"master_deck":["AscendersBane","Defend_G","Defend_G","Defend_G","Defend_G","Defend_G","Strike_G","Strike_G+1","Strike_G","Strike_G","Strike_G","Survivor","Neutralize+1","Parasite","Dagger Throw+1","Dodge and Roll+1","PiercingWail","Dagger Spray","Dagger Throw","Quick Slash+1"],"special_seed":0,"relics":["Ring of the Snake","Ginger","Ice Cream","Bag of Preparation","Matryoshka","GremlinMask","Whetstone"],"potions_floor_usage":[16],"damage_taken":[{"damage":5.0,"enemies":"Small Slimes","floor":1.0,"turns":6.0},{"damage":6.0,"enemies":"Jaw Worm","floor":5.0,"turns":4.0},{"damage":0.0,"enemies":"Cultist","floor":7.0,"turns":4.0},{"damage":35.0,"enemies":"3 Sentries","floor":8.0,"turns":13.0},{"damage":13.0,"enemies":"Gremlin Gang","floor":11.0,"turns":4.0},{"damage":7.0,"enemies":"Lagavulin","floor":14.0,"turns":6.0},{"damage":32,"enemies":"The Guardian","floor":16,"turns":15}],"seed_played":"2621320531492089283","potions_obtained":[{"floor":7.0,"key":"FearPotion"},{"floor":14.0,"key":"Poison Potion"}],"is_trial":false,"path_per_floor":["M","?","$","?","M","R","M","E","T","R","M","R","?","E","R","B"],"character_chosen":"THE_SILENT","items_purchased":[],"campfire_rested":2,"item_purchase_floors":[],"current_hp_per_floor":[54,54,54,54,48,48,48,13,13,32,19,38,38,31,31,0],"gold":148,"neow_bonus":"ONE_RARE_RELIC","is_prod":false,"is_daily":false,"chose_seed":false,"campfire_upgraded":2,"win_rate":0,"timestamp":1549399925,"path_taken":["M","?","$","?","?","R","M","E","T","R","?","R","?","E","R","BOSS"],"build_version":"2019-01-23","purchased_purges":1,"victory":false,"max_hp_per_floor":[66,66,66,66,66,66,66,66,66,66,66,66,66,66,66,66],"card_choices":[{"not_picked":["Setup","Deflect"],"picked":"Dagger Throw","floor":1.0},{"not_picked":["Deflect","Distraction"],"picked":"Dodge and Roll","floor":5.0},{"not_picked":["Escape Plan","Backflip"],"picked":"PiercingWail","floor":7.0},{"not_picked":["Heel Hook","Sucker Punch"],"picked":"Dagger Spray","floor":8.0},{"not_picked":["Dagger Spray","Blade Dance"],"picked":"Dagger Throw","floor":11.0},{"not_picked":["Storm of Steel","Eviscerate"],"picked":"Quick Slash","floor":14.0}],"player_experience":714066,"relics_obtained":[{"floor":8.0,"key":"Bag of Preparation"},{"floor":9.0,"key":"Matryoshka"},{"floor":14.0,"key":"Whetstone"}],"event_choices":[{"damage_healed":0.0,"max_hp_gain":0.0,"max_hp_loss":0.0,"gold_gain":0.0,"event_name":"Big Fish","player_choice":"Box","floor":2.0,"gold_loss":0.0,"damage_taken":0.0,"relics_obtained":["Ice Cream"],"cards_obtained":["Regret"]},{"damage_healed":0.0,"max_hp_gain":0.0,"max_hp_loss":0.0,"gold_gain":0.0,"event_name":"Accursed Blacksmith","player_choice":"Forge","floor":4.0,"gold_loss":0.0,"damage_taken":0.0,"cards_upgraded":["Neutralize"]},{"damage_healed":0.0,"max_hp_gain":0.0,"max_hp_loss":0.0,"gold_gain":0.0,"event_name":"FaceTrader","player_choice":"Trade","floor":13.0,"gold_loss":0.0,"damage_taken":0.0,"relics_obtained":["GremlinMask"]}],"is_beta":true,"boss_relics":[],"items_purged_floors":[3],"is_endless":false,"potions_floor_spawned":[7,14],"killed_by":"The Guardian","ascension_level":20}