{"path_per_floor":["M","?","M","M","M","E","?","$","T","M","E","R","E","M","R","B",null,"M","?","?","M","M","R"],"character_chosen":"DEFECT","items_purchased":["DataDisk"],"gold_per_floor":[109,109,129,147,166,198,198,42,42,52,82,82,110,127,127,202,202,142,142,67,84,104,104,104],"floor_reached":24,"campfire_rested":2,"playtime":860,"current_hp_per_floor":[64,64,64,60,57,26,26,26,26,24,21,42,42,28,28,20,58,40,40,40,13,9,30,0],"items_purged":[],"gold":104,"score":422,"play_id":"c1557dfb-f018-4e67-9599-be5b9bc47ca3","local_time":"20180519133830","is_prod":false,"is_daily":false,"chose_seed":false,"is_ascension_mode":true,"campfire_upgraded":1,"timestamp":1526708310,"campfire_choices":[{"floor":12,"key":"REST"},{"data":"Chaos","floor":15,"key":"SMITH"},{"floor":23,"key":"REST"}],"path_taken":["M","?","M","M","M","E","?","$","T","M","E","R","E","M","R","BOSS","M","?","?","?","M","R","E"],"build_version":"2018-05-17","seed_source_timestamp":781716107498100,"purchased_purges":0,"victory":false,"master_deck":["Strike_B","Strike_B","Strike_B","Strike_B","Defend_B","Defend_B","Defend_B","Defend_B","Zap","Dualcast","AscendersBane","Go for the Eyes","Loop+1","Creative AI","Chill","Gash","Chaos+1","Darkness","Undo","Nova","Leap","Glacier"],"max_hp_per_floor":[71,71,71,71,71,71,71,71,71,71,71,71,71,71,71,71,71,71,71,71,71,71,71,71],"relics":["Cracked Core","Peace Pipe","DataDisk","Frozen Egg 2","Pantograph","Bottled Tornado","Inserter","Dream Catcher"],"card_choices":[{"not_picked":["Force Field","Hologram"],"picked":"Go for the Eyes","floor":1},{"not_picked":["Go for the Eyes","Hologram","Stack"],"picked":"SKIP","floor":3},{"not_picked":["Leap","Genetic Algorithm"],"picked":"Loop","floor":4},{"not_picked":["Hologram","Rebound"],"picked":"Creative AI","floor":5},{"not_picked":["Recycle","Seek"],"picked":"Chill","floor":6},{"not_picked":["Streamline","Sweeping Beam"],"picked":"Gash","floor":10},{"not_picked":["Tempest","Multi-Cast"],"picked":"Chaos","floor":11},{"not_picked":["Go for the Eyes","Axe Kick"],"picked":"Darkness","floor":13},{"not_picked":["Double Energy","Ball Lightning"],"picked":"Undo","floor":14},{"not_picked":["All For One","Hyperbeam"],"picked":"Nova","floor":16},{"not_picked":["Coolheaded","Capacitor+1"],"picked":"Leap","floor":18},{"not_picked":["Hologram","Static Discharge+1"],"picked":"Glacier","floor":21},{"not_picked":["Stack","Cold Snap","Coolheaded"],"picked":"SKIP","floor":22}],"player_experience":1011169,"potions_floor_usage":[16,16,24],"damage_taken":[{"damage":0,"enemies":"Cultist","floor":1,"turns":4},{"damage":0,"enemies":"Small Slimes","floor":3,"turns":3},{"damage":4,"enemies":"Jaw Worm","floor":4,"turns":3},{"damage":3,"enemies":"Blue Slaver","floor":5,"turns":3},{"damage":31,"enemies":"Lagavulin","floor":6,"turns":8},{"damage":2,"enemies":"3 Louse","floor":10,"turns":3},{"damage":3,"enemies":"3 Sentries","floor":11,"turns":8},{"damage":0,"enemies":"Lagavulin","floor":13,"turns":9},{"damage":14,"enemies":"Red Slaver","floor":14,"turns":3},{"damage":33,"enemies":"Hexaghost","floor":16,"turns":10},{"damage":18,"enemies":"2 Thieves","floor":18,"turns":4},{"damage":27,"enemies":"Shell Parasite","floor":21,"turns":7},{"damage":4,"enemies":"Snecko","floor":22,"turns":7},{"damage":35,"enemies":"Slavers","floor":24,"turns":3}],"relics_obtained":[{"floor":6,"key":"Peace Pipe"},{"floor":9,"key":"Frozen Egg 2"},{"floor":11,"key":"Pantograph"},{"floor":13,"key":"Bottled Tornado"}],"event_choices":[{"event_name":"The Cleric","player_choice":"Leave","floor":2,"damage_taken":0},{"event_name":"Living Wall","player_choice":"Grow","floor":7,"damage_taken":0},{"event_name":"The Mausoleum","player_choice":"Yes","floor":19,"damage_taken":0},{"event_name":"Beggar","player_choice":"Gave Gold","floor":20,"damage_taken":0}],"boss_relics":[{"not_picked":["Tiny House","Calling Bell"],"picked":"Inserter"}],"potions_floor_spawned":[1,10,11,14,21],"seed_played":"-4216495764121774595","killed_by":"Slavers","ascension_level":15,"potions_obtained":[{"floor":1,"key":"Dexterity Potion"},{"floor":10,"key":"Block Potion"},{"floor":11,"key":"SteroidPotion"},{"floor":14,"key":"Block Potion"},{"floor":21,"key":"Weak Potion"}],"is_trial":false}