{"gold_per_floor":[110,64,80,91,107,135,135,163,163,163,238,238,252,267,267,371,371,385,385,212,225,236,236,246,246,246,263,280,280,312,31,31,31],"floor_reached":33,"playtime":1406,"items_purged":["Writhe","Strike_B"],"score":324,"play_id":"e1f473b8-cded-462f-bc92-daab17e29d67","local_time":"20180722110025","is_ascension_mode":true,"campfire_choices":[{"data":"Defragment","floor":7,"key":"SMITH"},{"data":"Hologram","floor":12,"key":"SMITH"},{"data":"Sunder","floor":15,"key":"SMITH"},{"data":"Creative AI","floor":23,"key":"SMITH"},{"data":"Auto Shields","floor":25,"key":"SMITH"},{"data":"Blizzard","floor":29,"key":"SMITH"},{"floor":32,"key":"REST"}],"neow_cost":"NONE","seed_source_timestamp":6714416683459,"circlet_count":0,"master_deck":["Strike_B","Strike_B","Strike_B","Defend_B","Defend_B","Defend_B","Defend_B","Zap+1","Dualcast","Ball Lightning","Leap","Sunder+1","BootSequence","Hologram+1","Defragment+1","Glacier","FTL","Auto Shields+1","Creative AI+1","Flash of Steel","White Noise+1","Defragment+1","Loop+1","Blizzard+1","Capacitor+1"],"relics":["FrozenCore","Bag of Marbles","Question Card","Shuriken","Frozen Egg 2","Singing Bowl","Red Mask","Juzu Bracelet"],"potions_floor_usage":[8,16,30,30],"damage_taken":[{"damage":0,"enemies":"Cultist","floor":1,"turns":3},{"damage":0,"enemies":"2 Louse","floor":3,"turns":2},{"damage":0,"enemies":"Small Slimes","floor":4,"turns":2},{"damage":0,"enemies":"Blue Slaver","floor":5,"turns":3},{"damage":31,"enemies":"Gremlin Nob","floor":6,"turns":4},{"damage":13,"enemies":"3 Sentries","floor":8,"turns":6},{"damage":0,"enemies":"2 Fungi Beasts","floor":13,"turns":3},{"damage":1,"enemies":"Gremlin Gang","floor":14,"turns":3},{"damage":19,"enemies":"Slime Boss","floor":16,"turns":11},{"damage":0,"enemies":"Spheric Guardian","floor":18,"turns":6},{"damage":0,"enemies":"2 Thieves","floor":21,"turns":5},{"damage":0,"enemies":"Cultist and Chosen","floor":22,"turns":5},{"damage":20,"enemies":"Snake Plant","floor":24,"turns":5},{"damage":0,"enemies":"Centurion and Healer","floor":27,"turns":7},{"damage":6,"enemies":"Snecko","floor":28,"turns":7},{"damage":24,"floor":30,"turns":6},{"damage":0,"enemies":"Automaton","floor":33,"turns":2}],"seed_played":"-1875175452511353178","potions_obtained":[{"floor":4,"key":"SteroidPotion"},{"floor":5,"key":"FearPotion"},{"floor":6,"key":"Regen Potion"},{"floor":8,"key":"EssenceOfSteel"},{"floor":21,"key":"Ancient Potion"}],"is_trial":false,"path_per_floor":["M","$","M","M","M","E","R","E","T","?","?","R","M","M","R","B",null,"M","?","$","M","M","R","M","R","T","M","M","R","?","$","R"],"character_chosen":"DEFECT","items_purchased":["Leap","Flash of Steel","Capacitor+1","Juzu Bracelet"],"campfire_rested":1,"item_purchase_floors":[2,20,31,31],"current_hp_per_floor":[75,75,75,75,75,44,44,45,45,45,34,34,34,33,33,14,60,60,60,60,60,60,60,40,40,40,40,34,34,12,12,35,35],"gold":31,"neow_bonus":"UPGRADE_CARD","is_prod":false,"is_daily":false,"chose_seed":false,"campfire_upgraded":6,"win_rate":0,"timestamp":1532237425,"path_taken":["M","?","M","M","M","E","R","E","T","?","?","R","?","?","R","BOSS","M","?","$","M","?","R","M","R","T","M","M","R","?","?","R","BOSS"],"build_version":"2018-07-19","purchased_purges":2,"victory":false,"max_hp_per_floor":[75,75,75,75,75,75,75,75,75,75,75,75,75,75,75,75,75,75,75,75,75,75,75,75,75,75,75,75,75,77,77,77,77],"card_choices":[{"not_picked":["Go for the Eyes","Hologram"],"picked":"Ball Lightning","floor":1},{"not_picked":["Gash","Genetic Algorithm"],"picked":"Sunder","floor":3},{"not_picked":["Turbo","Streamline"],"picked":"BootSequence","floor":4},{"not_picked":["Streamline","Steam Power"],"picked":"Hologram","floor":5},{"not_picked":["Force Field","Tempest"],"picked":"Defragment","floor":6},{"not_picked":["FTL","Double Energy"],"picked":"Glacier","floor":8},{"not_picked":["Coolheaded","Self Repair","Streamline"],"picked":"FTL","floor":13},{"not_picked":["Go for the Eyes","Melter","Fusion"],"picked":"Auto Shields","floor":14},{"not_picked":["Amplify","Buffer","Machine Learning"],"picked":"Creative AI","floor":16},{"not_picked":["Force Field","Aggregate","Auto Shields","Sweeping Beam"],"picked":"SKIP","floor":18},{"not_picked":["Auto Shields","Streamline","Fusion"],"picked":"White Noise+1","floor":21},{"not_picked":["Beam Cell","Rebound+1","Barrage"],"picked":"Defragment+1","floor":22},{"not_picked":["Hello World+1","Consume","Barrage","Cold Snap"],"picked":"SKIP","floor":24},{"not_picked":["Rip and Tear+1","Genetic Algorithm+1","FTL"],"picked":"Loop+1","floor":27},{"not_picked":["Melter","Tempest","Leap"],"picked":"Blizzard","floor":28},{"not_picked":["Chaos","Cold Snap","Coolheaded","Stack"],"picked":"Singing Bowl","floor":30}],"player_experience":319192,"relics_obtained":[{"floor":6,"key":"Bag of Marbles"},{"floor":8,"key":"Question Card"},{"floor":9,"key":"Shuriken"},{"floor":26,"key":"Singing Bowl"},{"floor":30,"key":"Red Mask"}],"event_choices":[{"event_name":"Liars Game","player_choice":"disagreed","floor":10,"damage_taken":0},{"event_name":"World of Goop","player_choice":"Gather Gold","floor":11,"damage_taken":0},{"event_name":"The Mausoleum","player_choice":"Yes","floor":19,"damage_taken":0},{"event_name":"Masked Bandits","player_choice":"Fought over 280 gold","floor":30,"damage_taken":0}],"is_beta":true,"boss_relics":[{"not_picked":["Sozu","Black Star"],"picked":"FrozenCore"}],"items_purged_floors":[20,31],"is_endless":false,"potions_floor_spawned":[4,5,6,8,13,21,28],"killed_by":"Automaton","ascension_level":5}