{"gold_per_floor":[10,29,46,22,36,36,62,82,82,94,112,112],"floor_reached":12,"playtime":921,"items_purged":[],"score":97,"play_id":"a44ff5a4-2cc0-490b-a4d1-8fc54da9e249","local_time":"20190205145358","is_ascension_mode":true,"campfire_choices":[{"data":"Noxious Fumes","floor":6,"key":"SMITH"}],"neow_cost":"NO_GOLD","seed_source_timestamp":50541746270865,"circlet_count":0,"master_deck":["Defend_G","Defend_G","Defend_G","Defend_G","Defend_G","Strike_G","Strike_G","Strike_G","Strike_G","Strike_G","Survivor","Neutralize","Quick Slash","Dagger Throw","Slice","Cloak And Dagger","PiercingWail","Acrobatics","Noxious Fumes+1","Deadly Poison","Deadly Poison","Dodge and Roll","Dagger Spray","Bane","Backflip"],"relics":["Ring of the Snake","Prayer Wheel","Lantern","Sundial"],"potions_floor_usage":[],"damage_taken":[{"damage":9,"enemies":"Small Slimes","floor":1,"turns":6},{"damage":3,"enemies":"2 Louse","floor":2,"turns":3},{"damage":1,"enemies":"Jaw Worm","floor":3,"turns":3},{"damage":3,"enemies":"Blue Slaver","floor":5,"turns":4},{"damage":21,"enemies":"3 Sentries","floor":7,"turns":7},{"damage":5,"enemies":"Looter","floor":8,"turns":3},{"damage":9,"enemies":"3 Louse","floor":10,"turns":3},{"damage":4,"enemies":"Exordium Wildlife","floor":11,"turns":4},{"damage":0,"enemies":"Lagavulin","floor":12,"turns":2}],"seed_played":"7396448140268276783","potions_obtained":[{"floor":5,"key":"Ancient Potion"},{"floor":7,"key":"LiquidBronze"},{"floor":8,"key":"Strength Potion"}],"is_trial":false,"path_per_floor":["M","M","M","$","M","R","E","M","T","M","M","E"],"character_chosen":"THE_SILENT","items_purchased":["Acrobatics"],"campfire_rested":0,"item_purchase_floors":[4],"current_hp_per_floor":[61,58,57,57,54,54,33,28,28,19,15,15],"gold":112,"neow_bonus":"ONE_RARE_RELIC","is_prod":false,"is_daily":false,"chose_seed":false,"campfire_upgraded":1,"win_rate":0,"timestamp":1549374838,"path_taken":["M","M","M","$","M","R","E","M","T","M","M","E"],"build_version":"2019-01-23","purchased_purges":0,"victory":false,"max_hp_per_floor":[70,70,70,70,70,70,70,70,70,70,70,70],"card_choices":[{"not_picked":["Bane","Blade Dance"],"picked":"Quick Slash","floor":1},{"not_picked":["Sucker Punch","Riddle With Holes"],"picked":"Dagger Throw","floor":1},{"not_picked":["Heel Hook","Quick Slash"],"picked":"Slice","floor":2},{"not_picked":["Eviscerate","Poisoned Stab","Expertise"],"picked":"SKIP","floor":2},{"not_picked":["Deadly Poison","Predator"],"picked":"Cloak And Dagger","floor":3},{"not_picked":["Concentrate","Burst"],"picked":"PiercingWail","floor":3},{"not_picked":["Poisoned Stab","Slice"],"picked":"Noxious Fumes","floor":5},{"not_picked":["Poisoned Stab","Accuracy","Acrobatics"],"picked":"SKIP","floor":5},{"not_picked":["Tactician","Calculated Gamble","Deadly Poison"],"picked":"SKIP","floor":7},{"not_picked":["Underhanded Strike","Finisher"],"picked":"Deadly Poison","floor":8},{"not_picked":["Blade Dance","Well Laid Plans"],"picked":"Deadly Poison","floor":8},{"not_picked":["Deadly Poison","Night Terror"],"picked":"Dodge and Roll","floor":10},{"not_picked":["Dodge and Roll","Underhanded Strike"],"picked":"Dagger Spray","floor":10},{"not_picked":["Deadly Poison","Sucker Punch"],"picked":"Bane","floor":11},{"not_picked":["Cloak And Dagger","Sucker Punch"],"picked":"Backflip","floor":11}],"player_experience":121948,"relics_obtained":[{"floor":7,"key":"Lantern"},{"floor":9,"key":"Sundial"}],"event_choices":[],"is_beta":false,"boss_relics":[],"items_purged_floors":[],"is_endless":false,"potions_floor_spawned":[5,7,8,11],"killed_by":"Lagavulin","ascension_level":3}