{"path_per_floor":["M","?","?","M","$","R","E","R","T","R","M","E","$","M","R","B",null,"M","M","M"],"character_chosen":"DEFECT","items_purchased":["Doom and Gloom","Gash"],"gold_per_floor":[110,110,60,77,40,40,69,69,69,69,86,111,39,56,56,154,154,167,180,197,197],"floor_reached":21,"campfire_rested":0,"playtime":589,"current_hp_per_floor":[61,54,54,54,54,54,42,42,42,42,52,55,55,55,55,34,65,35,41,27,0],"items_purged":[],"gold":197,"score":265,"play_id":"452e6967-4185-4979-9265-56ee303b348c","local_time":"20180506154259","is_prod":false,"is_daily":false,"chose_seed":false,"is_ascension_mode":true,"campfire_upgraded":4,"timestamp":1525592579,"path_taken":["M","?","?","M","$","R","E","R","T","R","M","E","$","M","R","BOSS","M","M","M","M"],"build_version":"2018-05-03","seed_source_timestamp":93876011510139,"purchased_purges":0,"victory":false,"master_deck":["Strike_B","Strike_B","Strike_B+1","Defend_B","Defend_B","Defend_B","Zap+1","Dualcast+1","Leap+1","Doom and Gloom","Doom and Gloom+1","Self Repair","Loop+1","Barrage+1","Gash+1","FTL+1","Seek","Defragment","Buffer","Rebound+1","Conserve Battery","Hologram","Echo Form","Recycle","Defragment"],"max_hp_per_floor":[75,75,75,75,75,75,75,75,75,75,75,75,75,75,75,75,75,75,75,75,75],"relics":["Cracked Core","DataDisk","Molten Egg 2","Whetstone","Orrery"],"card_choices":[{"not_picked":["Melter","Ball Lightning"],"picked":"Leap","floor":1.0},{"not_picked":["Skim","Capacitor"],"picked":"Doom and Gloom","floor":4.0},{"not_picked":["All For One","Sunder"],"picked":"Self Repair","floor":7.0},{"not_picked":["Leap","Axe Kick"],"picked":"Loop","floor":11.0},{"not_picked":["Reprogram","Skim"],"picked":"Barrage","floor":12.0},{"not_picked":["Steam Power","Capacitor"],"picked":"FTL","floor":14},{"not_picked":["Prime","Fusion"],"picked":"Seek","floor":16},{"not_picked":["Axe Kick","Skim"],"picked":"Defragment","floor":17},{"not_picked":["Turbo","Coolheaded"],"picked":"Buffer","floor":17},{"not_picked":["Capacitor","Consume"],"picked":"Rebound","floor":17},{"not_picked":["Doom and Gloom","Coolheaded"],"picked":"Conserve Battery","floor":17},{"not_picked":["Streamline","Sweeping Beam"],"picked":"Hologram","floor":17},{"not_picked":["Axe Kick","Skim"],"picked":"Echo Form","floor":18},{"not_picked":["Rebound","Rip and Tear"],"picked":"Recycle","floor":19},{"not_picked":["Sunder","Go for the Eyes"],"picked":"Defragment","floor":20}],"player_experience":957611,"potions_floor_usage":[19,19,20,21],"damage_taken":[{"damage":7.0,"enemies":"Jaw Worm","floor":1.0,"turns":3.0},{"damage":0.0,"enemies":"2 Louse","floor":4.0,"turns":2.0},{"damage":21.0,"enemies":"3 Sentries","floor":7.0,"turns":5.0},{"damage":0.0,"enemies":"Small Slimes","floor":11.0,"turns":2.0},{"damage":4.0,"enemies":"Gremlin Nob","floor":12.0,"turns":3.0},{"damage":0.0,"enemies":"Exordium Wildlife","floor":14.0,"turns":2.0},{"damage":21,"enemies":"Hexaghost","floor":16,"turns":6},{"damage":30,"enemies":"2 Thieves","floor":18,"turns":5},{"damage":10,"enemies":"3 Byrds","floor":19,"turns":4},{"damage":26,"enemies":"Cultist and Chosen","floor":20,"turns":5},{"damage":33,"enemies":"Sentry and Sphere","floor":21,"turns":5}],"event_choices":[{"event_name":"Golden Wing","player_choice":"Card Removal","floor":2.0,"damage_taken":0.0},{"event_name":"The Cleric","player_choice":"Card Removal","floor":3.0,"damage_taken":0.0}],"boss_relics":[{"not_picked":["White Beast Statue","Black Star"],"picked":"Orrery"}],"potions_floor_spawned":[1,7,14,16,18,20],"seed_played":"5303316148301106986","killed_by":"Sentry and Sphere","ascension_level":8,"is_trial":false}