{"gold_per_floor":[112,112,129,146,70,102,102,135,135,135,135,167,212,230,230,326,326,337,352,352,352,366,393,393,393,417,428,272,272,284,184,184,289,289,301,401,401,418,101,133,133,153,153,153,167,185,13,13,13,13,13,13,13,39,39],"floor_reached":56,"playtime":7538,"items_purged":["Regret","Strike_G","Strike_G"],"score":1439,"play_id":"e70fd343-62f3-4faa-9a57-8b9ea33b34ac","local_time":"20190415223536","is_ascension_mode":true,"campfire_choices":[{"data":"Noxious Fumes","floor":7,"key":"SMITH"},{"floor":10,"key":"REST"},{"data":"Bullet Time","floor":15,"key":"SMITH"},{"floor":24,"key":"RECALL"},{"floor":29,"key":"REST"},{"floor":32,"key":"REST"},{"data":"Strike_G","floor":41,"key":"PURGE"},{"data":"Strike_G","floor":44,"key":"PURGE"},{"floor":49,"key":"REST"},{"data":"Defend_G","floor":52,"key":"PURGE"}],"neow_cost":"NONE","seed_source_timestamp":354049992208096,"circlet_count":0,"master_deck":["Defend_G","Defend_G","Defend_G","Survivor","Neutralize+1","Noxious Fumes+1","Well Laid Plans","Bullet Time+1","Footwork","Cloak And Dagger","Dash+1","Acrobatics","Backflip","Burst","Footwork+1","Crippling Poison+1","J.A.X.","Blur","Cloak And Dagger","Leg Sweep","Footwork","Footwork","Doppelganger","Backflip+1","Bouncing Flask+1","Escape Plan+1","Secret Weapon","Prepared+1","Malaise","Prepared+1","Apotheosis"],"special_seed":0,"relics":["Ring of the Snake","Ginger","Dodecahedron","Snake Skull","Mango","Mercury Hourglass","Bag of Preparation","Happy Flower","Fusion Hammer","Strawberry","Regal Pillow","Sozu","Peace Pipe","Singing Bowl","Pantograph","Whetstone"],"potions_floor_usage":[6,6,12,14,33],"damage_taken":[{"damage":4,"enemies":"Small Slimes","floor":1,"turns":5},{"damage":0,"enemies":"Jaw Worm","floor":3,"turns":4},{"damage":1,"enemies":"2 Louse","floor":4,"turns":4},{"damage":17,"enemies":"Gremlin Nob","floor":6,"turns":5},{"damage":0,"enemies":"3 Sentries","floor":8,"turns":7},{"damage":19,"enemies":"Gremlin Nob","floor":12,"turns":4},{"damage":1,"enemies":"Blue Slaver","floor":14,"turns":3},{"damage":3,"enemies":"The Guardian","floor":16,"turns":11},{"damage":0,"enemies":"3 Byrds","floor":18,"turns":4},{"damage":3,"enemies":"Spheric Guardian","floor":19,"turns":6},{"damage":1,"enemies":"Shelled Parasite and Fungi","floor":22,"turns":5},{"damage":12,"enemies":"Book of Stabbing","floor":23,"turns":6},{"damage":3,"enemies":"Centurion and Healer","floor":27,"turns":7},{"damage":0,"enemies":"Sentry and Sphere","floor":30,"turns":6},{"damage":24,"enemies":"Automaton","floor":33,"turns":11},{"damage":0,"enemies":"3 Darklings","floor":35,"turns":5},{"damage":3,"enemies":"Mind Bloom Boss Battle","floor":36,"turns":8},{"damage":0,"enemies":"3 Shapes","floor":38,"turns":4},{"damage":10,"enemies":"Nemesis","floor":40,"turns":7},{"damage":20,"enemies":"Jaw Worm Horde","floor":42,"turns":4},{"damage":3,"enemies":"4 Shapes","floor":45,"turns":5},{"damage":0,"enemies":"Sphere and 2 Shapes","floor":46,"turns":5},{"damage":21,"enemies":"Awakened One","floor":50,"turns":12},{"damage":7,"enemies":"Shield and Spear","floor":54,"turns":7},{"damage":31,"enemies":"The Heart","floor":55,"turns":11}],"seed_played":"-8362687018089839889","potions_obtained":[{"floor":1,"key":"SpeedPotion"},{"floor":3,"key":"PowerPotion"},{"floor":4,"key":"FearPotion"},{"floor":12,"key":"Fruit Juice"},{"floor":18,"key":"Poison Potion"}],"is_trial":false,"path_per_floor":["M","?","M","M","$","E","R","E","T","R","?","E","T","M","R","B",null,"M","M","?","?","M","E","R","T","T","M","$","R","M","$","R","B",null,"M","?","?","M","$","E","R","M","T","R","M","M","$","?","R","B",null,"R","$","E","B",null],"character_chosen":"THE_SILENT","items_purchased":["Footwork","Footwork","Secret Weapon","Apotheosis"],"campfire_rested":4,"item_purchase_floors":[5,28,39,47],"current_hp_per_floor":[73,70,70,69,69,52,52,52,66,91,91,72,72,76,76,73,96,96,93,93,93,92,87,87,87,87,84,84,103,103,103,103,79,103,103,100,100,100,100,90,90,70,70,70,67,69,69,69,105,84,105,105,105,100,76],"gold":39,"neow_bonus":"TEN_PERCENT_HP_BONUS","is_prod":false,"is_daily":false,"chose_seed":false,"campfire_upgraded":2,"win_rate":0,"timestamp":1555364136,"path_taken":["M","?","M","M","$","E","R","E","T","R","?","E","?","M","R","BOSS","M","M","?","?","M","E","R","?","T","M","$","R","M","$","R","BOSS","M","?","?","M","$","E","R","M","T","R","M","M","$","?","R","BOSS","R","$","E","BOSS"],"build_version":"2019-01-23","purchased_purges":3,"victory":true,"max_hp_per_floor":[77,77,77,77,77,77,77,77,91,91,91,91,91,96,96,96,96,96,96,96,96,96,103,103,103,103,103,103,103,103,103,103,103,103,103,103,103,103,103,103,103,103,103,103,103,105,105,105,105,105,105,105,105,107,107],"card_choices":[{"not_picked":["Slice","Flying Knee"],"picked":"Noxious Fumes","floor":1},{"not_picked":["Riddle With Holes","Slice"],"picked":"Well Laid Plans","floor":3},{"not_picked":["Backstab","Acrobatics"],"picked":"Bullet Time","floor":4},{"not_picked":["Outmaneuver","Grand Finale"],"picked":"Cloak And Dagger","floor":6},{"not_picked":["Calculated Gamble","Deflect"],"picked":"Dash","floor":8},{"not_picked":["Caltrops","Reflex"],"picked":"Acrobatics","floor":12},{"not_picked":["Flying Knee","Calculated Gamble"],"picked":"Backflip","floor":14},{"not_picked":["Malaise","Unload"],"picked":"Burst","floor":16},{"not_picked":["PiercingWail","Outmaneuver"],"picked":"Footwork+1","floor":18},{"not_picked":["Blade Dance","Underhanded Strike+1"],"picked":"Crippling Poison+1","floor":19},{"not_picked":["Slice","Deflect"],"picked":"Cloak And Dagger","floor":22},{"not_picked":["Accuracy","Riddle With Holes"],"picked":"Leg Sweep","floor":23},{"not_picked":["Dodge and Roll+1","Flying Knee"],"picked":"Footwork","floor":27},{"not_picked":["Flechettes","Bane","Setup"],"picked":"SKIP","floor":30},{"not_picked":["Glass Knife","Wraith Form v2"],"picked":"Doppelganger","floor":33},{"not_picked":["Leg Sweep","Catalyst"],"picked":"Backflip+1","floor":35},{"not_picked":["Slice+1","Backstab+1"],"picked":"Bouncing Flask+1","floor":36},{"not_picked":["Deadly Poison","Dagger Spray"],"picked":"Escape Plan+1","floor":38},{"not_picked":["Underhanded Strike+1","Sucker Punch"],"picked":"Prepared+1","floor":40},{"not_picked":["Bane+1","Reflex"],"picked":"Malaise","floor":42},{"not_picked":["Backstab","Cloak And Dagger"],"picked":"Prepared+1","floor":45},{"not_picked":["Predator+1","Terror","Blade Dance"],"picked":"Singing Bowl","floor":46},{"not_picked":["Expertise","Flying Knee","Deadly Poison"],"picked":"Singing Bowl","floor":54}],"player_experience":124624,"relics_obtained":[{"floor":6,"key":"Dodecahedron"},{"floor":8,"key":"Snake Skull"},{"floor":9,"key":"Mango"},{"floor":12,"key":"Bag of Preparation"},{"floor":13,"key":"Happy Flower"},{"floor":23,"key":"Strawberry"},{"floor":26,"key":"Regal Pillow"},{"floor":36,"key":"Peace Pipe"},{"floor":40,"key":"Singing Bowl"},{"floor":43,"key":"Pantograph"},{"floor":54,"key":"Whetstone"}],"event_choices":[{"damage_healed":0,"gold_gain":0,"player_choice":"Success","damage_taken":3,"relics_obtained":["Ginger"],"max_hp_gain":0,"max_hp_loss":0,"event_name":"Scrap Ooze","floor":2,"gold_loss":0},{"damage_healed":0,"gold_gain":0,"player_choice":"Box","damage_taken":0,"relics_obtained":["Mercury Hourglass"],"max_hp_gain":0,"max_hp_loss":0,"event_name":"Big Fish","floor":11,"gold_loss":0,"cards_obtained":["Regret"]},{"damage_healed":0,"gold_gain":0,"player_choice":"Obtain J.A.X.","damage_taken":0,"max_hp_gain":0,"max_hp_loss":0,"event_name":"Drug Dealer","floor":20,"gold_loss":0,"cards_obtained":["J.A.X."]},{"damage_healed":0,"gold_gain":0,"player_choice":"Read","damage_taken":0,"max_hp_gain":0,"max_hp_loss":0,"event_name":"The Library","floor":21,"gold_loss":0,"cards_obtained":["Blur"]},{"damage_healed":0,"gold_gain":0,"player_choice":"Fight","damage_taken":0,"max_hp_gain":0,"max_hp_loss":0,"event_name":"MindBloom","floor":36,"gold_loss":0},{"cards_removed":["Strike_G"],"damage_healed":0,"gold_gain":0,"player_choice":"Removed Attack","damage_taken":0,"max_hp_gain":0,"max_hp_loss":0,"event_name":"Falling","floor":37,"gold_loss":0},{"cards_removed":["Defend_G"],"damage_healed":0,"gold_gain":0,"player_choice":"Purged","damage_taken":0,"max_hp_gain":0,"max_hp_loss":0,"event_name":"Purifier","floor":48,"gold_loss":0}],"is_beta":false,"boss_relics":[{"not_picked":["Empty Cage","WristBlade"],"picked":"Fusion Hammer"},{"not_picked":["Runic Dome","Snecko Eye"],"picked":"Sozu"}],"items_purged_floors":[28,31,39],"is_endless":false,"potions_floor_spawned":[1,3,4,12,18,35,46],"ascension_level":2}