{"gold_per_floor":[109,119,119,69,69,95,95,107,107,56,76,76,86,100,100,205,205,205],"floor_reached":18,"playtime":585,"items_purged":[],"score":187,"play_id":"6cac43b4-d48c-4e75-a01b-97ffb2fce6b3","local_time":"20190421112835","is_ascension_mode":false,"campfire_choices":[{"floor":7,"key":"REST"},{"data":"Turbo","floor":12,"key":"SMITH"},{"floor":15,"key":"REST"}],"neow_cost":"NONE","seed_source_timestamp":151980838001756,"circlet_count":0,"master_deck":["Strike_B","Strike_B","Strike_B","Defend_B","Defend_B","Defend_B","Defend_B","Zap","Dualcast","Machine Learning","Beam Cell","Scrape","Beam Cell","Turbo+1","Gash","Core Surge"],"relics":["Cracked Core","Mango","Lizard Tail"],"potions_floor_usage":[6,6,14,14],"damage_taken":[{"damage":6,"enemies":"Jaw Worm","floor":1,"turns":3},{"damage":1,"enemies":"2 Louse","floor":2,"turns":2},{"damage":27,"enemies":"Gremlin Nob","floor":6,"turns":4},{"damage":2,"enemies":"Small Slimes","floor":8,"turns":3},{"damage":10,"enemies":"Exordium Thugs","floor":11,"turns":3},{"damage":7,"enemies":"3 Louse","floor":13,"turns":4},{"damage":9,"enemies":"Lots of Slimes","floor":14,"turns":3},{"damage":80,"enemies":"Slime Boss","floor":16,"turns":11},{"damage":0,"enemies":"2 Thieves","floor":18,"turns":1}],"seed_played":"3194530002654596930","potions_obtained":[{"floor":5,"key":"Explosive Potion"},{"floor":5,"key":"SteroidPotion"},{"floor":5,"key":"Weak Potion"},{"floor":11,"key":"EssenceOfSteel"},{"floor":13,"key":"Fire Potion"}],"is_trial":false,"path_per_floor":["M","M","?","?","?","E","R","M","T","$","M","R","M","M","R","B",null,"M"],"character_chosen":"DEFECT","items_purchased":["Beam Cell"],"campfire_rested":2,"item_purchase_floors":[10],"current_hp_per_floor":[69,68,73,73,73,60,88,86,86,86,76,76,69,60,88,8,94,94],"gold":205,"neow_bonus":"ONE_RANDOM_RARE_CARD","is_prod":false,"is_daily":false,"chose_seed":false,"campfire_upgraded":1,"win_rate":0,"timestamp":1555860515,"path_taken":["M","M","?","?","?","E","R","M","T","$","M","R","M","?","R","BOSS","M"],"build_version":"2019-01-23","purchased_purges":0,"victory":false,"max_hp_per_floor":[75,75,80,80,80,94,94,94,94,94,94,94,94,94,94,94,94,94],"card_choices":[{"not_picked":["Streamline","Consume"],"picked":"Beam Cell","floor":1},{"not_picked":["Undo","Barrage","Ball Lightning"],"picked":"SKIP","floor":2},{"not_picked":["Hologram","Aggregate","Skim"],"picked":"SKIP","floor":6},{"not_picked":["Leap","Compile Driver"],"picked":"Scrape","floor":8},{"not_picked":["Conserve Battery","Redo"],"picked":"Turbo","floor":11},{"not_picked":["Biased Cognition","Compile Driver"],"picked":"Gash","floor":13},{"not_picked":["Glacier","Turbo","Rip and Tear"],"picked":"SKIP","floor":14},{"not_picked":["Amplify","Multi-Cast"],"picked":"Core Surge","floor":16}],"player_experience":182971,"relics_obtained":[{"floor":6,"key":"Mango"}],"event_choices":[{"damage_healed":0,"gold_gain":0,"player_choice":"Donut","damage_taken":0,"max_hp_gain":5,"max_hp_loss":0,"event_name":"Big Fish","floor":3,"gold_loss":0},{"cards_removed":["Strike_B"],"damage_healed":0,"gold_gain":0,"player_choice":"Card Removal","damage_taken":0,"max_hp_gain":0,"max_hp_loss":0,"event_name":"The Cleric","floor":4,"gold_loss":50},{"damage_healed":0,"gold_gain":0,"player_choice":"Got Potions","damage_taken":0,"max_hp_gain":0,"max_hp_loss":0,"event_name":"Lab","floor":5,"gold_loss":0}],"is_beta":false,"boss_relics":[{"not_picked":["White Beast Statue","Eternal Feather"],"picked":"Lizard Tail"}],"items_purged_floors":[],"is_endless":false,"potions_floor_spawned":[11,13],"killed_by":"2 Thieves","ascension_level":0}