{"gold_per_floor":[117,192,202,213,228,261,261,320,347,380,429,182,182,211,211,307,307,321,321,340,359,375,375,401,423,435,85,119,119,144,160,160,262,262,281,157,168,180,200,229,241,266,266,280,280,280,310,51,51,51,51,51,1,35,35],"floor_reached":55,"playtime":15514,"items_purged":["Defend_R","Strike_R","Strike_R","Strike_R"],"score":1030,"play_id":"e46120c7-6fa5-4f7c-8971-2a518c2cca2b","local_time":"20190407152644","is_ascension_mode":true,"campfire_choices":[{"floor":13.0,"key":"REST"},{"data":"Limit Break","floor":15.0,"key":"SMITH"},{"floor":23.0,"key":"RECALL"},{"data":"Armaments","floor":29.0,"key":"SMITH"},{"data":"Limit Break","floor":32.0,"key":"SMITH"},{"floor":45,"key":"REST"},{"data":"True Grit","floor":49,"key":"SMITH"},{"data":"Shrug It Off","floor":52,"key":"SMITH"}],"neow_cost":"NONE","seed_source_timestamp":0,"circlet_count":0,"master_deck":["Defend_R","Defend_R","Bash","Inflame","Sword Boomerang","Flame Barrier","Dropkick","Shrug It Off+1","Limit Break+1","Limit Break+1","Power Through+1","Cleave+1","Anger+1","Spot Weakness","Battle Trance+1","Reaper","Pommel Strike+1","Armaments+1","Dropkick+1","Trip","Heavy Blade+1","Feed+1","Shrug It Off","Shrug It Off+1","True Grit+1","Sword Boomerang+1","Iron Wave+1","Madness","Madness","Barricade"],"special_seed":0,"relics":["Burning Blood","Mango","Tiny Chest","Bag of Preparation","Red Skull","Bag of Marbles","Astrolabe","MawBank","Centennial Puzzle","Molten Egg 2","Kunai","Bronze Scales","Sozu","Smiling Mask","Oddly Smooth Stone","Paper Frog","PreservedInsect","Frozen Eye","Bottled Tornado"],"potions_floor_usage":[55],"damage_taken":[{"damage":0.0,"enemies":"Small Slimes","floor":1.0,"turns":4.0},{"damage":5.0,"enemies":"2 Louse","floor":3.0,"turns":3.0},{"damage":2.0,"enemies":"Jaw Worm","floor":4.0,"turns":4.0},{"damage":0.0,"enemies":"Large Slime","floor":5.0,"turns":5.0},{"damage":37.0,"enemies":"Lagavulin","floor":6.0,"turns":9.0},{"damage":29.0,"enemies":"Gremlin Nob","floor":8.0,"turns":5.0},{"damage":16.0,"enemies":"Lagavulin","floor":10.0,"turns":7.0},{"damage":14.0,"enemies":"Gremlin Nob","floor":14.0,"turns":4.0},{"damage":32.0,"enemies":"The Guardian","floor":16.0,"turns":9.0},{"damage":29.0,"enemies":"Shell Parasite","floor":18.0,"turns":6.0},{"damage":16.0,"enemies":"3 Byrds","floor":20.0,"turns":4.0},{"damage":15.0,"enemies":"Snake Plant","floor":21.0,"turns":3.0},{"damage":0.0,"enemies":"Snecko","floor":22.0,"turns":4.0},{"damage":22.0,"enemies":"Slavers","floor":24.0,"turns":4.0},{"damage":7.0,"enemies":"Sentry and Sphere","floor":25.0,"turns":4.0},{"damage":14.0,"enemies":"Book of Stabbing","floor":28.0,"turns":5.0},{"damage":16.0,"enemies":"Slavers","floor":30.0,"turns":5.0},{"damage":9.0,"enemies":"Snake Plant","floor":31.0,"turns":3.0},{"damage":47.0,"enemies":"Collector","floor":33.0,"turns":7.0},{"damage":6.0,"enemies":"Orb Walker","floor":35.0,"turns":4.0},{"damage":7.0,"enemies":"3 Darklings","floor":37.0,"turns":3.0},{"damage":8.0,"enemies":"Sphere and 2 Shapes","floor":38.0,"turns":4.0},{"damage":28.0,"enemies":"Maw","floor":39.0,"turns":6.0},{"damage":37.0,"enemies":"Reptomancer","floor":40.0,"turns":5.0},{"damage":5.0,"enemies":"Jaw Worm Horde","floor":41.0,"turns":3.0},{"damage":57,"enemies":"Nemesis","floor":42,"turns":9},{"damage":0,"enemies":"Sphere and 2 Shapes","floor":44,"turns":3},{"damage":53,"enemies":"Giant Head","floor":47,"turns":8},{"damage":40,"enemies":"Donu and Deca","floor":50,"turns":6},{"damage":60,"enemies":"Shield and Spear","floor":54,"turns":5},{"damage":80,"enemies":"The Heart","floor":55,"turns":3}],"seed_played":"-7094207510457828084","potions_obtained":[{"floor":1.0,"key":"LiquidBronze"},{"floor":4.0,"key":"Dexterity Potion"},{"floor":5.0,"key":"Swift Potion"},{"floor":8.0,"key":"Strength Potion"},{"floor":19.0,"key":"SkillPotion"},{"floor":19.0,"key":"Weak Potion"},{"floor":19.0,"key":"Fruit Juice"},{"floor":20.0,"key":"PowerPotion"},{"floor":24.0,"key":"FearPotion"},{"floor":33.0,"key":"Energy Potion"}],"is_trial":false,"path_per_floor":["M","?","M","M","M","E","?","E","T","E","T","$","R","E","R","B",null,"M","?","M","M","M","R","E","M","T","$","E","R","E","M","R","B",null,"M","$","M","M","M","E","M","E","T","M","R","?","E","$","R","B",null,"R","$","E","B"],"character_chosen":"IRONCLAD","items_purchased":["Shrug It Off","Limit Break","Molten Egg 2","Dropkick+1","Trip","Shrug It Off","Frozen Eye"],"campfire_rested":2,"item_purchase_floors":[12,12,27,27,27,36,48],"current_hp_per_floor":[80,69,70,74,80,63,68,45,45,35,35,35,64,56,56,30,99,76,76,71,62,68,68,70,83,83,83,75,75,85,82,82,64,104,104,104,104,106,88,57,86,39,39,45,81,66,73,73,73,39,120,120,120,66,0],"gold":35,"neow_bonus":"THREE_CARDS","is_prod":false,"is_daily":false,"chose_seed":false,"campfire_upgraded":5,"win_rate":0,"timestamp":1554665204,"path_taken":["M","?","M","M","M","E","?","E","T","E","?","$","R","E","R","BOSS","M","?","M","M","M","R","E","M","T","$","E","R","E","M","R","BOSS","M","$","M","?","M","E","M","E","T","M","R","?","E","$","R","BOSS","R","$","E","BOSS"],"build_version":"2018-11-15","purchased_purges":4,"victory":false,"max_hp_per_floor":[80,80,80,80,80,94,99,99,99,99,99,99,99,99,99,99,99,99,99,104,104,104,104,104,104,104,104,104,104,104,104,104,104,104,104,104,104,108,112,112,116,120,120,120,120,120,120,120,120,120,120,120,120,120,120],"card_choices":[{"not_picked":["Perfected Strike","Entrench"],"picked":"Inflame","floor":0.0},{"not_picked":["Seeing Red","Body Slam"],"picked":"Sword Boomerang","floor":1.0},{"not_picked":["Pommel Strike","Whirlwind"],"picked":"Flame Barrier","floor":3.0},{"not_picked":["Juggernaut","Pommel Strike","Fire Breathing"],"picked":"SKIP","floor":4.0},{"not_picked":["Cleave","Thunderclap","Perfected Strike"],"picked":"SKIP","floor":5.0},{"not_picked":["Twin Strike","Rupture","Sword Boomerang"],"picked":"SKIP","floor":6.0},{"not_picked":["Warcry","Hemokinesis","Power Through"],"picked":"SKIP","floor":8.0},{"not_picked":["Power Through","Entrench"],"picked":"Dropkick","floor":10.0},{"not_picked":["Warcry","Combust","Cleave"],"picked":"SKIP","floor":14.0},{"not_picked":["Impervious","Fiend Fire"],"picked":"Limit Break","floor":16.0},{"not_picked":["True Grit+1","Cleave"],"picked":"Spot Weakness","floor":18.0},{"not_picked":["Flex","Cleave+1"],"picked":"Battle Trance+1","floor":20.0},{"not_picked":["Sever Soul+1","Clash","Iron Wave"],"picked":"SKIP","floor":21.0},{"not_picked":["Blood for Blood+1","Anger"],"picked":"Reaper","floor":22.0},{"not_picked":["Flex","Body Slam"],"picked":"Pommel Strike+1","floor":24.0},{"not_picked":["Perfected Strike","Iron Wave+1"],"picked":"Armaments","floor":25.0},{"not_picked":["Infernal Blade","Bludgeon+1","Brutality"],"picked":"SKIP","floor":28.0},{"not_picked":["Infernal Blade","Bludgeon+1","Brutality"],"picked":"SKIP","floor":28.0},{"not_picked":["Evolve+1","Flex","Carnage+1"],"picked":"SKIP","floor":30.0},{"not_picked":["Carnage+1","True Grit"],"picked":"Heavy Blade+1","floor":31.0},{"not_picked":["Berserk","Barricade"],"picked":"Feed+1","floor":33.0},{"not_picked":["Armaments","Anger+1","Heavy Blade+1"],"picked":"SKIP","floor":35.0},{"not_picked":["Burning Pact","Body Slam+1"],"picked":"Shrug It Off+1","floor":37.0},{"not_picked":["Clothesline+1","Shockwave"],"picked":"True Grit","floor":38.0},{"not_picked":["Flex+1","Perfected Strike+1"],"picked":"Sword Boomerang+1","floor":39.0},{"not_picked":["Wild Strike+1","Carnage+1","Searing Blow+1"],"picked":"SKIP","floor":40.0},{"not_picked":["Thunderclap+1","Sword Boomerang+1","Demon Form"],"picked":"SKIP","floor":41.0},{"not_picked":["Disarm","Warcry"],"picked":"Iron Wave+1","floor":42},{"not_picked":["Flame Barrier+1","Anger+1","Perfected Strike+1"],"picked":"SKIP","floor":44},{"not_picked":["Reckless Charge+1","Shrug It Off"],"picked":"Barricade","floor":47},{"not_picked":["Bludgeon+1","Twin Strike+1","Shrug It Off"],"picked":"SKIP","floor":54}],"player_experience":264044,"relics_obtained":[{"floor":6.0,"key":"Mango"},{"floor":8.0,"key":"Tiny Chest"},{"floor":10.0,"key":"Bag of Preparation"},{"floor":11.0,"key":"Red Skull"},{"floor":14.0,"key":"Bag of Marbles"},{"floor":24.0,"key":"MawBank"},{"floor":26.0,"key":"Centennial Puzzle"},{"floor":28.0,"key":"Kunai"},{"floor":30.0,"key":"Bronze Scales"},{"floor":40.0,"key":"Smiling Mask"},{"floor":42,"key":"Oddly Smooth Stone"},{"floor":43,"key":"Paper Frog"},{"floor":47,"key":"PreservedInsect"},{"floor":54,"key":"Bottled Tornado"}],"event_choices":[{"damage_healed":0.0,"max_hp_gain":0.0,"max_hp_loss":0.0,"gold_gain":75.0,"event_name":"World of Goop","player_choice":"Gather Gold","floor":2.0,"gold_loss":0.0,"damage_taken":11.0},{"damage_healed":0.0,"max_hp_gain":5.0,"max_hp_loss":0.0,"gold_gain":0.0,"event_name":"Big Fish","player_choice":"Donut","floor":7.0,"gold_loss":0.0,"damage_taken":0.0},{"damage_healed":0.0,"max_hp_gain":0.0,"max_hp_loss":0.0,"gold_gain":0.0,"event_name":"Lab","player_choice":"Got Potions","floor":19.0,"gold_loss":0.0,"damage_taken":0.0},{"damage_healed":0,"gold_gain":0,"player_choice":"Embrace Madness","damage_taken":15,"max_hp_gain":0,"max_hp_loss":0,"event_name":"Winding Halls","floor":46,"gold_loss":0,"cards_obtained":["Madness","Madness"]}],"is_beta":false,"boss_relics":[{"not_picked":["Orrery","Runic Dome"],"picked":"Astrolabe"},{"not_picked":["Runic Cube","Black Blood"],"picked":"Sozu"}],"items_purged_floors":[12,36,48,53],"is_endless":false,"potions_floor_spawned":[1,4,5,8,20,21,24,33,35,37,47],"killed_by":"The Heart","ascension_level":3}