{"gold_per_floor":[410,410,410,410,197,197,210,210,210,81,121,121,137,158,158,286,286,304,324,152,170,170],"floor_reached":22,"playtime":777,"items_purged":["Strike_G","PiercingWail"],"score":193,"play_id":"5d91f388-e277-4b16-852a-e126f245de03","local_time":"20190421131038","is_ascension_mode":true,"campfire_choices":[{"floor":6,"key":"REST"},{"floor":15,"key":"REST"}],"neow_cost":"NONE","seed_source_timestamp":157915791639674,"circlet_count":0,"master_deck":["Survivor","Neutralize","Prepared","Bouncing Flask","Deadly Poison","Bane","Infinite Blades","Venomology","Malaise","Unload","Die Die Die","Masterful Stab","Blur","Blade Dance","Slice","After Image","Bane","Escape Plan+1","Accuracy","Accuracy"],"relics":["Calling Bell","Happy Flower","Dodecahedron","Old Coin","Snake Skull","Golden Idol","Mango","Lantern","Juzu Bracelet","Pandora\u0027s Box"],"potions_floor_usage":[19,21],"damage_taken":[{"damage":11,"enemies":"Small Slimes","floor":1,"turns":5},{"damage":0,"enemies":"2 Louse","floor":7,"turns":3},{"damage":48,"enemies":"3 Sentries","floor":11,"turns":10},{"damage":1,"enemies":"Cultist","floor":13,"turns":3},{"damage":0,"enemies":"Large Slime","floor":14,"turns":4},{"damage":19,"enemies":"Hexaghost","floor":16,"turns":8},{"damage":12,"enemies":"3 Byrds","floor":18,"turns":4},{"damage":8,"enemies":"Shell Parasite","floor":19,"turns":4},{"damage":26,"enemies":"Centurion and Healer","floor":21,"turns":5},{"damage":0,"enemies":"Shelled Parasite and Fungi","floor":22,"turns":1}],"seed_played":"-8370642381004652786","potions_obtained":[{"floor":11,"key":"Ancient Potion"},{"floor":16,"key":"Weak Potion"}],"is_trial":false,"path_per_floor":["M","?","?","?","$","R","M","?","T","$","E","T","M","M","R","B",null,"M","M","$","M","M"],"character_chosen":"THE_SILENT","items_purchased":["Snake Skull","Bouncing Flask","Deadly Poison","Accuracy"],"campfire_rested":2,"item_purchase_floors":[5,5,10,20],"current_hp_per_floor":[59,52,52,52,52,70,70,53,67,67,19,19,18,18,43,24,84,72,64,64,38,38],"gold":170,"neow_bonus":"BOSS_RELIC","is_prod":false,"is_daily":false,"chose_seed":false,"campfire_upgraded":0,"win_rate":0,"timestamp":1555866638,"path_taken":["M","?","?","?","$","R","?","?","T","$","E","?","M","M","R","BOSS","M","M","$","M","M"],"build_version":"2019-01-23","purchased_purges":2,"victory":false,"max_hp_per_floor":[70,70,70,70,70,70,70,70,84,84,84,84,84,84,84,84,84,84,84,84,84,84],"card_choices":[{"not_picked":["Deadly Poison","Leg Sweep"],"picked":"Prepared","floor":1},{"not_picked":["Prepared","Heel Hook","Underhanded Strike"],"picked":"SKIP","floor":7},{"not_picked":["Flechettes","PiercingWail"],"picked":"Bane","floor":11},{"not_picked":["Deflect","Dagger Spray","Grand Finale"],"picked":"SKIP","floor":13},{"not_picked":["Acrobatics","Quick Slash"],"picked":"Infinite Blades","floor":14},{"not_picked":["Phantasmal Killer","Wraith Form v2"],"picked":"Venomology","floor":16},{"not_picked":["Underhanded Strike+1","Prepared+1"],"picked":"Bane","floor":18},{"not_picked":["Calculated Gamble","Masterful Stab"],"picked":"Escape Plan+1","floor":19},{"not_picked":["Quick Slash+1","Prepared+1"],"picked":"Accuracy","floor":21}],"player_experience":187688,"relics_obtained":[{"floor":0,"key":"Happy Flower"},{"floor":0,"key":"Dodecahedron"},{"floor":0,"key":"Old Coin"},{"floor":9,"key":"Mango"},{"floor":11,"key":"Lantern"},{"floor":12,"key":"Juzu Bracelet"}],"event_choices":[{"cards_removed":["Regret"],"damage_healed":0,"gold_gain":0,"player_choice":"Card Removal","damage_taken":7,"max_hp_gain":0,"max_hp_loss":0,"event_name":"Golden Wing","floor":2,"gold_loss":0},{"cards_removed":["Writhe"],"damage_healed":0,"gold_gain":0,"player_choice":"Forget","damage_taken":0,"max_hp_gain":0,"max_hp_loss":0,"event_name":"Living Wall","floor":3,"gold_loss":0},{"cards_removed":["Injury"],"damage_healed":0,"gold_gain":0,"player_choice":"Removed Curses","damage_taken":0,"max_hp_gain":0,"max_hp_loss":0,"event_name":"Fountain of Cleansing","floor":4,"gold_loss":0},{"damage_healed":0,"gold_gain":0,"player_choice":"Take Damage","damage_taken":17,"relics_obtained":["Golden Idol"],"max_hp_gain":0,"max_hp_loss":0,"event_name":"Golden Idol","floor":8,"gold_loss":0}],"is_beta":false,"boss_relics":[{"not_picked":["Busted Crown","Eternal Feather"],"picked":"Pandora\u0027s Box"}],"items_purged_floors":[10,20],"is_endless":false,"potions_floor_spawned":[11,16,21],"killed_by":"Shelled Parasite and Fungi","ascension_level":1}