{"gold_per_floor":[118,118,118,141,155,155,183,183,265,265,278,299,313,333,333,462,462,486,446,471,386,400,400,418,418,442,442,458,477,2,2,2,127,127,146,146,167,225,225,225,248,248,248,0,0,23,23,23],"floor_reached":48,"playtime":4016,"items_purged":["Doubt"],"score":607,"play_id":"52e119c9-9f74-4e0b-bc52-00f838417caf","local_time":"20190106180232","is_ascension_mode":false,"campfire_choices":[{"data":"Clothesline","floor":6.0,"key":"SMITH"},{"data":"Defend_R","floor":10.0,"key":"SMITH"},{"data":"Ghostly Armor","floor":15.0,"key":"SMITH"},{"data":"Defend_R","floor":23.0,"key":"SMITH"},{"data":"Defend_R","floor":25.0,"key":"SMITH"},{"data":"Defend_R","floor":27.0,"key":"SMITH"},{"data":"Bash","floor":32.0,"key":"SMITH"},{"data":"Enlightenment","floor":40,"key":"SMITH"},{"data":"Searing Blow+1","floor":42,"key":"SMITH"},{"floor":47,"key":"REST"}],"neow_cost":"NONE","seed_source_timestamp":0,"circlet_count":0,"master_deck":["Strike_R","Strike_R","Strike_R","Strike_R","Defend_R+1","Defend_R+1","Defend_R+1","Defend_R+1","Bash+1","Thunderclap","Clothesline+1","Twin Strike+1","Clash+1","Pommel Strike+1","Combust+1","Ghostly Armor+1","Berserk+1","Pommel Strike+1","Fiend Fire+1","Twin Strike+1","True Grit+1","Sever Soul+1","True Grit+1","Combust+1","Cleave+1","RitualDagger+1","Bludgeon+1","Iron Wave+1","Madness","Madness","Anger+1","Searing Blow+2","Panacea","Dark Shackles","Enlightenment+1","Rampage+1","Juggernaut+1"],"special_seed":0,"relics":["Burning Blood","Lantern","Molten Egg 2","Golden Idol","Frozen Egg 2","Cursed Key","Gambling Chip","Vajra","Ginger","Sozu","Thread and Needle","Toxic Egg 2","Red Mask"],"potions_floor_usage":[],"damage_taken":[{"damage":1.0,"enemies":"Cultist","floor":1.0,"turns":3.0},{"damage":10.0,"enemies":"Jaw Worm","floor":5.0,"turns":5.0},{"damage":27.0,"enemies":"Lagavulin","floor":7.0,"turns":9.0},{"damage":0.0,"enemies":"Small Slimes","floor":11.0,"turns":2.0},{"damage":12.0,"enemies":"3 Louse","floor":12.0,"turns":4.0},{"damage":5.0,"enemies":"Lots of Slimes","floor":13.0,"turns":4.0},{"damage":7.0,"enemies":"Looter","floor":14.0,"turns":3.0},{"damage":25.0,"enemies":"Slime Boss","floor":16.0,"turns":7.0},{"damage":17.0,"enemies":"2 Thieves","floor":18.0,"turns":3.0},{"damage":1.0,"enemies":"Shell Parasite","floor":20.0,"turns":3.0},{"damage":1.0,"enemies":"Centurion and Healer","floor":22.0,"turns":3.0},{"damage":25.0,"enemies":"Sentry and Sphere","floor":24.0,"turns":6.0},{"damage":0.0,"enemies":"Snecko","floor":28.0,"turns":2.0},{"damage":0.0,"enemies":"Snake Plant","floor":29.0,"turns":4.0},{"damage":26.0,"enemies":"Collector","floor":33.0,"turns":8.0},{"damage":1.0,"enemies":"Orb Walker","floor":35.0,"turns":1.0},{"damage":0.0,"enemies":"3 Shapes","floor":37.0,"turns":2.0},{"damage":17.0,"enemies":"2 Orb Walkers","floor":38.0,"turns":3.0},{"damage":31,"enemies":"Spire Growth","floor":41,"turns":4},{"damage":12,"enemies":"Jaw Worm Horde","floor":46,"turns":4},{"damage":75,"enemies":"Transient","floor":48,"turns":3}],"seed_played":"6977515318103168091","potions_obtained":[{"floor":5.0,"key":"Dexterity Potion"},{"floor":11.0,"key":"Block Potion"},{"floor":13.0,"key":"Strength Potion"},{"floor":14.0,"key":"Energy Potion"},{"floor":19.0,"key":"Block Potion"},{"floor":19.0,"key":"SpeedPotion"},{"floor":19.0,"key":"Swift Potion"},{"floor":24.0,"key":"SteroidPotion"},{"floor":29.0,"key":"Regen Potion"}],"is_trial":false,"path_per_floor":["M","?","?","T","M","R","E","?","T","R","M","M","M","M","R","B",null,"M","?","M","?","M","R","M","R","T","R","M","M","$","?","R","B",null,"M","?","M","?","?","R","M","R","T","?","?","M","R","M"],"character_chosen":"IRONCLAD","items_purchased":["Combust+1","Ginger","Cleave+1"],"campfire_rested":1,"item_purchase_floors":[30,30,30],"current_hp_per_floor":[80,80,73,73,69,69,48,28,28,28,34,28,29,28,28,9,80,69,69,74,74,79,79,60,60,60,60,66,72,72,66,66,61,80,80,70,76,65,55,55,30,30,30,30,30,24,48,0],"gold":23,"neow_bonus":"THREE_CARDS","is_prod":false,"is_daily":false,"chose_seed":false,"campfire_upgraded":9,"win_rate":0.0,"timestamp":1546815752,"path_taken":["M","?","?","?","?","R","E","?","T","R","M","M","M","M","R","BOSS","M","?","?","?","M","R","M","R","T","R","M","M","$","?","R","BOSS","M","?","M","?","?","R","M","R","T","?","?","M","R","M"],"build_version":"2019-01-03v4","purchased_purges":1,"victory":false,"max_hp_per_floor":[80,80,80,80,80,80,80,80,80,80,80,80,80,80,80,80,80,80,80,80,80,80,80,80,80,80,80,80,80,80,80,80,80,80,80,80,80,80,80,80,80,80,80,80,80,80,80,80],"card_choices":[{"not_picked":["Flex","Twin Strike"],"picked":"Clothesline","floor":0.0},{"not_picked":["Cleave","Intimidate"],"picked":"Thunderclap","floor":1.0},{"not_picked":["Intimidate","Sword Boomerang"],"picked":"Clothesline","floor":5.0},{"not_picked":["Berserk","Body Slam"],"picked":"Twin Strike","floor":7.0},{"not_picked":["Perfected Strike+1","Carnage+1"],"picked":"Clash+1","floor":11.0},{"not_picked":["Feel No Pain+1","Hemokinesis+1"],"picked":"Pommel Strike+1","floor":12.0},{"not_picked":["Perfected Strike+1","Shrug It Off"],"picked":"Combust+1","floor":13.0},{"not_picked":["Uppercut+1","Anger+1"],"picked":"Ghostly Armor","floor":14.0},{"not_picked":["Barricade+1","Feed+1"],"picked":"Berserk+1","floor":16.0},{"not_picked":["Shrug It Off","Twin Strike+1"],"picked":"Pommel Strike+1","floor":18.0},{"not_picked":["Twin Strike+1","Clash+1"],"picked":"Fiend Fire+1","floor":20.0},{"not_picked":["Perfected Strike+1","Shrug It Off"],"picked":"Twin Strike+1","floor":22.0},{"not_picked":["Cleave+1","Flex"],"picked":"True Grit+1","floor":24.0},{"not_picked":["Clash+1","Bludgeon+1"],"picked":"Sever Soul+1","floor":28.0},{"not_picked":["Second Wind","Anger+1"],"picked":"True Grit+1","floor":29.0},{"not_picked":["Offering","Reaper+1"],"picked":"Bludgeon+1","floor":33.0},{"not_picked":["Warcry","Power Through"],"picked":"Iron Wave+1","floor":35.0},{"not_picked":["Clothesline+1","Bloodletting+1"],"picked":"Anger+1","floor":37.0},{"not_picked":["Clash+1","Thunderclap+1"],"picked":"Searing Blow+1","floor":38},{"not_picked":["Finesse","Jack Of All Trades"],"picked":"Panacea","floor":39},{"not_picked":["Swift Strike+1","Jack Of All Trades"],"picked":"Dark Shackles","floor":39},{"not_picked":["Jack Of All Trades","Panacea"],"picked":"Enlightenment","floor":39},{"not_picked":["Searing Blow+1","Sword Boomerang+1"],"picked":"Rampage+1","floor":41},{"not_picked":["Clothesline+1","Pummel+1"],"picked":"Juggernaut+1","floor":46}],"player_experience":19093,"relics_obtained":[{"floor":4.0,"key":"Lantern"},{"floor":7.0,"key":"Molten Egg 2"},{"floor":9.0,"key":"Frozen Egg 2"},{"floor":26.0,"key":"Vajra"},{"floor":38,"key":"Thread and Needle"},{"floor":43,"key":"Toxic Egg 2"}],"event_choices":[{"damage_healed":0.0,"max_hp_gain":0.0,"max_hp_loss":0.0,"gold_gain":0.0,"event_name":"Liars Game","player_choice":"Ignored","floor":2.0,"gold_loss":0.0,"damage_taken":0.0},{"cards_removed":["Strike_R"],"damage_healed":0.0,"max_hp_gain":0.0,"max_hp_loss":0.0,"gold_gain":0.0,"event_name":"Golden Wing","player_choice":"Card Removal","floor":3.0,"gold_loss":0.0,"damage_taken":7.0},{"damage_healed":0.0,"max_hp_gain":0.0,"max_hp_loss":0.0,"gold_gain":0.0,"event_name":"Golden Idol","player_choice":"Take Damage","floor":8.0,"gold_loss":0.0,"damage_taken":20.0,"relics_obtained":["Golden Idol"]},{"damage_healed":0.0,"max_hp_gain":0.0,"max_hp_loss":0.0,"gold_gain":0.0,"event_name":"The Woman in Blue","player_choice":"Bought 3 Potions","floor":19.0,"gold_loss":0.0,"damage_taken":0.0},{"damage_healed":0.0,"max_hp_gain":0.0,"max_hp_loss":0.0,"gold_gain":0.0,"event_name":"Addict","player_choice":"Obtained Relic","floor":21.0,"gold_loss":85.0,"damage_taken":0.0,"relics_obtained":["Gambling Chip"]},{"damage_healed":0.0,"max_hp_gain":0.0,"max_hp_loss":0.0,"gold_gain":0.0,"event_name":"Nest","player_choice":"Joined the Cult","floor":31.0,"gold_loss":0.0,"damage_taken":6.0,"cards_obtained":["RitualDagger"]},{"damage_healed":0.0,"max_hp_gain":0.0,"max_hp_loss":0.0,"gold_gain":0.0,"event_name":"Winding Halls","player_choice":"Embrace Madness","floor":36.0,"gold_loss":0.0,"damage_taken":10.0,"cards_obtained":["Madness","Madness"]},{"damage_healed":0.0,"max_hp_gain":0.0,"max_hp_loss":0.0,"gold_gain":0.0,"event_name":"Mysterious Sphere","player_choice":"Fight","floor":38.0,"gold_loss":0.0,"damage_taken":0.0},{"damage_healed":0,"gold_gain":0,"player_choice":"Memory 3","damage_taken":10,"max_hp_gain":0,"max_hp_loss":0,"event_name":"SensoryStone","floor":39,"gold_loss":0},{"damage_healed":0,"gold_gain":0,"player_choice":"Paid","damage_taken":0,"relics_obtained":["Red Mask"],"max_hp_gain":0,"max_hp_loss":0,"event_name":"Tomb of Lord Red Mask","floor":44,"gold_loss":248},{"cards_removed":["Writhe"],"damage_healed":0,"gold_gain":0,"player_choice":"Removed Curses","damage_taken":0,"max_hp_gain":0,"max_hp_loss":0,"event_name":"Fountain of Cleansing","floor":45,"gold_loss":0}],"is_beta":false,"boss_relics":[{"not_picked":["Mark of Pain","Calling Bell"],"picked":"Cursed Key"},{"not_picked":["Lizard Tail","Runic Dome"],"picked":"Sozu"}],"items_purged_floors":[30],"is_endless":false,"potions_floor_spawned":[5,11,13,14,24,29,35,38],"killed_by":"Transient","ascension_level":0}