{"path_per_floor":["M","?","M","?","?","R","M","M","T","E","M","M","R","E","R","B",null,"M","M","?","M","$","R","E","?","T","T","?","R","E","M","R","B",null,"M","$","?","M","?","R","M","E","T","R","?","$","R","M","R","B"],"character_chosen":"DEFECT","items_purchased":["Capacitor","Capacitor","Capacitor","Capacitor","Chaos","Regen Potion","DataDisk","FocusPotion"],"gold_per_floor":[12,12,31,31,31,31,48,61,61,87,106,118,118,148,148,223,223,240,257,182,194,56,56,89,89,112,138,138,138,167,185,185,258,258,274,181,181,191,191,191,201,235,235,235,280,40,40,52,52,52],"floor_reached":51,"campfire_rested":5,"playtime":2339,"current_hp_per_floor":[78,78,77,77,72,72,65,50,50,40,32,32,72,72,72,31,72,62,61,61,51,51,51,22,22,22,22,22,42,40,5,32,22,37,12,12,42,37,37,37,13,14,14,41,38,38,38,4,31,33],"items_purged":["Regret"],"gold":52,"score":1522,"play_id":"fdd6f530-0d23-457c-90ec-afa047a07bf6","local_time":"20180518223508","is_prod":false,"is_daily":false,"chose_seed":false,"is_ascension_mode":true,"campfire_upgraded":5,"timestamp":1526654108,"campfire_choices":[{"data":"Zap","floor":6.0,"key":"SMITH"},{"floor":13.0,"key":"REST"},{"data":"Hologram","floor":15.0,"key":"SMITH"},{"data":"Consume","floor":23.0,"key":"SMITH"},{"floor":29.0,"key":"REST"},{"floor":32.0,"key":"REST"},{"data":"Chaos","floor":40,"key":"SMITH"},{"floor":44,"key":"REST"},{"data":"Ghostly","floor":47,"key":"SMITH"},{"floor":49,"key":"REST"}],"path_taken":["M","?","M","?","?","R","M","?","T","E","M","M","R","E","R","BOSS","M","M","?","?","$","R","E","?","T","?","?","R","E","M","R","BOSS","M","$","?","?","?","R","M","E","T","R","?","$","R","M","R","BOSS"],"build_version":"2018-05-17","seed_source_timestamp":726007518085193,"purchased_purges":1,"victory":true,"master_deck":["Strike_B","Strike_B","Defend_B","Defend_B","Defend_B","Defend_B","Zap+1","Dualcast","AscendersBane","Streamline+1","Beam Cell","Leap","Consume+1","Glacier","Hologram+1","Meteor Strike","Gash","Fusion","Cold Snap","Creative AI","BootSequence+1","Darkness","Capacitor","Capacitor","Capacitor","Echo Form","Clumsy","Ghostly","Ghostly+1","Ghostly","Ghostly","Ghostly","Auto Shields","Double Energy+1","Chaos+1","Capacitor","Recycle+1","Panache","Defragment+1","Undo+1","Regret"],"max_hp_per_floor":[85,85,85,85,85,85,85,85,85,85,85,85,85,85,85,85,85,85,85,85,85,85,85,85,85,85,85,42,42,42,42,42,42,42,42,42,42,42,42,42,42,42,42,42,42,42,42,42,42,42],"relics":["Cracked Core","Torii","The Courier","Regal Pillow","Prayer Wheel","Cursed Key","Boot","Pen Nib","Blood Vial","Mercury Hourglass","Velvet Choker","Happy Flower","Centennial Puzzle","Girya","DataDisk"],"card_choices":[{"not_picked":["Reprogram","Steam"],"picked":"Lockon","floor":1.0},{"not_picked":["Capacitor","Conserve Battery"],"picked":"Streamline","floor":3.0},{"not_picked":["Stack","Ball Lightning"],"picked":"Beam Cell","floor":7.0},{"not_picked":["Ball Lightning","Fusion"],"picked":"Leap","floor":8.0},{"not_picked":["Melter","Leap"],"picked":"Consume","floor":10.0},{"not_picked":["Rebound","Leap"],"picked":"Glacier","floor":11.0},{"not_picked":["Steam","Thunder Strike","Turbo"],"picked":"SKIP","floor":12.0},{"not_picked":["Coolheaded","Go for the Eyes"],"picked":"Hologram","floor":14.0},{"not_picked":["Nova","Hyperbeam"],"picked":"Meteor Strike","floor":16.0},{"not_picked":["Capacitor","Heatsinks"],"picked":"Gash","floor":18.0},{"not_picked":["Heatsinks","Go for the Eyes"],"picked":"Fusion","floor":18.0},{"not_picked":["FTL+1","Beam Cell"],"picked":"Cold Snap","floor":19.0},{"not_picked":["Stack","Steam"],"picked":"Creative AI","floor":19.0},{"not_picked":["Ball Lightning","Sweeping Beam"],"picked":"BootSequence+1","floor":21.0},{"not_picked":["Steam","Axe Kick"],"picked":"Darkness","floor":21.0},{"not_picked":["Capacitor","Reprogram"],"picked":"Echo Form","floor":24.0},{"not_picked":["Hello World+1","Ball Lightning","Melter"],"picked":"SKIP","floor":30.0},{"not_picked":["Skim","Rebound"],"picked":"Auto Shields","floor":31.0},{"not_picked":["Rip and Tear","Ball Lightning","Barrage"],"picked":"SKIP","floor":31.0},{"not_picked":["Ball Lightning","BootSequence"],"picked":"Double Energy+1","floor":35.0},{"not_picked":["Axe Kick+1","Tempest","Melter+1"],"picked":"SKIP","floor":35.0},{"not_picked":["Consume","Axe Kick"],"picked":"Capacitor","floor":38.0},{"not_picked":["Axe Kick+1","Ball Lightning+1"],"picked":"Recycle+1","floor":38.0},{"not_picked":["Mind Blast","Purity"],"picked":"Panache","floor":39},{"not_picked":["Stack","Streamline"],"picked":"Defragment+1","floor":41},{"not_picked":["Streamline+1","Sweeping Beam","Rebound"],"picked":"SKIP","floor":41},{"not_picked":["Static Discharge","Rebound+1"],"picked":"Undo+1","floor":42},{"not_picked":["Capacitor","Steam+1","Coolheaded"],"picked":"SKIP","floor":48},{"not_picked":["Cold Snap","Stack","Static Discharge"],"picked":"SKIP","floor":48}],"player_experience":1002515,"potions_floor_usage":[41,50,50],"damage_taken":[{"damage":0.0,"enemies":"2 Louse","floor":1.0,"turns":3.0},{"damage":1.0,"enemies":"Cultist","floor":3.0,"turns":3.0},{"damage":7.0,"enemies":"Jaw Worm","floor":7.0,"turns":2.0},{"damage":15.0,"enemies":"Lots of Slimes","floor":8.0,"turns":4.0},{"damage":10.0,"enemies":"Gremlin Nob","floor":10.0,"turns":3.0},{"damage":8.0,"enemies":"Blue Slaver","floor":11.0,"turns":3.0},{"damage":0.0,"enemies":"Large Slime","floor":12.0,"turns":5.0},{"damage":0.0,"enemies":"3 Sentries","floor":14.0,"turns":7.0},{"damage":41.0,"enemies":"Hexaghost","floor":16.0,"turns":13.0},{"damage":10.0,"enemies":"2 Thieves","floor":18.0,"turns":5.0},{"damage":1.0,"enemies":"3 Byrds","floor":19.0,"turns":6.0},{"damage":10.0,"enemies":"Snake Plant","floor":21.0,"turns":6.0},{"damage":29.0,"enemies":"Slavers","floor":24.0,"turns":10.0},{"damage":2.0,"enemies":"Gremlin Leader","floor":30.0,"turns":10.0},{"damage":37.0,"enemies":"Cultist and Chosen","floor":31.0,"turns":8.0},{"damage":21.0,"enemies":"Collector","floor":33.0,"turns":10.0},{"damage":27.0,"enemies":"Flame Bruiser 1 Orb","floor":35.0,"turns":7.0},{"damage":5.0,"enemies":"3 Shapes","floor":38.0,"turns":5.0},{"damage":34,"enemies":"Flame Bruiser 2 Orb","floor":41,"turns":8},{"damage":1,"enemies":"Nemesis","floor":42,"turns":9},{"damage":4,"enemies":"Mysterious Sphere","floor":45,"turns":6},{"damage":36,"enemies":"Sphere and 2 Shapes","floor":48,"turns":10},{"damage":0,"enemies":"Time Eater","floor":50,"turns":17}],"relics_obtained":[{"floor":9.0,"key":"The Courier"},{"floor":10.0,"key":"Regal Pillow"},{"floor":14.0,"key":"Prayer Wheel"},{"floor":24.0,"key":"Boot"},{"floor":26.0,"key":"Pen Nib"},{"floor":27.0,"key":"Blood Vial"},{"floor":30.0,"key":"Mercury Hourglass"},{"floor":42,"key":"Happy Flower"},{"floor":43,"key":"Centennial Puzzle"},{"floor":45,"key":"Girya"}],"event_choices":[{"event_name":"Purifier","player_choice":"One Purge","floor":2.0,"damage_taken":0.0},{"event_name":"Upgrade Shrine","player_choice":"Upgraded","floor":4.0,"damage_taken":0.0},{"event_name":"Scrap Ooze","player_choice":"success","floor":5.0,"damage_taken":5.0},{"event_name":"Beggar","player_choice":"Gave Gold","floor":20.0,"damage_taken":0.0},{"event_name":"Purifier","player_choice":"One Purge","floor":25.0,"damage_taken":0.0},{"event_name":"Ghosts","player_choice":"Became a Ghost","floor":28.0,"damage_taken":0.0},{"event_name":"Bonfire Elementals","player_choice":"UNCOMMON","floor":37.0,"damage_taken":0.0},{"event_name":"SensoryStone","player_choice":"Memory 1","floor":39,"damage_taken":0},{"event_name":"Mysterious Sphere","player_choice":"Fight","floor":45,"damage_taken":0}],"boss_relics":[],"potions_floor_spawned":[1,7,11,14,16,24,42],"seed_played":"-3686069854084449949","ascension_level":15,"potions_obtained":[{"floor":1.0,"key":"Block Potion"},{"floor":7.0,"key":"GamblersBrew"},{"floor":11.0,"key":"PowerPotion"},{"floor":14.0,"key":"FearPotion"},{"floor":16.0,"key":"AttackPotion"},{"floor":24.0,"key":"Regen Potion"},{"floor":42,"key":"LiquidBronze"}],"is_trial":false}