{"path_per_floor":["M","M","?","M","M","R","E","R","T","?","M","$","?","M","R","B",null,"M","$","M","?","?","R","M","E","T","M","R","M","$","M","R"],"character_chosen":"DEFECT","items_purchased":["Finesse","Capacitor","Go for the Eyes","Energy Potion"],"gold_per_floor":[13,23,23,36,47,47,80,80,80,80,90,15,90,101,101,197,197,214,38,54,54,54,54,69,101,152,166,166,176,27,39,39,39],"floor_reached":33,"campfire_rested":3,"playtime":1368,"current_hp_per_floor":[74,67,67,66,50,50,50,50,50,50,29,29,18,25,47,12,75,66,66,69,69,69,69,54,10,10,10,32,31,31,21,43,0],"items_purged":["Regret","Dualcast"],"gold":39,"score":338,"play_id":"8582c6b9-4b50-4ef8-81b3-b2722b84093c","local_time":"20180428134839","is_prod":false,"is_daily":false,"chose_seed":false,"is_ascension_mode":true,"campfire_upgraded":3,"timestamp":1524894519,"path_taken":["M","M","?","M","?","R","E","R","T","?","M","?","?","M","R","BOSS","M","$","M","?","?","R","M","E","T","M","R","?","$","M","R","BOSS"],"build_version":"2018-04-27","seed_source_timestamp":262676804459360,"purchased_purges":2,"victory":false,"master_deck":["Strike_B","Strike_B","Strike_B","Strike_B","Defend_B+1","Defend_B","Defend_B","Defend_B+1","Zap","Prime","Ball Lightning+1","Hello World","Turbo","Buffer+1","White Noise+1","Self Repair","Axe Kick+1","Echo Form+1","Finesse","Capacitor","Go for the Eyes","Coolheaded+1","Buffer+1","Go for the Eyes","Doom and Gloom","Go for the Eyes","Undo+1"],"max_hp_per_floor":[75,75,75,75,75,75,75,75,75,75,75,75,75,75,75,75,75,75,75,75,75,75,75,75,75,75,75,75,75,75,75,75,75],"relics":["Cracked Core","Vajra","Unceasing Top","Shuriken","Omamori","Nuclear Battery","Whetstone","War Paint"],"card_choices":[{"not_picked":["All For One","Amplify"],"picked":"Prime","floor":0},{"not_picked":["Auto Shields","Undo"],"picked":"Ball Lightning","floor":1},{"not_picked":["Coolheaded","Turbo"],"picked":"Hello World","floor":2},{"not_picked":["Hologram","Leap"],"picked":"Turbo","floor":4},{"not_picked":["Impulse","Beam Cell"],"picked":"Buffer","floor":5},{"not_picked":["Force Field","Capacitor"],"picked":"White Noise","floor":7},{"not_picked":["Sweeping Beam","Streamline"],"picked":"Self Repair","floor":11},{"not_picked":["Blizzard","Tempest"],"picked":"Axe Kick","floor":14},{"not_picked":["Reboot","Seek"],"picked":"Echo Form","floor":16},{"not_picked":["Chaos","Axe Kick"],"picked":"Coolheaded","floor":20},{"not_picked":["Heatsinks","Amplify"],"picked":"Go for the Eyes","floor":24},{"not_picked":["Darkness","Go for the Eyes"],"picked":"Doom and Gloom","floor":25},{"not_picked":["Axe Kick","Coolheaded"],"picked":"Go for the Eyes","floor":29},{"not_picked":["Chill","Skim"],"picked":"Undo","floor":31}],"player_experience":915583,"potions_floor_usage":[14,16,16,24,27,29,31],"damage_taken":[{"damage":1,"enemies":"2 Louse","floor":1,"turns":4},{"damage":7,"enemies":"Jaw Worm","floor":2,"turns":2},{"damage":1,"enemies":"Cultist","floor":4,"turns":4},{"damage":16,"enemies":"Blue Slaver","floor":5,"turns":3},{"damage":0,"enemies":"Lagavulin","floor":7,"turns":6},{"damage":21,"enemies":"Gremlin Gang","floor":11,"turns":4},{"damage":0,"enemies":"Looter","floor":14,"turns":4},{"damage":42,"enemies":"The Guardian","floor":16,"turns":11},{"damage":16,"enemies":"Shell Parasite","floor":18,"turns":4},{"damage":11,"enemies":"Spheric Guardian","floor":20,"turns":4},{"damage":22,"enemies":"Slaver and Parasite","floor":24,"turns":6},{"damage":51,"enemies":"Book of Stabbing","floor":25,"turns":8},{"damage":7,"enemies":"Snecko","floor":27,"turns":5},{"damage":15,"enemies":"Centurion and Healer","floor":29,"turns":6},{"damage":17,"enemies":"Slaver and Parasite","floor":31,"turns":5},{"damage":54,"enemies":"Automaton","floor":33,"turns":10}],"event_choices":[{"event_name":"Big Fish","player_choice":"Box","floor":3,"damage_taken":0},{"event_name":"Wheel of Change","player_choice":"Relic","floor":10,"damage_taken":0},{"event_name":"World of Goop","player_choice":"Gather Gold","floor":13,"damage_taken":0},{"event_name":"Beggar","player_choice":"Ignored","floor":21,"damage_taken":0},{"event_name":"Duplicator","player_choice":"One dupe","floor":22,"damage_taken":0}],"boss_relics":[{"not_picked":["Philosopher\u0027s Stone","Calling Bell"],"picked":"Nuclear Battery"}],"potions_floor_spawned":[1,5,11,14,16,18,25,27],"seed_played":"-1897862104729672373","killed_by":"Automaton","ascension_level":3,"is_trial":false}