{"path_per_floor":["M","?","?","M","M","R","E","R","T","R","M","?","M","?","R","B",null,"M","?","$","?","?","E","M","R","T","M","M","R","M","E","R","B",null,"M","M","?","M","M","R","M","R","T"],"character_chosen":"IRONCLAD","items_purchased":["Bag of Marbles","Block Potion"],"gold_per_floor":[117,117,67,82,97,97,122,122,122,122,136,136,119,149,149,252,252,268,268,68,68,68,98,108,108,159,175,186,186,202,233,233,331,331,348,361,361,378,389,389,401,401,701],"floor_reached":44,"campfire_rested":5,"playtime":3075,"current_hp_per_floor":[80,80,80,73,72,72,47,47,47,47,31,15,11,11,35,20,80,80,80,80,65,65,62,50,50,50,56,14,39,45,21,46,13,85,85,63,63,31,9,34,16,41,41],"items_purged":[],"gold":701,"play_id":"ff476fe5-3941-4c09-b00a-cc11bd801200","is_prod":false,"is_daily":false,"is_ascension_mode":true,"campfire_upgraded":4,"path_taken":["M","?","?","?","M","R","E","R","T","R","M","?","M","?","R","BOSS","M","?","$","?","?","E","M","R","T","M","M","R","M","E","R","BOSS","M","?","?","M","M","R","M","R","T","M"],"build_version":"2018-01-25-PROD3","purchased_purges":1,"victory":false,"master_deck":["Strike_R+1","Strike_R+1","Strike_R+1","Strike_R+1","Strike_R+1","Bash+1","Pommel Strike+1","Double Tap+1","Metallicize+1","Clash+1","Bludgeon+1","Thunderclap+1","Limit Break","Double Tap+1","Second Wind+1","Warcry+1","Headbutt+1","Infernal Blade+1","Inflame","Flex","Flex","Offering","Clash+1","Clothesline+1","Twin Strike+1","Whirlwind"],"max_hp_per_floor":[80,80,80,80,80,80,80,80,80,80,80,80,80,80,80,80,80,80,80,80,85,85,85,85,85,85,85,85,85,85,85,85,85,85,85,85,85,85,85,85,85,85,85],"relics":["Burning Blood","Bird Faced Urn","Paper Frog","Astrolabe","Bag of Marbles","Letter Opener","Whetstone","Ancient Tea Set","Philosopher\u0027s Stone","Old Coin"],"card_choices":[{"not_picked":["Clothesline","Shrug It Off"],"picked":"Pommel Strike"},{"not_picked":["Shockwave","Blood for Blood"],"picked":"Metallicize"},{"not_picked":["Evolve","Pommel Strike"],"picked":"Clash"},{"not_picked":["Flame Barrier","Wild Strike"],"picked":"Bludgeon"},{"not_picked":["Sever Soul","Ghostly Armor"],"picked":"Thunderclap"},{"not_picked":["Bludgeon","Juggernaut"],"picked":"Limit Break"},{"not_picked":["Rage","Armaments"],"picked":"Headbutt"},{"not_picked":["Clothesline","Twin Strike"],"picked":"Infernal Blade"},{"not_picked":["Hemokinesis","Juggernaut"],"picked":"Inflame"},{"not_picked":["Heavy Blade","Searing Blow"],"picked":"Flex"},{"not_picked":["Warcry","Brutality"],"picked":"Flex"},{"not_picked":["Bludgeon","Berserk"],"picked":"Offering"},{"not_picked":["Iron Wave","Power Through"],"picked":"Clash"},{"not_picked":["True Grit","Body Slam"],"picked":"Clothesline"},{"not_picked":["Flex","Clothesline"],"picked":"Twin Strike"},{"not_picked":["Anger","Cleave"],"picked":"Whirlwind"}],"player_experience":201457,"potions_floor_usage":[39,39,39],"damage_taken":[{"damage":6.0,"enemies":"2 Louse","floor":1.0,"turns":3.0},{"damage":13.0,"enemies":"Blue Slaver","floor":4.0,"turns":2.0},{"damage":7.0,"enemies":"Small Slimes","floor":5.0,"turns":3.0},{"damage":43.0,"enemies":"Lagavulin","floor":7.0,"turns":6.0},{"damage":22.0,"enemies":"Exordium Wildlife","floor":11.0,"turns":4.0},{"damage":12.0,"enemies":"Exordium Thugs","floor":13.0,"turns":4.0},{"damage":23.0,"enemies":"Hexaghost","floor":16.0,"turns":7.0},{"damage":0.0,"enemies":"Spheric Guardian","floor":18.0,"turns":1.0},{"damage":9.0,"enemies":"Gremlin Leader","floor":23.0,"turns":5.0},{"damage":18.0,"enemies":"3 Byrds","floor":24.0,"turns":4.0},{"damage":0.0,"enemies":"Snecko","floor":27.0,"turns":2.0},{"damage":48.0,"enemies":"Sentry and Sphere","floor":28.0,"turns":4.0},{"damage":0.0,"enemies":"Snake Plant","floor":30.0,"turns":1.0},{"damage":30.0,"enemies":"Book of Stabbing","floor":31.0,"turns":3.0},{"damage":43.0,"enemies":"Collector","floor":33.0,"turns":5.0},{"damage":0.0,"enemies":"Orb Walker","floor":35.0,"turns":1.0},{"damage":28.0,"enemies":"3 Shapes","floor":36.0,"turns":2.0},{"damage":38.0,"enemies":"Maw","floor":38.0,"turns":4.0},{"damage":32,"enemies":"4 Shapes","floor":39,"turns":3},{"damage":26,"enemies":"3 Darklings","floor":41,"turns":2},{"damage":48,"enemies":"Sphere and 2 Shapes","floor":44,"turns":3}],"event_choices":[{"event_name":"Match and Keep!","player_choice":"2 cards matched","floor":2.0,"damage_taken":0.0},{"event_name":"The Cleric","player_choice":"Card Removal","floor":3.0,"damage_taken":0.0},{"event_name":"Shining Light","player_choice":"Entered Light","floor":12.0,"damage_taken":0.0},{"event_name":"Dead Adventurer","player_choice":"Searched \u00271\u0027 times","floor":14.0,"damage_taken":0.0},{"event_name":"Purifier","player_choice":"One Purge","floor":19.0,"damage_taken":0.0},{"event_name":"Forgotten Altar","player_choice":"Shed Blood","floor":21.0,"damage_taken":0.0},{"event_name":"Back to Basics","player_choice":"Simplicity","floor":22.0,"damage_taken":0.0},{"event_name":"Accursed Blacksmith","player_choice":"Ignore","floor":37.0,"damage_taken":0.0}],"boss_relics":[],"potions_floor_spawned":[5,13,27,28,30,31,33,35,38,41],"seed_played":"8704748687179407611","killed_by":"Sphere and 2 Shapes","ascension_level":4,"is_trial":false}