{"path_per_floor":["M","M","?","M","?","R","$","?","T","?","R","E","R","M","R","B",null,"M","M","?","M","?","R","M","M","T","$","M","R","M","M","R","B",null,"M","?","M","?","?","R","T","M","T","R","M","$","M","M","R","B"],"character_chosen":"IRONCLAD","items_purchased":["Twin Strike","Toxic Egg 2","Anchor","Energy Potion"],"gold_per_floor":[119,132,204,219,219,219,91,91,91,191,191,222,222,236,236,339,339,350,362,362,377,377,377,397,414,414,25,45,45,60,72,72,175,175,195,0,10,10,59,59,59,69,94,94,111,62,75,91,91,91],"floor_reached":51,"campfire_rested":2,"playtime":2048,"current_hp_per_floor":[71,71,71,64,64,64,64,69,69,69,69,59,59,65,65,61,79,80,85,69,55,55,55,62,69,79,79,89,89,77,76,76,18,76,76,76,71,71,56,56,56,26,26,54,47,47,46,53,81,26],"items_purged":["Injury"],"gold":91,"score":729,"play_id":"68a83bb3-1707-4518-b315-576fbb1ad3be","is_prod":false,"is_daily":false,"is_ascension_mode":true,"campfire_upgraded":8,"path_taken":["M","M","?","M","?","R","$","?","T","?","R","E","R","M","R","BOSS","M","M","?","?","?","R","?","M","T","$","M","R","M","M","R","BOSS","M","?","M","?","?","R","?","M","T","R","M","$","M","M","R","BOSS"],"build_version":"2018-02-08-PROD1","purchased_purges":1,"victory":true,"master_deck":["Strike_R+1","Strike_R+1","Strike_R+1","Strike_R+1","Strike_R+1","Defend_R+1","Defend_R+1","Defend_R+1","Bash+1","Pommel Strike+1","Perfected Strike+1","Spot Weakness+1","Twin Strike+1","Bloodletting+1","Headbutt+1","Double Tap+1","Twin Strike","Flex","Perfected Strike+1","Disarm+1","Battle Trance+1","Warcry+1","Sword Boomerang+1","Warcry+1","Fire Breathing+1"],"max_hp_per_floor":[80,80,80,80,80,80,80,85,85,85,85,85,85,85,85,85,85,85,85,85,85,85,85,85,85,95,95,95,95,95,95,95,95,95,95,95,95,95,95,95,95,95,95,95,95,95,95,95,95,95],"relics":["Black Blood","Ice Cream","Shuriken","Enchiridion","Pear","Toxic Egg 2","Anchor","Mark of Pain","Red Mask","Thread and Needle","Pantograph","Vajra"],"card_choices":[{"not_picked":["Reckless Charge","Wild Strike"],"picked":"Pommel Strike"},{"not_picked":["Intimidate","Corruption"],"picked":"Perfected Strike"},{"not_picked":["Cleave","Anger"],"picked":"Spot Weakness"},{"not_picked":["Whirlwind","Second Wind"],"picked":"Bloodletting"},{"not_picked":["Cleave","Fiend Fire"],"picked":"Headbutt"},{"not_picked":["Exhume","Bludgeon"],"picked":"Double Tap"},{"not_picked":["True Grit","Body Slam"],"picked":"Twin Strike"},{"not_picked":["Pummel","Metallicize"],"picked":"Flex"},{"not_picked":["Twin Strike","Double Tap"],"picked":"Perfected Strike"},{"not_picked":["Iron Wave","Power Through"],"picked":"Disarm"},{"not_picked":["Pommel Strike","Rampage"],"picked":"Battle Trance"},{"not_picked":["Sentinel","Fire Breathing"],"picked":"Warcry"},{"not_picked":["Headbutt","Burning Pact"],"picked":"Sword Boomerang"},{"not_picked":["Combust","Cleave"],"picked":"Warcry"},{"not_picked":["Wild Strike","Rupture"],"picked":"Fire Breathing"}],"player_experience":329389,"potions_floor_usage":[12,21,28,33,33,39,50,50,50],"damage_taken":[{"damage":7,"enemies":"Small Slimes","floor":1,"turns":3},{"damage":6,"enemies":"2 Louse","floor":2,"turns":2},{"damage":13,"enemies":"Blue Slaver","floor":4,"turns":2},{"damage":16,"enemies":"Gremlin Nob","floor":12,"turns":3},{"damage":0,"enemies":"Large Slime","floor":14,"turns":2},{"damage":10,"enemies":"Slime Boss","floor":16,"turns":6},{"damage":9,"enemies":"Spheric Guardian","floor":18,"turns":3},{"damage":3,"enemies":"Shell Parasite","floor":19,"turns":1},{"damage":24,"enemies":"Snake Plant","floor":21,"turns":3},{"damage":3,"enemies":"Snecko","floor":24,"turns":2},{"damage":3,"enemies":"Sentry and Sphere","floor":25,"turns":2},{"damage":0,"enemies":"Centurion and Healer","floor":28,"turns":3},{"damage":22,"enemies":"3 Cultists","floor":30,"turns":4},{"damage":11,"enemies":"Sentry and Sphere","floor":31,"turns":3},{"damage":68,"enemies":"Champ","floor":33,"turns":7},{"damage":10,"enemies":"3 Darklings","floor":35,"turns":5},{"damage":15,"enemies":"3 Shapes","floor":37,"turns":3},{"damage":25,"enemies":"Mysterious Sphere","floor":39,"turns":3},{"damage":40,"enemies":"Sphere and 2 Shapes","floor":42,"turns":5},{"damage":17,"enemies":"3 Darklings","floor":45,"turns":3},{"damage":11,"enemies":"4 Shapes","floor":47,"turns":5},{"damage":3,"enemies":"Maw","floor":48,"turns":4},{"damage":79,"enemies":"Donu and Deca","floor":50,"turns":7}],"event_choices":[{"event_name":"Golden Wing","player_choice":"Gained Gold","floor":3,"damage_taken":0},{"event_name":"Accursed Blacksmith","player_choice":"Forge","floor":5,"damage_taken":0},{"event_name":"Big Fish","player_choice":"Donut","floor":8,"damage_taken":0},{"event_name":"Golden Shrine","player_choice":"Pray","floor":10,"damage_taken":0},{"event_name":"Cursed Tome","player_choice":"Obtained Book","floor":20,"damage_taken":0},{"event_name":"Back to Basics","player_choice":"Simplicity","floor":22,"damage_taken":0},{"event_name":"Tomb of Lord Red Mask","player_choice":"Paid","floor":36,"damage_taken":0},{"event_name":"Mysterious Sphere","player_choice":"Fight","floor":39,"damage_taken":0}],"boss_relics":[{"not_picked":["Velvet Choker","Orrery"],"picked":"Black Blood"},{"not_picked":["Astrolabe","White Beast Statue"],"picked":"Mark of Pain"}],"potions_floor_spawned":[1,12,14,21,24,25,30,37,42,45],"seed_played":"2182855055373635074","ascension_level":9,"is_trial":false}