{"gold_per_floor":[111,286,306,306,316,316,55,55,103,130,143,156,156,189,189,294,294,314,91,107,126,145,145,156,171,171,171,197,210,238,238,238,341,341,359,372,390,390],"floor_reached":38,"playtime":4058,"items_purged":["Doubt"],"score":526,"play_id":"a1858f42-df44-412a-b23b-f48bb4632651","local_time":"20190127161318","is_ascension_mode":true,"campfire_choices":[{"data":"Dodge and Roll","floor":6,"key":"SMITH"},{"data":"The Bomb","floor":8,"key":"SMITH"},{"data":"Leg Sweep","floor":15,"key":"SMITH"},{"data":"Terror","floor":23,"key":"SMITH"},{"data":"Die Die Die","floor":27,"key":"SMITH"},{"data":"Flying Knee","floor":32,"key":"SMITH"}],"neow_cost":"NONE","seed_source_timestamp":267393271166964,"circlet_count":0,"master_deck":["Defend_G","Defend_G","Defend_G","Defend_G","Defend_G","Strike_G","Strike_G","Strike_G","Strike_G","Strike_G","Survivor","Neutralize","Escape Plan","Deflect","Leg Sweep+1","Dodge and Roll+1","Poisoned Stab","The Bomb+1","Prepared","After Image","Backflip","Die Die Die+1","After Image","Setup","PiercingWail","Outmaneuver","Escape Plan","Setup+1","Terror+1","PiercingWail","Poisoned Stab","Underhanded Strike+1","Outmaneuver","Flying Knee+1","Die Die Die","Decay","Shame","Clumsy","Prepared+1","Prepared+1","Calculated Gamble"],"relics":["Ring of the Snake","Blood Vial","Potion Belt","Bottled Tornado","Happy Flower","Eternal Feather","Strawberry","Pen Nib","Centennial Puzzle","Boot","Calling Bell","Smiling Mask","Matryoshka","Calipers"],"potions_floor_usage":[5,16,18,20,22,29,30,35],"damage_taken":[{"damage":0,"enemies":"Small Slimes","floor":1,"turns":5},{"damage":1,"enemies":"Jaw Worm","floor":3,"turns":4},{"damage":7,"enemies":"Cultist","floor":5,"turns":7},{"damage":0,"enemies":"3 Sentries","floor":10,"turns":3},{"damage":15,"enemies":"Exordium Thugs","floor":11,"turns":3},{"damage":15,"enemies":"Lots of Slimes","floor":12,"turns":3},{"damage":1,"enemies":"Lagavulin","floor":14,"turns":7},{"damage":14,"enemies":"Hexaghost","floor":16,"turns":12},{"damage":1,"enemies":"Spheric Guardian","floor":18,"turns":5},{"damage":24,"enemies":"3 Byrds","floor":20,"turns":5},{"damage":17,"enemies":"Snake Plant","floor":21,"turns":4},{"damage":12,"enemies":"Centurion and Healer","floor":22,"turns":6},{"damage":7,"enemies":"Chosen and Byrds","floor":24,"turns":6},{"damage":2,"enemies":"Snake Plant","floor":25,"turns":4},{"damage":33,"enemies":"Book of Stabbing","floor":28,"turns":10},{"damage":0,"enemies":"Snecko","floor":29,"turns":7},{"damage":28,"enemies":"Gremlin Leader","floor":30,"turns":11},{"damage":45,"enemies":"Collector","floor":33,"turns":12},{"damage":19,"enemies":"3 Darklings","floor":35,"turns":4},{"damage":16,"enemies":"3 Shapes","floor":36,"turns":8},{"damage":24,"enemies":"Sphere and 2 Shapes","floor":37,"turns":5},{"damage":38,"enemies":"Maw","floor":38,"turns":8}],"seed_played":"6449256301371418154","potions_obtained":[{"floor":3,"key":"Poison Potion"},{"floor":5,"key":"SpeedPotion"},{"floor":10,"key":"Fire Potion"},{"floor":18,"key":"Swift Potion"},{"floor":21,"key":"Poison Potion"},{"floor":22,"key":"EssenceOfSteel"},{"floor":29,"key":"PowerPotion"},{"floor":33,"key":"PowerPotion"},{"floor":37,"key":"Explosive Potion"}],"is_trial":false,"path_per_floor":["M","?","M","?","M","R","$","R","T","E","M","M","T","E","R","B",null,"M","$","M","M","M","R","M","M","T","R","E","M","E","?","R","B",null,"M","M","M","M"],"character_chosen":"THE_SILENT","items_purchased":["Poisoned Stab","The Bomb","Strawberry","PiercingWail","Outmaneuver"],"campfire_rested":0,"item_purchase_floors":[7,7,19,19,19],"current_hp_per_floor":[77,77,76,76,69,69,69,69,69,71,58,45,45,46,46,34,77,76,83,60,45,35,50,45,45,45,63,32,34,8,84,84,39,84,65,51,29,0],"gold":390,"neow_bonus":"TEN_PERCENT_HP_BONUS","is_prod":false,"is_daily":false,"chose_seed":false,"campfire_upgraded":6,"win_rate":0,"timestamp":1548601998,"path_taken":["M","?","M","?","M","R","$","R","T","E","?","M","?","E","R","BOSS","M","$","M","M","M","R","M","?","T","R","E","M","E","?","R","BOSS","M","?","M","M"],"build_version":"2019-01-23","purchased_purges":1,"victory":false,"max_hp_per_floor":[77,77,77,77,77,77,77,77,77,77,77,77,77,77,77,77,77,77,84,84,84,84,84,84,84,84,84,84,84,84,84,84,84,84,84,84,84,84],"card_choices":[{"not_picked":["Slice","Predator"],"picked":"Escape Plan","floor":1},{"not_picked":["Underhanded Strike","Endless Agony"],"picked":"Deflect","floor":3},{"not_picked":["Underhanded Strike","Leg Sweep","Endless Agony"],"picked":"SKIP","floor":5},{"not_picked":["Reflex","Noxious Fumes"],"picked":"Prepared","floor":10},{"not_picked":["Flying Knee","Deadly Poison"],"picked":"After Image","floor":11},{"not_picked":["Prepared","Blade Dance"],"picked":"Backflip","floor":12},{"not_picked":["Backflip","Prepared"],"picked":"Die Die Die","floor":14},{"not_picked":["Night Terror","A Thousand Cuts"],"picked":"After Image","floor":16},{"not_picked":["Heel Hook","Predator+1"],"picked":"Setup","floor":18},{"not_picked":["Sucker Punch","Tactician"],"picked":"Escape Plan","floor":20},{"not_picked":["Predator","Dagger Spray"],"picked":"Setup+1","floor":21},{"not_picked":["Underhanded Strike","Slice"],"picked":"Terror","floor":22},{"not_picked":["Distraction","Dodge and Roll"],"picked":"PiercingWail","floor":24},{"not_picked":["Catalyst","Blade Dance"],"picked":"Poisoned Stab","floor":25},{"not_picked":["Bane","Dagger Spray"],"picked":"Underhanded Strike+1","floor":28},{"not_picked":["Tactician","Bane"],"picked":"Outmaneuver","floor":29},{"not_picked":["Setup","Outmaneuver"],"picked":"Flying Knee","floor":30},{"not_picked":["Glass Knife","Night Terror"],"picked":"Die Die Die","floor":33},{"not_picked":["Distraction","Cloak And Dagger+1"],"picked":"Prepared+1","floor":35},{"not_picked":["PiercingWail+1","Dagger Throw"],"picked":"Prepared+1","floor":36},{"not_picked":["Cloak And Dagger+1","Bane"],"picked":"Calculated Gamble","floor":37}],"player_experience":54832,"relics_obtained":[{"floor":9,"key":"Blood Vial"},{"floor":10,"key":"Potion Belt"},{"floor":13,"key":"Bottled Tornado"},{"floor":14,"key":"Happy Flower"},{"floor":26,"key":"Pen Nib"},{"floor":28,"key":"Centennial Puzzle"},{"floor":30,"key":"Boot"},{"floor":34,"key":"Smiling Mask"},{"floor":34,"key":"Matryoshka"},{"floor":34,"key":"Calipers"}],"event_choices":[{"damage_healed":0,"gold_gain":175,"player_choice":"AGREE","damage_taken":0,"max_hp_gain":0,"max_hp_loss":0,"event_name":"Liars Game","floor":2,"gold_loss":0,"cards_obtained":["Doubt"]},{"damage_healed":0,"gold_gain":0,"player_choice":"2 cards matched","damage_taken":0,"max_hp_gain":0,"max_hp_loss":0,"event_name":"Match and Keep!","floor":4,"gold_loss":0,"cards_obtained":["Leg Sweep","Dodge and Roll"]},{"damage_healed":76,"gold_gain":0,"player_choice":"Full Heal","damage_taken":0,"max_hp_gain":0,"max_hp_loss":0,"event_name":"Wheel of Change","floor":31,"gold_loss":0}],"is_beta":false,"boss_relics":[{"not_picked":["Ectoplasm","Coffee Dripper"],"picked":"Eternal Feather"},{"not_picked":["Cursed Key","Fusion Hammer"],"picked":"Calling Bell"}],"items_purged_floors":[7],"is_endless":false,"potions_floor_spawned":[3,5,10,18,21,22,29,33,37],"killed_by":"Maw","ascension_level":2}