{"path_per_floor":["M","M","?","?","$","R","M","E","T","R","M","M","?","?","R","B",null,"M","M","$","M","?","R"],"character_chosen":"DEFECT","items_purchased":["Double Energy","Blaster","Cold Snap","Frozen Egg 2","Ball Lightning"],"gold_per_floor":[217,237,237,237,62,62,80,123,123,123,147,172,172,172,172,295,333,347,316,9,23,23,23,23],"floor_reached":24,"campfire_rested":1,"playtime":1077,"current_hp_per_floor":[65,65,47,47,47,47,47,40,40,40,36,22,10,35,57,40,80,80,59,59,65,65,65,0],"items_purged":[],"gold":23,"score":196,"play_id":"66726055-2c63-4341-8343-461945456205","local_time":"20180427130319","is_prod":false,"is_daily":false,"chose_seed":false,"is_ascension_mode":false,"campfire_upgraded":3,"timestamp":1524805399,"path_taken":["M","M","?","?","$","R","M","E","T","R","M","M","?","?","R","BOSS","M","M","$","M","?","R","E"],"build_version":"2018-04-26","seed_source_timestamp":173844438741413,"purchased_purges":0,"victory":false,"master_deck":["Strike_B","Strike_B","Strike_B","Defend_B","Defend_B","Defend_B","Defend_B","Zap","Dualcast+1","Leap","Loop+1","Double Energy","Blaster","Cold Snap","Go for the Eyes+1","Streamline","Glacier","Multi-Cast","Impulse+1","Leap+1","Genetic Algorithm","Ball Lightning","Capacitor+1"],"max_hp_per_floor":[75,75,75,75,75,75,75,75,75,75,75,75,75,75,75,75,80,80,80,80,80,80,80,80],"relics":["Cracked Core","Golden Idol","Du-Vu Doll","Ice Cream","Omamori","Tiny House","Frozen Egg 2"],"card_choices":[{"not_picked":["Flux Capacitor","Coolheaded"],"picked":"Leap","floor":1},{"not_picked":["Ball Lightning","Reprogram"],"picked":"Loop","floor":2},{"not_picked":["Leap","Force Field"],"picked":"Go for the Eyes","floor":7},{"not_picked":["Hologram","Capacitor"],"picked":"Streamline","floor":11},{"not_picked":["Double Energy","Conserve Battery"],"picked":"Glacier","floor":12},{"not_picked":["Reboot","Seek"],"picked":"Multi-Cast","floor":16},{"not_picked":["Skim","Ball Lightning"],"picked":"Impulse","floor":17},{"not_picked":["Flux Capacitor","Buffer"],"picked":"Leap","floor":18},{"not_picked":["Undo","Reprogram"],"picked":"Genetic Algorithm","floor":19},{"not_picked":["Gash","Leap"],"picked":"Capacitor","floor":21}],"player_experience":906811,"potions_floor_usage":[8,8,18,21,24],"damage_taken":[{"damage":10,"enemies":"Jaw Worm","floor":1,"turns":4},{"damage":0,"enemies":"Small Slimes","floor":2,"turns":4},{"damage":0,"enemies":"Cultist","floor":7,"turns":3},{"damage":7,"enemies":"Gremlin Nob","floor":8,"turns":5},{"damage":4,"enemies":"3 Louse","floor":11,"turns":4},{"damage":14,"enemies":"Lots of Slimes","floor":12,"turns":5},{"damage":17,"enemies":"Slime Boss","floor":16,"turns":15},{"damage":0,"enemies":"Chosen","floor":18,"turns":4},{"damage":21,"enemies":"2 Thieves","floor":19,"turns":5},{"damage":9,"enemies":"Centurion and Healer","floor":21,"turns":14},{"damage":68,"enemies":"Book of Stabbing","floor":24,"turns":8}],"event_choices":[{"event_name":"Golden Idol","player_choice":"Take Damage","floor":3,"damage_taken":0},{"event_name":"Bonfire Elementals","player_choice":"BASIC","floor":4,"damage_taken":0},{"event_name":"Scrap Ooze","player_choice":"success","floor":13,"damage_taken":12},{"event_name":"Big Fish","player_choice":"Banana","floor":14,"damage_taken":0},{"event_name":"Drug Dealer","player_choice":"Ignored","floor":22,"damage_taken":0}],"boss_relics":[{"not_picked":["Runic Dome","Snecko Eye"],"picked":"Tiny House"}],"potions_floor_spawned":[2,7,12,18,19],"seed_played":"-5748231645769313663","killed_by":"Book of Stabbing","ascension_level":0,"is_trial":false}