{"gold_per_floor":[118,21,39,114,131,165,165,194,194,78,95,122,122,138,138,237,237,249,524,276,261,280,309,328,328,328,328,328,253,253,15,15,114,114,124,124,141,416,436,461,461,336,383,445,147,147,157,157,157,157],"floor_reached":51,"playtime":2771,"items_purged":["Strike_B","Regret","Regret","Mayhem"],"score":791,"play_id":"646fcf49-1c2a-4143-887f-dfe3d6ae042b","local_time":"20181118120742","is_ascension_mode":false,"campfire_choices":[{"data":"Zap","floor":7,"key":"SMITH"},{"data":"Fusion","floor":13,"key":"SMITH"},{"data":"Echo Form","floor":15,"key":"SMITH"},{"data":"Darkness","floor":25,"key":"SMITH"},{"data":"Fission","floor":27,"key":"SMITH"},{"data":"Go for the Eyes","floor":32,"key":"SMITH"},{"data":"Dualcast","floor":41,"key":"SMITH"},{"data":"Hologram","floor":46,"key":"SMITH"},{"floor":49,"key":"REST"}],"neow_cost":"NONE","seed_source_timestamp":163575117795107,"circlet_count":0,"master_deck":["Defend_B+1","Defend_B+1","Defend_B+1","Defend_B+1","Zap+1","Dualcast+1","Streamline","Fusion+1","Beam Cell","Go for the Eyes+1","Glacier","Leap","Capacitor","Darkness+1","Echo Form+1","Sweeping Beam","Fission+1","Defragment+1","Sweeping Beam+1","Hologram+1","All For One","Finesse","Tempest+1","Streamline+1","White Noise+1","Loop+1","Echo Form+1"],"relics":["FrozenCore","NeowsBlessing","Incense Burner","Meat on the Bone","Bottled Lightning","Thread and Needle","Bag of Preparation","Ice Cream","Pantograph","Question Card","Astrolabe","Orichalcum","PreservedInsect","Tiny Chest","Strawberry"],"potions_floor_usage":[6,21,23,33,40,50,50,50],"damage_taken":[{"damage":0,"enemies":"Small Slimes","floor":1,"turns":1},{"damage":0,"enemies":"Jaw Worm","floor":3,"turns":1},{"damage":0,"enemies":"Cultist","floor":5,"turns":1},{"damage":8,"enemies":"3 Sentries","floor":6,"turns":7},{"damage":32,"enemies":"Lagavulin","floor":8,"turns":8},{"damage":0,"enemies":"Large Slime","floor":11,"turns":6},{"damage":18,"enemies":"Gremlin Nob","floor":12,"turns":6},{"damage":0,"enemies":"Looter","floor":14,"turns":3},{"damage":11,"enemies":"Slime Boss","floor":16,"turns":8},{"damage":2,"enemies":"Shell Parasite","floor":18,"turns":7},{"damage":9,"enemies":"2 Thieves","floor":21,"turns":4},{"damage":14,"enemies":"3 Cultists","floor":22,"turns":5},{"damage":9,"enemies":"Slavers","floor":23,"turns":2},{"damage":0,"enemies":"Snecko","floor":24,"turns":7},{"damage":6,"enemies":"Automaton","floor":33,"turns":9},{"damage":0,"enemies":"Orb Walker","floor":35,"turns":3},{"damage":12,"enemies":"3 Shapes","floor":37,"turns":5},{"damage":2,"enemies":"Maw","floor":39,"turns":7},{"damage":12,"enemies":"Reptomancer","floor":40,"turns":8},{"damage":0,"enemies":"Giant Head","floor":44,"turns":7},{"damage":0,"enemies":"Sphere and 2 Shapes","floor":47,"turns":3},{"damage":3,"enemies":"Donu and Deca","floor":50,"turns":9}],"seed_played":"8613907717963079883","potions_obtained":[{"floor":1,"key":"Explosive Potion"},{"floor":3,"key":"PowerPotion"},{"floor":8,"key":"EssenceOfSteel"},{"floor":12,"key":"PowerPotion"},{"floor":24,"key":"PowerPotion"},{"floor":33,"key":"AttackPotion"},{"floor":39,"key":"Explosive Potion"},{"floor":40,"key":"PowerPotion"}],"is_trial":false,"path_per_floor":["M","$","M","?","M","E","R","E","T","$","M","E","R","M","R","B",null,"M","?","$","M","M","E","M","R","T","R","?","?","?","$","R","B",null,"M","?","M","?","M","E","R","$","T","E","$","R","M","?","R","B",null],"character_chosen":"DEFECT","items_purchased":["Fusion","Beam Cell","Capacitor","Bag of Preparation","All For One","Finesse","Strawberry"],"campfire_rested":1,"item_purchase_floors":[2,2,10,20,31,31,45],"current_hp_per_floor":[75,75,75,64,64,56,56,24,24,24,36,30,30,42,42,43,75,73,73,73,64,50,41,41,41,41,41,41,41,41,41,41,60,75,75,65,53,53,51,39,39,39,39,39,46,46,46,46,70,79],"gold":157,"neow_bonus":"THREE_ENEMY_KILL","is_prod":false,"is_daily":false,"chose_seed":false,"campfire_upgraded":8,"win_rate":0,"timestamp":1542523062,"path_taken":["M","$","M","?","M","E","R","E","T","$","M","E","R","M","R","BOSS","M","?","$","?","M","E","M","R","T","R","?","?","?","$","R","BOSS","M","?","M","?","M","E","R","$","T","E","$","R","?","?","R","BOSS"],"build_version":"2018-11-15","purchased_purges":4,"victory":true,"max_hp_per_floor":[75,75,75,75,75,75,75,75,75,75,75,75,75,75,75,75,75,75,75,75,75,75,75,75,75,75,75,75,75,75,75,75,75,75,75,75,75,75,75,75,75,75,75,75,82,82,82,82,82,82],"card_choices":[{"not_picked":["Hologram","Conserve Battery"],"picked":"Streamline","floor":1},{"not_picked":["Compile Driver","Redo"],"picked":"Go for the Eyes","floor":3},{"not_picked":["FTL","Conserve Battery"],"picked":"Glacier","floor":5},{"not_picked":["Turbo","Blizzard","Loop"],"picked":"SKIP","floor":6},{"not_picked":["Seek","Multi-Cast"],"picked":"Leap","floor":8},{"not_picked":["Darkness","Double Energy","Force Field"],"picked":"SKIP","floor":11},{"not_picked":["Double Energy","Force Field"],"picked":"Darkness","floor":11},{"not_picked":["Cold Snap","Compile Driver"],"picked":"Echo Form","floor":12},{"not_picked":["Gash","Lockon"],"picked":"Sweeping Beam","floor":14},{"not_picked":["Amplify","Buffer"],"picked":"Fission","floor":16},{"not_picked":["Coolheaded","Redo"],"picked":"Defragment+1","floor":18},{"not_picked":["Streamline","Beam Cell"],"picked":"Static Discharge+1","floor":21},{"not_picked":["Hologram","Genetic Algorithm"],"picked":"Sweeping Beam+1","floor":22},{"not_picked":["Rip and Tear","Chill","Heatsinks"],"picked":"SKIP","floor":23},{"not_picked":["Gash","Auto Shields"],"picked":"Hologram","floor":24},{"not_picked":["Ball Lightning","Turbo+1","Hello World"],"picked":"Loop+1","floor":35},{"not_picked":["PanicButton","Discovery","Mind Blast"],"picked":"Mayhem","floor":36},{"not_picked":["Ball Lightning","Coolheaded+1","Leap+1","Chaos"],"picked":"SKIP","floor":37},{"not_picked":["Turbo","Aggregate","Chaos+1","Darkness"],"picked":"SKIP","floor":39},{"not_picked":["Gash+1","Chaos","Stack+1","Redo"],"picked":"SKIP","floor":40},{"not_picked":["Lockon+1","Tempest","Beam Cell","Rebound"],"picked":"SKIP","floor":44},{"not_picked":["Thunder Strike","Storm+1","Redo","Beam Cell"],"picked":"SKIP","floor":47}],"player_experience":712931,"relics_obtained":[{"floor":6,"key":"Incense Burner"},{"floor":8,"key":"Meat on the Bone"},{"floor":9,"key":"Bottled Lightning"},{"floor":12,"key":"Thread and Needle"},{"floor":23,"key":"Ice Cream"},{"floor":26,"key":"Pantograph"},{"floor":30,"key":"Question Card"},{"floor":40,"key":"Orichalcum"},{"floor":43,"key":"PreservedInsect"},{"floor":44,"key":"Tiny Chest"}],"event_choices":[{"damage_healed":0,"gold_gain":75,"player_choice":"Gather Gold","damage_taken":11,"max_hp_gain":0,"max_hp_loss":0,"event_name":"World of Goop","floor":4,"gold_loss":0},{"damage_healed":0,"gold_gain":275,"player_choice":"Desecrate","damage_taken":0,"max_hp_gain":0,"max_hp_loss":0,"event_name":"Golden Shrine","floor":19,"gold_loss":0,"cards_obtained":["Regret"]},{"damage_healed":0,"gold_gain":0,"player_choice":"Simplicity","damage_taken":0,"max_hp_gain":0,"max_hp_loss":0,"event_name":"Back to Basics","floor":28,"gold_loss":0,"cards_upgraded":["Strike_B","Strike_B","Strike_B","Defend_B","Defend_B","Defend_B","Defend_B"]},{"cards_removed":["Strike_B"],"damage_healed":0,"gold_gain":0,"player_choice":"Gave Gold","damage_taken":0,"max_hp_gain":0,"max_hp_loss":0,"event_name":"Beggar","floor":29,"gold_loss":75},{"damage_healed":0,"gold_gain":0,"player_choice":"Relic","damage_taken":0,"max_hp_gain":0,"max_hp_loss":0,"event_name":"Wheel of Change","floor":30,"gold_loss":0},{"damage_healed":0,"gold_gain":0,"player_choice":"Memory 3","damage_taken":10,"max_hp_gain":0,"max_hp_loss":0,"event_name":"SensoryStone","floor":36,"gold_loss":0},{"damage_healed":0,"gold_gain":275,"player_choice":"Desecrate","damage_taken":0,"max_hp_gain":0,"max_hp_loss":0,"event_name":"Golden Shrine","floor":38,"gold_loss":0,"cards_obtained":["Regret"]},{"damage_healed":0,"gold_gain":0,"player_choice":"Copied","damage_taken":0,"max_hp_gain":0,"max_hp_loss":0,"event_name":"Duplicator","floor":48,"gold_loss":0,"cards_obtained":["Echo Form"]}],"is_beta":true,"boss_relics":[{"not_picked":["Runic Dome","Sozu"],"picked":"FrozenCore"},{"not_picked":["Inserter","Orrery"],"picked":"Astrolabe"}],"items_purged_floors":[10,20,42,45],"is_endless":false,"potions_floor_spawned":[1,3,8,12,24,33,39,40],"ascension_level":0}