{"gold_per_floor":[118,293,312,332,217,244,244,273,354,354,47,62,62,62,62,158,158,188,188],"floor_reached":19,"playtime":674,"items_purged":["Doubt","Strike_B"],"score":201,"play_id":"59a70292-8f40-4978-8fa1-8a8d2815d14f","local_time":"20180715130040","is_ascension_mode":true,"campfire_choices":[{"data":"Zap","floor":10,"key":"SMITH"},{"data":"Gash","floor":13,"key":"SMITH"},{"floor":15,"key":"REST"}],"neow_cost":"NONE","seed_source_timestamp":11625320321552,"circlet_count":0,"master_deck":["Strike_B","Defend_B","Defend_B","Defend_B","Defend_B","Zap+1","Dualcast","Tempest","Gash+1","Loop","Sunder","Capacitor","Loop","Rainbow","Go for the Eyes"],"relics":["Cracked Core","NeowsBlessing","Du-Vu Doll","Potion Belt","Ice Cream","Dodecahedron","Toolbox","Empty Cage"],"potions_floor_usage":[8,12],"damage_taken":[{"damage":0,"enemies":"Jaw Worm","floor":1,"turns":1},{"damage":0,"enemies":"Small Slimes","floor":3,"turns":1},{"damage":0,"enemies":"Cultist","floor":4,"turns":1},{"damage":29,"enemies":"3 Sentries","floor":6,"turns":7},{"damage":25,"enemies":"Lagavulin","floor":8,"turns":5},{"damage":9,"enemies":"2 Fungi Beasts","floor":12,"turns":3},{"damage":36,"enemies":"Hexaghost","floor":16,"turns":9},{"damage":34,"enemies":"Shell Parasite","floor":18,"turns":6},{"damage":2,"enemies":"Chosen","floor":19,"turns":4}],"seed_played":"8774173890683573253","potions_obtained":[{"floor":1,"key":"FairyPotion"},{"floor":3,"key":"FocusPotion"},{"floor":6,"key":"Swift Potion"},{"floor":18,"key":"Strength Potion"}],"is_trial":false,"path_per_floor":["M","?","M","M","$","E","?","E","T","R","$","M","R","?","R","B",null,"M"],"character_chosen":"DEFECT","items_purchased":["Loop","Toolbox"],"campfire_rested":1,"item_purchase_floors":[5,11],"current_hp_per_floor":[75,75,75,75,75,46,46,21,21,21,21,12,12,12,34,7,75,41,39],"gold":188,"neow_bonus":"THREE_ENEMY_KILL","is_prod":false,"is_daily":false,"chose_seed":false,"campfire_upgraded":2,"win_rate":0,"timestamp":1531639840,"path_taken":["M","?","M","?","$","E","?","E","T","R","$","?","R","?","R","BOSS","M","?"],"build_version":"2018-07-13","purchased_purges":2,"victory":false,"max_hp_per_floor":[75,75,75,75,75,75,75,75,75,75,75,75,75,75,75,75,75,75,75],"card_choices":[{"not_picked":["Barrage","Double Energy"],"picked":"Tempest","floor":1},{"not_picked":["Rebound","Redo"],"picked":"Gash","floor":3},{"not_picked":["Redo","Scrape","Fusion"],"picked":"SKIP","floor":4},{"not_picked":["Amplify","Auto Shields"],"picked":"Sunder","floor":6},{"not_picked":["Sunder","Steam"],"picked":"Capacitor","floor":8},{"not_picked":["Turbo","Genetic Algorithm"],"picked":"Loop","floor":12},{"not_picked":["Reboot","Hyperbeam"],"picked":"Rainbow","floor":16},{"not_picked":["Streamline","Lockon+1"],"picked":"Go for the Eyes","floor":18}],"player_experience":196636,"relics_obtained":[{"floor":6,"key":"Du-Vu Doll"},{"floor":8,"key":"Ice Cream"},{"floor":9,"key":"Dodecahedron"}],"event_choices":[{"event_name":"Liars Game","player_choice":"agreed","floor":2,"damage_taken":0},{"event_name":"Dead Adventurer","player_choice":"Searched \u00271\u0027 times","floor":7,"damage_taken":0},{"event_name":"Shining Light","player_choice":"Ignored","floor":14,"damage_taken":0}],"boss_relics":[{"not_picked":["Coffee Dripper","Tiny House"],"picked":"Empty Cage"}],"items_purged_floors":[5,11],"is_endless":false,"potions_floor_spawned":[1,3,6,18],"killed_by":"Chosen","ascension_level":3}