{"gold_per_floor":[114,134,146,161,9,9,42,65,65,90,107,107,107,32,32,135,135,152,170,196,211,211,211,136,136,136,168,181,199,232,30,30,132,132,147,78,78,78,95,95,95,95,175,175,193,227,247,279,279,279],"floor_reached":51,"playtime":3796,"items_purged":["Strike_B"],"score":998,"play_id":"740ac395-961f-4681-9710-3a93591e28c4","local_time":"20180727110307","is_ascension_mode":true,"campfire_choices":[{"data":"Zap","floor":6,"key":"SMITH"},{"data":"Loop","floor":13,"key":"SMITH"},{"data":"Cold Snap","floor":15,"key":"SMITH"},{"data":"Rainbow","floor":23,"key":"SMITH"},{"floor":25,"key":"REST"},{"data":"Multi-Cast","floor":32,"key":"SMITH"},{"data":"Loop","floor":40,"key":"SMITH"},{"data":"Streamline","floor":42,"key":"SMITH"},{"data":"Hologram","floor":44,"key":"SMITH"},{"floor":49,"key":"REST"}],"neow_cost":"","seed_source_timestamp":2258931104731,"circlet_count":0,"master_deck":["Strike_B","Strike_B","Strike_B","Defend_B","Defend_B","Defend_B+1","Defend_B","Zap+1","Dualcast+1","Leap","Ball Lightning","Streamline+1","Cold Snap+1","Loop+1","Reinforced Body+1","Rainbow+1","Go for the Eyes+1","Conserve Battery+1","Hologram+1","Hologram+1","Coolheaded+1","Multi-Cast+1","Skim+1","Loop+1","Undo","Madness","Madness","Cold Snap+1","Blizzard+1"],"relics":["FrozenCore","DataDisk","Oddly Smooth Stone","Bag of Marbles","Lantern","Bag of Preparation","Ancient Tea Set","Ornamental Fan","Matryoshka","Happy Flower","Chemical X","Philosopher\u0027s Stone","Pen Nib","Question Card","War Paint","Tiny Chest","Singing Bowl","Dream Catcher"],"potions_floor_usage":[16,27,29,30,30,33,48,48,50],"damage_taken":[{"damage":0,"enemies":"Cultist","floor":1,"turns":4},{"damage":0,"enemies":"Jaw Worm","floor":2,"turns":4},{"damage":0,"enemies":"2 Louse","floor":3,"turns":2},{"damage":3,"enemies":"Looter","floor":4,"turns":3},{"damage":8,"enemies":"Gremlin Nob","floor":7,"turns":3},{"damage":0,"enemies":"3 Sentries","floor":10,"turns":5},{"damage":0,"enemies":"2 Fungi Beasts","floor":11,"turns":2},{"damage":0,"enemies":"The Guardian","floor":16,"turns":6},{"damage":0,"enemies":"Spheric Guardian","floor":18,"turns":2},{"damage":0,"enemies":"Chosen","floor":19,"turns":4},{"damage":9,"enemies":"Snake Plant","floor":21,"turns":3},{"damage":35,"enemies":"Gremlin Leader","floor":27,"turns":12},{"damage":0,"enemies":"Centurion and Healer","floor":28,"turns":8},{"damage":1,"enemies":"Chosen and Byrds","floor":29,"turns":8},{"damage":5,"enemies":"Slavers","floor":30,"turns":8},{"damage":45,"enemies":"Automaton","floor":33,"turns":12},{"damage":3,"enemies":"3 Darklings","floor":35,"turns":12},{"damage":0,"enemies":"Orb Walker","floor":39,"turns":3},{"damage":0,"enemies":"3 Darklings","floor":45,"turns":6},{"damage":15,"enemies":"Giant Head","floor":46,"turns":6},{"damage":0,"enemies":"Sphere and 2 Shapes","floor":47,"turns":6},{"damage":14,"enemies":"Nemesis","floor":48,"turns":13},{"damage":33,"enemies":"Donu and Deca","floor":50,"turns":11}],"seed_played":"-8647472598290155637","potions_obtained":[{"floor":3,"key":"Explosive Potion"},{"floor":4,"key":"Regen Potion"},{"floor":10,"key":"Ancient Potion"},{"floor":18,"key":"Energy Potion"},{"floor":19,"key":"Weak Potion"},{"floor":29,"key":"Fire Potion"},{"floor":30,"key":"Swift Potion"},{"floor":33,"key":"FearPotion"},{"floor":45,"key":"Block Potion"},{"floor":46,"key":"Swift Potion"},{"floor":48,"key":"FocusPotion"}],"is_trial":false,"path_per_floor":["M","M","M","M","$","R","E","T","T","E","M","?","R","$","R","B",null,"M","M","T","M","?","R","?","R","T","E","M","M","E","$","R","B",null,"M","$","?","T","M","R","?","R","T","R","M","E","M","E","R","B"],"character_chosen":"DEFECT","items_purchased":["DataDisk","Chemical X","Loop"],"campfire_rested":2,"item_purchase_floors":[5,31,36],"current_hp_per_floor":[75,75,75,72,72,72,64,64,64,64,64,69,69,69,69,69,77,77,77,77,68,53,53,53,78,78,43,43,42,52,52,52,7,66,63,63,63,63,63,63,52,52,52,52,52,37,39,27,55,22],"gold":279,"neow_bonus":"","is_prod":false,"is_daily":false,"chose_seed":false,"campfire_upgraded":8,"win_rate":0,"timestamp":1532669587,"path_taken":["M","M","M","M","?","R","E","?","T","E","?","?","R","?","R","BOSS","M","?","?","M","?","R","?","R","T","E","M","M","E","?","R","BOSS","M","$","?","?","M","R","?","R","T","R","M","E","M","E","R","BOSS"],"build_version":"2018-07-26","purchased_purges":1,"victory":true,"max_hp_per_floor":[75,75,75,75,75,75,75,75,75,75,75,80,80,80,80,80,80,80,80,80,80,85,85,85,85,85,85,85,85,85,85,85,85,85,85,85,85,85,85,85,85,85,85,85,85,85,87,89,91,91],"card_choices":[{"not_picked":["Skim","Beam Cell"],"picked":"Leap","floor":1},{"not_picked":["Redo","Streamline"],"picked":"Ball Lightning","floor":2},{"not_picked":["Conserve Battery","Beam Cell"],"picked":"Streamline","floor":3},{"not_picked":["Sweeping Beam","Hyperbeam"],"picked":"Doom and Gloom","floor":4},{"not_picked":["Reprogram","FTL"],"picked":"Cold Snap","floor":7},{"not_picked":["Redo","Steam"],"picked":"Loop","floor":10},{"not_picked":["Rebound","Beam Cell"],"picked":"Reinforced Body","floor":11},{"not_picked":["Meteor Strike","Amplify"],"picked":"Rainbow","floor":16},{"not_picked":["Genetic Algorithm","Rebound","Streamline"],"picked":"SKIP","floor":18},{"not_picked":["Hologram","Beam Cell"],"picked":"Go for the Eyes+1","floor":19},{"not_picked":["Steam Power+1","Auto Shields"],"picked":"Conserve Battery+1","floor":21},{"not_picked":["Blizzard","Sweeping Beam"],"picked":"Hologram+1","floor":27},{"not_picked":["Rebound","Hello World"],"picked":"Hologram","floor":28},{"not_picked":["Sweeping Beam","Fusion"],"picked":"Coolheaded+1","floor":29},{"not_picked":["Gash","Ball Lightning"],"picked":"Multi-Cast","floor":30},{"not_picked":["Steam","Genetic Algorithm"],"picked":"Skim+1","floor":35},{"not_picked":["Static Discharge+1","Leap","BootSequence"],"picked":"Undo","floor":39},{"not_picked":["Coolheaded","Ball Lightning","Turbo+1"],"picked":"Cold Snap+1","floor":45},{"not_picked":["Hologram","Hello World","Force Field+1"],"picked":"Blizzard+1","floor":46},{"not_picked":["Stack","Conserve Battery+1","Auto Shields+1","Beam Cell+1"],"picked":"Singing Bowl","floor":47},{"not_picked":["Go for the Eyes+1","Ball Lightning+1","Heatsinks+1","Cold Snap+1"],"picked":"Singing Bowl","floor":48},{"not_picked":["Compile Driver+1","Aggregate","Cold Snap+1","Skim+1"],"picked":"Singing Bowl","floor":49}],"player_experience":336464,"relics_obtained":[{"floor":7,"key":"Oddly Smooth Stone"},{"floor":8,"key":"Bag of Marbles"},{"floor":9,"key":"Lantern"},{"floor":10,"key":"Bag of Preparation"},{"floor":20,"key":"Ancient Tea Set"},{"floor":26,"key":"Ornamental Fan"},{"floor":27,"key":"Matryoshka"},{"floor":30,"key":"Happy Flower"},{"floor":38,"key":"Pen Nib"},{"floor":38,"key":"Question Card"},{"floor":43,"key":"War Paint"},{"floor":43,"key":"Tiny Chest"},{"floor":46,"key":"Singing Bowl"},{"floor":48,"key":"Dream Catcher"}],"event_choices":[{"event_name":"Big Fish","player_choice":"Donut","floor":12,"damage_taken":0},{"event_name":"Forgotten Altar","player_choice":"Shed Blood","floor":22,"damage_taken":0},{"event_name":"Beggar","player_choice":"Gave Gold","floor":24,"damage_taken":0},{"event_name":"Upgrade Shrine","player_choice":"Upgraded","floor":37,"damage_taken":0},{"event_name":"Winding Halls","player_choice":"Embrace Madness","floor":41,"damage_taken":0}],"is_beta":true,"boss_relics":[{"not_picked":["Eternal Feather","Inserter"],"picked":"FrozenCore"},{"not_picked":["Calling Bell","Lizard Tail"],"picked":"Philosopher\u0027s Stone"}],"items_purged_floors":[14],"is_endless":false,"potions_floor_spawned":[3,4,10,18,19,29,30,33,45,46,48],"ascension_level":5}