{"gold_per_floor":[12,12,87,101,114,114,148,148,148,148,73,90,90,40,40,40],"floor_reached":16,"playtime":516,"items_purged":["Decay"],"score":98,"play_id":"87ae7612-2438-45f4-9d1e-a721caa36ee5","local_time":"20190127132901","is_ascension_mode":false,"campfire_choices":[{"data":"Chill","floor":6,"key":"SMITH"},{"floor":10,"key":"REST"},{"data":"Zap","floor":15,"key":"SMITH"}],"neow_cost":"NO_GOLD","seed_source_timestamp":332353739088446,"circlet_count":0,"master_deck":["Strike_B","Strike_B","Strike_B","Strike_B","Defend_B","Defend_B","Defend_B","Zap+1","Dualcast","Seek+1","BootSequence","Chill+1"],"relics":["Cracked Core","Turnip","Molten Egg 2"],"potions_floor_usage":[7,16],"damage_taken":[{"damage":1,"enemies":"2 Louse","floor":1,"turns":2},{"damage":1,"enemies":"Cultist","floor":4,"turns":3},{"damage":0,"enemies":"Small Slimes","floor":5,"turns":3},{"damage":23,"enemies":"Lagavulin","floor":7,"turns":7},{"damage":9,"enemies":"2 Fungi Beasts","floor":12,"turns":3},{"damage":33,"enemies":"Slime Boss","floor":16,"turns":5}],"seed_played":"5790697753185297645","potions_obtained":[{"floor":5,"key":"Block Potion"},{"floor":7,"key":"Swift Potion"}],"is_trial":false,"path_per_floor":["M","?","?","M","M","R","E","?","T","R","$","M","$","?","R","B"],"character_chosen":"DEFECT","items_purchased":[],"campfire_rested":1,"item_purchase_floors":[],"current_hp_per_floor":[74,74,63,62,62,62,39,39,39,61,61,52,52,52,52,19],"gold":40,"neow_bonus":"THREE_RARE_CARDS","is_prod":false,"is_daily":false,"chose_seed":false,"campfire_upgraded":2,"win_rate":0,"timestamp":1548613741,"path_taken":["M","?","?","M","M","R","E","?","T","R","$","?","$","?","R","BOSS"],"build_version":"2019-01-23","purchased_purges":1,"victory":false,"max_hp_per_floor":[75,75,75,75,75,75,75,75,75,75,75,75,75,75,75,75],"card_choices":[{"not_picked":["Buffer","Machine Learning"],"picked":"Seek","floor":0},{"not_picked":["Leap","Force Field"],"picked":"BootSequence","floor":1},{"not_picked":["Static Discharge","Hello World"],"picked":"Chill","floor":4},{"not_picked":["Streamline","Gash","Double Energy"],"picked":"SKIP","floor":5},{"not_picked":["Sweeping Beam","Sunder","Streamline"],"picked":"SKIP","floor":7},{"not_picked":["Leap","Beam Cell+1","Steam"],"picked":"SKIP","floor":12}],"player_experience":166769,"relics_obtained":[{"floor":7,"key":"Turnip"},{"floor":9,"key":"Molten Egg 2"}],"event_choices":[{"damage_healed":0,"gold_gain":0,"player_choice":"Grow","damage_taken":0,"max_hp_gain":0,"max_hp_loss":0,"event_name":"Living Wall","floor":2,"gold_loss":0,"cards_upgraded":["Seek"]},{"damage_healed":0,"gold_gain":75,"player_choice":"Gather Gold","damage_taken":11,"max_hp_gain":0,"max_hp_loss":0,"event_name":"World of Goop","floor":3,"gold_loss":0},{"damage_healed":0,"gold_gain":0,"player_choice":"Cursed","damage_taken":0,"max_hp_gain":0,"max_hp_loss":0,"event_name":"Wheel of Change","floor":8,"gold_loss":0,"cards_obtained":["Decay"]},{"cards_removed":["Defend_B"],"damage_healed":0,"gold_gain":0,"player_choice":"Card Removal","damage_taken":0,"max_hp_gain":0,"max_hp_loss":0,"event_name":"The Cleric","floor":14,"gold_loss":50}],"is_beta":false,"boss_relics":[],"items_purged_floors":[11],"is_endless":false,"potions_floor_spawned":[5,7],"killed_by":"Slime Boss","ascension_level":0}