{"gold_per_floor":[113,113,132,149,149,181,4,4,27,27,56,120,120,154,154,255,255,270,285,335,385,396,396,421,421,421,421,431,57,75,95,95,197,197,209,17,167,186,236,236,269,269],"floor_reached":42,"playtime":1174,"items_purged":["Strike_R"],"score":464,"play_id":"6f064274-ee9b-499c-ac4e-bcffce0819ff","local_time":"20190127030553","is_ascension_mode":false,"campfire_choices":[{"floor":8,"key":"REST"},{"floor":10,"key":"REST"},{"floor":13,"key":"REST"},{"data":"Armaments","floor":15,"key":"SMITH"},{"floor":23,"key":"REST"},{"floor":25,"key":"REST"},{"floor":27,"key":"REST"},{"data":"Whirlwind","floor":32,"key":"SMITH"},{"floor":40,"key":"DIG"}],"neow_cost":"NONE","seed_source_timestamp":294311359463571,"circlet_count":0,"master_deck":["Strike_R","Strike_R","Strike_R","Strike_R+1","Defend_R","Defend_R","Defend_R","Defend_R","Bash","Demon Form+1","Cleave","Armaments+1","Reaper+1","Flex+1","Fire Breathing+1","Whirlwind+1","Madness","Madness"],"relics":["Burning Blood","SsserpentHead","Anchor","Omamori","Happy Flower","Centennial Puzzle","Shuriken","Sozu","Whetstone","Meat on the Bone","Juzu Bracelet","Vajra","Black Star","ClockworkSouvenir","Shovel","Incense Burner","Art of War","StoneCalendar"],"potions_floor_usage":[16,24],"damage_taken":[{"damage":0,"enemies":"2 Louse","floor":1,"turns":3},{"damage":1,"enemies":"Cultist","floor":3,"turns":3},{"damage":16,"enemies":"Jaw Worm","floor":4,"turns":4},{"damage":41,"enemies":"Gremlin Nob","floor":6,"turns":5},{"damage":26,"enemies":"Lagavulin","floor":11,"turns":6},{"damage":12,"enemies":"Blue Slaver","floor":12,"turns":4},{"damage":20,"enemies":"Gremlin Nob","floor":14,"turns":4},{"damage":9,"enemies":"The Guardian","floor":16,"turns":8},{"damage":17,"enemies":"3 Byrds","floor":18,"turns":4},{"damage":5,"enemies":"2 Thieves","floor":19,"turns":4},{"damage":13,"enemies":"Snake Plant","floor":22,"turns":4},{"damage":84,"enemies":"Book of Stabbing","floor":24,"turns":7},{"damage":20,"enemies":"Centurion and Healer","floor":28,"turns":5},{"damage":35,"enemies":"Cultist and Chosen","floor":30,"turns":6},{"damage":3,"enemies":"Chosen and Byrds","floor":31,"turns":5},{"damage":93,"enemies":"Collector","floor":33,"turns":9},{"damage":13,"enemies":"3 Shapes","floor":35,"turns":2},{"damage":0,"enemies":"Mind Bloom Boss Battle","floor":37,"turns":4},{"damage":8,"enemies":"Orb Walker","floor":38,"turns":3},{"damage":58,"enemies":"Nemesis","floor":41,"turns":5},{"damage":49,"enemies":"Maw","floor":42,"turns":5}],"seed_played":"1168738404018966966","potions_obtained":[{"floor":12,"key":"FearPotion"},{"floor":14,"key":"BloodPotion"},{"floor":16,"key":"Ancient Potion"}],"is_trial":false,"path_per_floor":["M","?","M","M","?","E","$","R","T","R","E","M","R","E","R","B",null,"M","M","?","?","M","R","E","R","T","R","M","$","M","M","R","B",null,"M","$","?","M","?","R","E","M"],"character_chosen":"IRONCLAD","items_purchased":["Armaments","Omamori","Juzu Bracelet","Vajra","ClockworkSouvenir"],"campfire_rested":6,"item_purchase_floors":[7,7,29,29,36],"current_hp_per_floor":[80,80,80,70,70,35,35,59,59,80,60,54,78,64,64,61,80,76,77,62,62,55,80,35,60,60,85,80,80,56,79,79,25,85,78,78,85,85,74,74,40,0],"gold":269,"neow_bonus":"ONE_RANDOM_RARE_CARD","is_prod":false,"is_daily":false,"chose_seed":false,"campfire_upgraded":2,"win_rate":0,"timestamp":1548576353,"path_taken":["M","?","M","?","?","E","$","R","T","R","E","?","R","E","R","BOSS","M","M","?","?","M","R","E","R","T","R","M","$","M","M","R","BOSS","M","$","?","M","?","R","E","M"],"build_version":"2019-01-23","purchased_purges":1,"victory":false,"max_hp_per_floor":[80,80,80,80,80,80,80,80,80,80,80,80,80,80,80,80,80,80,80,85,85,85,85,85,85,85,85,85,85,85,85,85,85,85,85,85,85,85,85,85,85,85],"card_choices":[{"not_picked":["Sword Boomerang","Perfected Strike","Warcry"],"picked":"SKIP","floor":1},{"not_picked":["Clash","Armaments"],"picked":"Cleave","floor":3},{"not_picked":["Twin Strike","Thunderclap","Ghostly Armor"],"picked":"SKIP","floor":4},{"not_picked":["Shrug It Off","Spot Weakness","Warcry"],"picked":"SKIP","floor":6},{"not_picked":["Bloodletting","Perfected Strike","Body Slam"],"picked":"SKIP","floor":11},{"not_picked":["Clash","Dual Wield","Body Slam"],"picked":"SKIP","floor":12},{"not_picked":["Flame Barrier","True Grit","Armaments"],"picked":"SKIP","floor":14},{"not_picked":["Brutality","Bludgeon"],"picked":"Reaper","floor":16},{"not_picked":["Reckless Charge","Armaments","Perfected Strike"],"picked":"SKIP","floor":18},{"not_picked":["Pommel Strike","Bloodletting"],"picked":"Flex+1","floor":19},{"not_picked":["Headbutt","True Grit+1","Pummel+1"],"picked":"SKIP","floor":22},{"not_picked":["Headbutt","Clash+1","Pommel Strike"],"picked":"SKIP","floor":24},{"not_picked":["Inflame","True Grit"],"picked":"Fire Breathing+1","floor":28},{"not_picked":["Anger","Havoc","Fire Breathing"],"picked":"SKIP","floor":30},{"not_picked":["Metallicize+1","Entrench"],"picked":"Whirlwind","floor":31},{"not_picked":["Anger+1","True Grit+1","Dropkick"],"picked":"SKIP","floor":35},{"not_picked":["True Grit","Clothesline","Dropkick+1"],"picked":"SKIP","floor":38},{"not_picked":["Warcry","Body Slam","Burning Pact"],"picked":"SKIP","floor":41}],"player_experience":157490,"relics_obtained":[{"floor":6,"key":"Anchor"},{"floor":9,"key":"Happy Flower"},{"floor":11,"key":"Centennial Puzzle"},{"floor":14,"key":"Shuriken"},{"floor":24,"key":"Whetstone"},{"floor":26,"key":"Meat on the Bone"},{"floor":37,"key":"Shovel"},{"floor":40,"key":"Incense Burner"},{"floor":41,"key":"Art of War"},{"floor":41,"key":"StoneCalendar"}],"event_choices":[{"damage_healed":0,"gold_gain":0,"player_choice":"Upgraded","damage_taken":0,"max_hp_gain":0,"max_hp_loss":0,"event_name":"Upgrade Shrine","floor":2,"gold_loss":0,"cards_upgraded":["Demon Form"]},{"damage_healed":0,"gold_gain":0,"player_choice":"Trade","damage_taken":0,"relics_obtained":["SsserpentHead"],"max_hp_gain":0,"max_hp_loss":0,"event_name":"FaceTrader","floor":5,"gold_loss":0},{"damage_healed":0,"gold_gain":0,"player_choice":"Shed Blood","damage_taken":20,"max_hp_gain":5,"max_hp_loss":0,"event_name":"Forgotten Altar","floor":20,"gold_loss":0},{"damage_healed":0,"gold_gain":0,"player_choice":"Ignored","damage_taken":0,"max_hp_gain":0,"max_hp_loss":0,"event_name":"NoteForYourself","floor":21,"gold_loss":0},{"damage_healed":0,"gold_gain":0,"player_choice":"Fight","damage_taken":0,"max_hp_gain":0,"max_hp_loss":0,"event_name":"MindBloom","floor":37,"gold_loss":0},{"damage_healed":0,"gold_gain":0,"player_choice":"Embrace Madness","damage_taken":11,"max_hp_gain":0,"max_hp_loss":0,"event_name":"Winding Halls","floor":39,"gold_loss":0,"cards_obtained":["Madness","Madness"]}],"is_beta":false,"boss_relics":[{"not_picked":["Eternal Feather","Lizard Tail"],"picked":"Sozu"},{"not_picked":["Philosopher\u0027s Stone","White Beast Statue"],"picked":"Black Star"}],"items_purged_floors":[29],"is_endless":false,"potions_floor_spawned":[12,14,16,19,22,28,35],"killed_by":"Maw","ascension_level":0}