{"gold_per_floor":[116,130,143,159,159,159,192,192,240,251,251,284,284,301,301,396,396,413,429,99,99],"floor_reached":21,"playtime":958,"items_purged":["Scrape"],"score":248,"play_id":"dda5df53-a5d7-46ca-8313-2da71cbc9506","local_time":"20190306213109","is_ascension_mode":true,"campfire_choices":[{"data":"Zap","floor":6,"key":"SMITH"},{"data":"Loop","floor":11,"key":"SMITH"},{"data":"Go for the Eyes","floor":15,"key":"SMITH"}],"neow_cost":"TEN_PERCENT_HP_LOSS","seed_source_timestamp":510812218888385,"circlet_count":0,"master_deck":["Zap+1","Dualcast","Core Surge","Gash","Loop+1","Ball Lightning+1","Compile Driver","Echo Form","Go for the Eyes+1","Seek","Reprogram","Heatsinks","Echo Form","Defragment","Compile Driver","Lockon","Darkness","Genetic Algorithm+1","Auto Shields","Self Repair","Auto Shields"],"relics":["Cracked Core","Letter Opener","Dream Catcher","Boot","Lantern","Pandora\u0027s Box","Anchor"],"potions_floor_usage":[4,16],"damage_taken":[{"damage":8,"enemies":"2 Louse","floor":1,"turns":2},{"damage":0,"enemies":"Small Slimes","floor":2,"turns":2},{"damage":1,"enemies":"Cultist","floor":3,"turns":3},{"damage":0,"enemies":"Gremlin Gang","floor":4,"turns":1},{"damage":25,"enemies":"Lagavulin","floor":7,"turns":6},{"damage":9,"enemies":"Red Slaver","floor":10,"turns":2},{"damage":13,"enemies":"Gremlin Nob","floor":12,"turns":3},{"damage":1,"enemies":"Exordium Wildlife","floor":14,"turns":2},{"damage":9,"enemies":"The Guardian","floor":16,"turns":8},{"damage":11,"enemies":"Spheric Guardian","floor":18,"turns":3},{"damage":32,"enemies":"Chosen","floor":19,"turns":5},{"damage":13,"enemies":"Centurion and Healer","floor":21,"turns":1}],"seed_played":"-588007339055119559","potions_obtained":[{"floor":2,"key":"AttackPotion"},{"floor":3,"key":"GamblersBrew"},{"floor":4,"key":"Ancient Potion"}],"is_trial":false,"path_per_floor":["M","M","M","M","?","R","E","?","T","M","R","E","?","M","R","B",null,"M","M","$","M"],"character_chosen":"DEFECT","items_purchased":["Anchor","Self Repair","Auto Shields"],"campfire_rested":0,"item_purchase_floors":[20,20,20],"current_hp_per_floor":[60,60,59,59,56,56,31,53,53,44,44,31,17,16,16,7,53,42,10,10,0],"gold":99,"neow_bonus":"THREE_RARE_CARDS","is_prod":false,"is_daily":false,"chose_seed":false,"campfire_upgraded":3,"win_rate":0,"timestamp":1551904269,"path_taken":["M","M","M","M","?","R","E","?","T","M","R","E","?","M","R","BOSS","M","M","$","M"],"build_version":"2019-01-23","purchased_purges":1,"victory":false,"max_hp_per_floor":[68,68,68,68,68,68,68,68,68,68,68,68,68,68,68,68,68,68,68,68,68],"card_choices":[{"not_picked":["Seek","Rainbow"],"picked":"Core Surge","floor":0},{"not_picked":["Hologram","Chill"],"picked":"Gash","floor":1},{"not_picked":["Darkness","Steam Power"],"picked":"Loop","floor":2},{"not_picked":["Rebound","Coolheaded"],"picked":"Ball Lightning","floor":3},{"not_picked":["Seek","Leap"],"picked":"Compile Driver","floor":4},{"not_picked":["Rebound","Lockon","Fusion"],"picked":"SKIP","floor":7},{"not_picked":["Steam","Scrape","Beam Cell"],"picked":"SKIP","floor":10},{"not_picked":["Redo","Doom and Gloom"],"picked":"Echo Form","floor":12},{"not_picked":["Barrage","Steam"],"picked":"Go for the Eyes","floor":14},{"not_picked":["Multi-Cast","Reboot"],"picked":"Seek","floor":16},{"not_picked":["Loop+1","Rip and Tear+1"],"picked":"Genetic Algorithm+1","floor":18},{"not_picked":["Melter","Redo"],"picked":"Auto Shields","floor":19}],"player_experience":191900,"relics_obtained":[{"floor":7,"key":"Dream Catcher"},{"floor":9,"key":"Boot"},{"floor":12,"key":"Lantern"}],"event_choices":[{"damage_healed":0,"gold_gain":0,"player_choice":"Success","damage_taken":3,"relics_obtained":["Letter Opener"],"max_hp_gain":0,"max_hp_loss":0,"event_name":"Scrap Ooze","floor":5,"gold_loss":0},{"damage_healed":22,"gold_gain":0,"player_choice":"Banana","damage_taken":0,"max_hp_gain":0,"max_hp_loss":0,"event_name":"Big Fish","floor":8,"gold_loss":0},{"damage_healed":0,"gold_gain":0,"player_choice":"Entered Light","damage_taken":14,"max_hp_gain":0,"max_hp_loss":0,"event_name":"Shining Light","floor":13,"gold_loss":0,"cards_upgraded":["Strike_B","Ball Lightning"]}],"is_beta":false,"boss_relics":[{"not_picked":["Ectoplasm","White Beast Statue"],"picked":"Pandora\u0027s Box"}],"items_purged_floors":[20],"is_endless":false,"potions_floor_spawned":[2,3,4],"killed_by":"Centurion and Healer","ascension_level":6}