{"gold_per_floor":[118,135,135,44,58,85,103,134,160,160,195,195,195,48,48,122,122,134,134,164,56,69,69,97,12,12,40,65,91,103,140,152,164],"floor_reached":33,"playtime":1264,"items_purged":[],"score":606,"play_id":"9f9722fc-09a8-47dd-8411-0fe5e1df5966","local_time":"20190325204416","is_ascension_mode":true,"campfire_choices":[{"floor":12.0,"key":"REST"},{"data":"Armaments","floor":15.0,"key":"SMITH"},{"data":"True Grit","floor":23.0,"key":"SMITH"},{"data":"Ghostly","floor":30.0,"key":"SMITH"},{"data":"Ghostly","floor":32,"key":"SMITH"}],"neow_cost":"PERCENT_DAMAGE","seed_source_timestamp":2682285050804058,"circlet_count":0,"master_deck":["AscendersBane","Strike_R","Strike_R","Strike_R","Strike_R","Defend_R","Defend_R","Defend_R","Defend_R","Bash+1","Iron Wave","Clothesline","Disarm","Armaments+1","Bludgeon","Shrug It Off","Flame Barrier","Brutality","Heavy Blade","Ghostly+1","Ghostly","Ghostly+1","True Grit+1","Rupture","True Grit","Pommel Strike","Whirlwind","Burning Pact","Shockwave"],"special_seed":0,"relics":["Burning Blood","Peace Pipe","Bag of Preparation","Juzu Bracelet","Lantern","Happy Flower","Philosopher\u0027s Stone","Red Mask","Art of War","PreservedInsect","Mercury Hourglass","MawBank","Smiling Mask"],"potions_floor_usage":[33],"damage_taken":[{"damage":7.0,"enemies":"Small Slimes","floor":1.0,"turns":3.0},{"damage":6.0,"enemies":"2 Louse","floor":2.0,"turns":4.0},{"damage":0.0,"enemies":"Cultist","floor":5.0,"turns":5.0},{"damage":16.0,"enemies":"Gremlin Nob","floor":6.0,"turns":3.0},{"damage":15.0,"enemies":"Lots of Slimes","floor":7.0,"turns":7.0},{"damage":25.0,"enemies":"3 Sentries","floor":8.0,"turns":10.0},{"damage":8.0,"enemies":"Gremlin Nob","floor":11.0,"turns":3.0},{"damage":36.0,"enemies":"The Guardian","floor":16.0,"turns":12.0},{"damage":22.0,"enemies":"2 Thieves","floor":18.0,"turns":4.0},{"damage":11.0,"enemies":"Masked Bandits","floor":20.0,"turns":5.0},{"damage":8.0,"enemies":"Shell Parasite","floor":22.0,"turns":5.0},{"damage":16.0,"enemies":"Slavers","floor":24.0,"turns":7.0},{"damage":2.0,"enemies":"Gremlin Leader","floor":27.0,"turns":3.0},{"damage":0.0,"enemies":"Snake Plant","floor":28.0,"turns":5.0},{"damage":5.0,"enemies":"Centurion and Healer","floor":29.0,"turns":5.0},{"damage":10,"enemies":"Slavers","floor":31,"turns":7},{"damage":47,"enemies":"Collector","floor":33,"turns":5}],"seed_played":"1590357294016732388","potions_obtained":[{"floor":2.0,"key":"LiquidBronze"},{"floor":5.0,"key":"Poison Potion"},{"floor":7.0,"key":"Energy Potion"},{"floor":8.0,"key":"FearPotion"},{"floor":13.0,"key":"AttackPotion"},{"floor":16.0,"key":"EssenceOfSteel"},{"floor":20.0,"key":"Energy Potion"},{"floor":28.0,"key":"Energy Potion"}],"is_trial":false,"path_per_floor":["M","M","?","$","M","E","M","E","T","?","E","R","?","$","R","B",null,"M","?","?","$","M","R","E","?","T","E","M","M","R","E","R","B"],"character_chosen":"IRONCLAD","items_purchased":["Disarm","Armaments","Happy Flower","Rupture","True Grit"],"campfire_rested":1,"item_purchase_floors":[4,4,14,21,21],"current_hp_per_floor":[63,63,63,63,69,59,50,31,31,31,29,55,55,55,55,25,73,57,44,39,39,37,37,27,27,27,31,37,38,38,34,34,0],"gold":164,"neow_bonus":"TWENTY_PERCENT_HP_BONUS","is_prod":false,"is_daily":false,"chose_seed":false,"campfire_upgraded":4,"win_rate":0,"timestamp":1553561056,"path_taken":["M","M","?","$","M","E","M","E","T","?","E","R","?","?","R","BOSS","M","?","?","$","M","R","E","?","T","E","M","M","R","E","R","BOSS"],"build_version":"2019-03-15","purchased_purges":0,"victory":false,"max_hp_per_floor":[89,89,89,89,89,89,89,89,89,89,89,89,89,89,89,89,89,89,44,44,44,44,44,44,44,44,44,44,44,44,44,44,44],"card_choices":[{"not_picked":["Sword Boomerang","True Grit"],"picked":"Iron Wave","floor":1.0},{"not_picked":["Entrench","Cleave"],"picked":"Clothesline","floor":2.0},{"not_picked":["Perfected Strike","Armaments"],"picked":"Bludgeon","floor":5.0},{"not_picked":["Hemokinesis","Warcry","Sever Soul"],"picked":"SKIP","floor":6.0},{"not_picked":["Disarm","Infernal Blade"],"picked":"Shrug It Off","floor":7.0},{"not_picked":["Perfected Strike","True Grit"],"picked":"Flame Barrier","floor":8.0},{"not_picked":["Clash","Second Wind","Body Slam"],"picked":"SKIP","floor":11.0},{"not_picked":["Barricade","Double Tap"],"picked":"Brutality","floor":16.0},{"not_picked":["Cleave","Flex"],"picked":"Heavy Blade","floor":18.0},{"not_picked":["Perfected Strike","Reckless Charge"],"picked":"True Grit","floor":20.0},{"not_picked":["Cleave","Wild Strike"],"picked":"Pommel Strike","floor":22.0},{"not_picked":["Berserk","Pommel Strike","Thunderclap"],"picked":"SKIP","floor":24.0},{"not_picked":["Iron Wave","Bludgeon"],"picked":"Whirlwind","floor":27.0},{"not_picked":["Pommel Strike+1","Carnage","Havoc"],"picked":"SKIP","floor":28.0},{"not_picked":["Evolve","Flex"],"picked":"Burning Pact","floor":29.0},{"not_picked":["Armaments","Pummel"],"picked":"Shockwave","floor":31}],"player_experience":852637,"relics_obtained":[{"floor":6.0,"key":"Peace Pipe"},{"floor":8.0,"key":"Bag of Preparation"},{"floor":9.0,"key":"Juzu Bracelet"},{"floor":11.0,"key":"Lantern"},{"floor":20.0,"key":"Red Mask"},{"floor":24.0,"key":"Art of War"},{"floor":26.0,"key":"Mercury Hourglass"},{"floor":27.0,"key":"MawBank"},{"floor":31,"key":"Smiling Mask"}],"event_choices":[{"damage_healed":0.0,"max_hp_gain":0.0,"max_hp_loss":0.0,"gold_gain":0.0,"event_name":"Living Wall","player_choice":"Grow","floor":3.0,"gold_loss":0.0,"damage_taken":0.0,"cards_upgraded":["Bash"]},{"cards_removed":["Strike_R"],"damage_healed":0.0,"max_hp_gain":0.0,"max_hp_loss":0.0,"gold_gain":0.0,"event_name":"Purifier","player_choice":"Purged","floor":10.0,"gold_loss":0.0,"damage_taken":0.0},{"damage_healed":0.0,"max_hp_gain":0.0,"max_hp_loss":0.0,"gold_gain":0.0,"event_name":"Lab","player_choice":"Got Potions","floor":13.0,"gold_loss":0.0,"damage_taken":0.0},{"damage_healed":0.0,"max_hp_gain":0.0,"max_hp_loss":45.0,"gold_gain":0.0,"event_name":"Ghosts","player_choice":"Became a Ghost","floor":19.0,"gold_loss":0.0,"damage_taken":0.0,"cards_obtained":["Ghostly","Ghostly","Ghostly"]},{"damage_healed":0.0,"max_hp_gain":0.0,"max_hp_loss":0.0,"gold_gain":0.0,"event_name":"Masked Bandits","player_choice":"Fought Bandits","floor":20.0,"gold_loss":0.0,"damage_taken":0.0},{"damage_healed":0.0,"max_hp_gain":0.0,"max_hp_loss":0.0,"gold_gain":0.0,"event_name":"Addict","player_choice":"Obtained Relic","floor":25.0,"gold_loss":85.0,"damage_taken":0.0,"relics_obtained":["PreservedInsect"]}],"is_beta":true,"boss_relics":[{"not_picked":["Lizard Tail","Runic Cube"],"picked":"Philosopher\u0027s Stone"}],"items_purged_floors":[],"is_endless":false,"potions_floor_spawned":[2,5,7,8,16,20,28],"killed_by":"Collector","ascension_level":15}