{"gold_per_floor":[112,262,273,41,52,52,80,97,123,123,123,24,51,71,71,150,150,167,167,183,183,183,183,202,202,228,258,277,289,319,338,338,417,417,429,448,461,461,133,133,168,168,250,250,300,319,319,329,329,329,329,329,13,38,38],"floor_reached":56,"playtime":3108,"items_purged":["Doubt","Bite","Bite"],"score":2035,"play_id":"6f69846b-f11d-406a-9f02-db5b191e8485","local_time":"20190324001511","is_ascension_mode":true,"campfire_choices":[{"data":"Bash","floor":6,"key":"SMITH"},{"data":"Armaments","floor":10,"key":"SMITH"},{"data":"Inflame","floor":15,"key":"SMITH"},{"data":"Feed","floor":23,"key":"SMITH"},{"data":"Disarm","floor":25,"key":"SMITH"},{"data":"Heavy Blade","floor":32,"key":"SMITH"},{"data":"Enlightenment","floor":40,"key":"SMITH"},{"floor":42,"key":"RECALL"},{"data":"Shockwave","floor":44,"key":"SMITH"},{"data":"Feel No Pain","floor":47,"key":"SMITH"},{"data":"Heavy Blade","floor":49,"key":"SMITH"},{"data":"Battle Trance","floor":52,"key":"SMITH"}],"neow_cost":"PERCENT_DAMAGE","seed_source_timestamp":2520512251018112,"circlet_count":0,"master_deck":["AscendersBane","Defend_R+1","Defend_R+1","Defend_R+1","Defend_R+1","Bash+1","Thunderclap","Inflame","Shrug It Off","Heavy Blade+1","Armaments+1","Inflame+1","Heavy Blade+1","Disarm+1","Feel No Pain","Feed+1","Headbutt","Bite","Bite","Bite","Shrug It Off","Iron Wave+1","Shockwave+1","Battle Trance+1","True Grit+1","Immolate+1","Shrug It Off","Feel No Pain+1","Enlightenment+1","Dark Shackles","Corruption","Barricade","Iron Wave+1","Demon Form"],"relics":["Burning Blood","Champion Belt","Vajra","Oddly Smooth Stone","Whetstone","Bag of Marbles","Snecko Eye","Potion Belt","Molten Egg 2","Juzu Bracelet","Velvet Choker","Anchor","Self Forming Clay","HandDrill","Ice Cream"],"potions_floor_usage":[7,30,37,55,55,55,55],"damage_taken":[{"damage":0,"enemies":"2 Louse","floor":1,"turns":3},{"damage":1,"enemies":"Small Slimes","floor":3,"turns":5},{"damage":0,"enemies":"Cultist","floor":5,"turns":4},{"damage":0,"enemies":"Gremlin Nob","floor":7,"turns":2},{"damage":12,"enemies":"Exordium Thugs","floor":8,"turns":8},{"damage":22,"enemies":"3 Sentries","floor":13,"turns":8},{"damage":0,"enemies":"3 Louse","floor":14,"turns":4},{"damage":20,"enemies":"Slime Boss","floor":16,"turns":8},{"damage":6,"enemies":"3 Byrds","floor":18,"turns":5},{"damage":16,"enemies":"Spheric Guardian","floor":20,"turns":5},{"damage":10,"enemies":"Centurion and Healer","floor":24,"turns":6},{"damage":36,"enemies":"Slavers","floor":27,"turns":10},{"damage":11,"enemies":"Sentry and Sphere","floor":28,"turns":7},{"damage":4,"enemies":"Snecko","floor":29,"turns":6},{"damage":24,"enemies":"Gremlin Leader","floor":30,"turns":6},{"damage":17,"enemies":"Snake Plant","floor":31,"turns":6},{"damage":35,"enemies":"Automaton","floor":33,"turns":12},{"damage":0,"enemies":"3 Shapes","floor":35,"turns":5},{"damage":6,"enemies":"Orb Walker","floor":36,"turns":4},{"damage":39,"enemies":"Spire Growth","floor":37,"turns":7},{"damage":0,"enemies":"Nemesis","floor":41,"turns":9},{"damage":1,"enemies":"Writhing Mass","floor":46,"turns":6},{"damage":0,"enemies":"3 Darklings","floor":48,"turns":8},{"damage":14,"enemies":"Donu and Deca","floor":50,"turns":12},{"damage":38,"enemies":"Shield and Spear","floor":54,"turns":9},{"damage":57,"enemies":"The Heart","floor":55,"turns":10}],"seed_played":"-5003346522480010025","potions_obtained":[{"floor":3,"key":"Strength Potion"},{"floor":5,"key":"AttackPotion"},{"floor":7,"key":"Block Potion"},{"floor":30,"key":"SkillPotion"},{"floor":33,"key":"LiquidBronze"},{"floor":36,"key":"PowerPotion"},{"floor":41,"key":"LiquidBronze"},{"floor":54,"key":"Dexterity Potion"}],"is_trial":false,"path_per_floor":["M","?","M","$","M","R","E","M","T","R","?","$","E","M","R","B",null,"M","?","M","?","?","R","M","R","T","E","M","M","E","M","R","B",null,"M","M","M","?","$","R","E","R","T","R","?","M","R","M","R","B",null,"R","$","E","B",null],"character_chosen":"IRONCLAD","items_purchased":["Inflame","Vajra","Shrug It Off","Heavy Blade","Corruption","Anchor","HandDrill"],"campfire_rested":0,"item_purchase_floors":[4,4,4,12,39,39,53],"current_hp_per_floor":[56,56,61,61,67,67,73,67,67,67,63,63,47,53,53,39,66,69,54,51,37,37,37,52,52,52,43,60,75,63,62,62,50,78,91,91,73,63,63,63,89,89,89,89,89,102,102,107,107,110,111,111,111,89,52],"gold":38,"neow_bonus":"ONE_RARE_RELIC","is_prod":false,"is_daily":false,"chose_seed":false,"campfire_upgraded":11,"win_rate":0,"timestamp":1553400911,"path_taken":["M","?","M","$","M","R","E","M","T","R","?","$","E","?","R","BOSS","M","?","M","?","?","R","M","R","T","E","M","M","E","M","R","BOSS","M","M","M","?","$","R","E","R","T","R","?","M","R","M","R","BOSS","R","$","E","BOSS"],"build_version":"2019-03-15","purchased_purges":3,"victory":true,"max_hp_per_floor":[75,75,75,75,75,75,75,75,75,75,75,75,75,75,75,75,75,78,54,54,59,59,59,63,63,63,67,71,75,79,83,83,87,87,91,91,95,95,95,95,99,99,99,99,99,103,103,107,107,111,111,111,111,115,119],"card_choices":[{"not_picked":["Perfected Strike","Burning Pact"],"picked":"Thunderclap","floor":1},{"not_picked":["Havoc","Sentinel","Searing Blow"],"picked":"SKIP","floor":3},{"not_picked":["Wild Strike","Second Wind"],"picked":"Heavy Blade","floor":5},{"not_picked":["Metallicize","Wild Strike"],"picked":"Armaments","floor":7},{"not_picked":["Hemokinesis","Wild Strike"],"picked":"Inflame","floor":8},{"not_picked":["Twin Strike","Bludgeon"],"picked":"Disarm","floor":13},{"not_picked":["Pommel Strike","Perfected Strike"],"picked":"Feel No Pain","floor":14},{"not_picked":["Immolate","Limit Break"],"picked":"Feed","floor":16},{"not_picked":["Sword Boomerang","Clothesline"],"picked":"Headbutt","floor":18},{"not_picked":["Inflame","Armaments"],"picked":"Shrug It Off","floor":20},{"not_picked":["Intimidate","Cleave","Sword Boomerang"],"picked":"SKIP","floor":24},{"not_picked":["Flex","Warcry"],"picked":"Iron Wave","floor":27},{"not_picked":["Impervious","Carnage+1"],"picked":"Shockwave","floor":28},{"not_picked":["Flex","Havoc","Armaments"],"picked":"SKIP","floor":29},{"not_picked":["Spot Weakness","Bludgeon+1"],"picked":"Battle Trance","floor":30},{"not_picked":["Rupture","Twin Strike+1"],"picked":"True Grit+1","floor":31},{"not_picked":["Berserk","Bludgeon+1"],"picked":"Immolate+1","floor":33},{"not_picked":["Warcry","Hemokinesis+1"],"picked":"Shrug It Off","floor":35},{"not_picked":["Flex","Perfected Strike+1"],"picked":"Feel No Pain","floor":36},{"not_picked":["Warcry","Havoc","Sword Boomerang+1"],"picked":"SKIP","floor":37},{"not_picked":["Swift Strike+1","Transmutation"],"picked":"Enlightenment","floor":38},{"not_picked":["Dramatic Entrance+1","Magnetism"],"picked":"Dark Shackles","floor":38},{"not_picked":["Shockwave+1","Sword Boomerang+1"],"picked":"Barricade","floor":41},{"not_picked":["Warcry","Uppercut+1","True Grit"],"picked":"SKIP","floor":46},{"not_picked":["Rage","Second Wind"],"picked":"Iron Wave+1","floor":48},{"not_picked":["True Grit","Perfected Strike+1"],"picked":"Demon Form","floor":54}],"player_experience":844213,"relics_obtained":[{"floor":7,"key":"Oddly Smooth Stone"},{"floor":9,"key":"Whetstone"},{"floor":13,"key":"Bag of Marbles"},{"floor":26,"key":"Potion Belt"},{"floor":27,"key":"Molten Egg 2"},{"floor":30,"key":"Juzu Bracelet"},{"floor":41,"key":"Self Forming Clay"},{"floor":54,"key":"Ice Cream"}],"event_choices":[{"damage_healed":0,"gold_gain":150,"player_choice":"AGREE","damage_taken":0,"max_hp_gain":0,"max_hp_loss":0,"event_name":"Liars Game","floor":2,"gold_loss":0,"cards_obtained":["Doubt"]},{"damage_healed":0,"gold_gain":0,"player_choice":"Bought 0 Potions","damage_taken":0,"max_hp_gain":0,"max_hp_loss":0,"event_name":"The Woman in Blue","floor":11,"gold_loss":0},{"damage_healed":0,"gold_gain":0,"player_choice":"Became a vampire","damage_taken":0,"max_hp_gain":0,"max_hp_loss":24,"event_name":"Vampires","floor":19,"gold_loss":0,"cards_obtained":["Bite","Bite","Bite","Bite","Bite"]},{"damage_healed":0,"gold_gain":0,"player_choice":"Shed Blood","damage_taken":19,"max_hp_gain":5,"max_hp_loss":0,"event_name":"Forgotten Altar","floor":21,"gold_loss":0},{"damage_healed":0,"gold_gain":0,"player_choice":"Simplicity","damage_taken":0,"max_hp_gain":0,"max_hp_loss":0,"event_name":"Back to Basics","floor":22,"gold_loss":0,"cards_upgraded":["Defend_R","Defend_R","Defend_R","Defend_R"]},{"damage_healed":0,"gold_gain":0,"player_choice":"Memory 3","damage_taken":10,"max_hp_gain":0,"max_hp_loss":0,"event_name":"SensoryStone","floor":38,"gold_loss":0},{"damage_healed":0,"gold_gain":50,"player_choice":"Pray","damage_taken":0,"max_hp_gain":0,"max_hp_loss":0,"event_name":"Golden Shrine","floor":45,"gold_loss":0}],"is_beta":true,"boss_relics":[{"not_picked":["Eternal Feather","Empty Cage"],"picked":"Snecko Eye"},{"not_picked":["Astrolabe","Runic Pyramid"],"picked":"Velvet Choker"}],"items_purged_floors":[12,39,53],"is_endless":false,"potions_floor_spawned":[3,5,7,16,20,24,30,33,36,41,46,54],"ascension_level":15}