{"gold_per_floor":[415,340,340,355,376,376,456,456,481,407,450,468,260,210,210,329,329,350,130,146,160,160],"floor_reached":22,"playtime":1806,"items_purged":["Normality","Strike_G","Strike_G"],"score":281,"play_id":"69a7527a-603c-44d3-b32f-521a1484c7e9","local_time":"20190303161650","is_ascension_mode":true,"campfire_choices":[{"data":"Neutralize","floor":6.0,"key":"SMITH"},{"floor":8.0,"key":"REST"},{"data":"Footwork","floor":15.0,"key":"SMITH"}],"neow_cost":"CURSE","seed_source_timestamp":231884770411320,"circlet_count":0,"master_deck":["Defend_G","Defend_G","Defend_G","Defend_G","Defend_G","Strike_G","Strike_G","Survivor","Neutralize+1","Footwork","Heel Hook","Flying Knee","Deadly Poison","Die Die Die","Leg Sweep","Footwork+1","Well Laid Plans","Leg Sweep","Burst","Acrobatics","Escape Plan","Well Laid Plans","Predator","Sucker Punch","Dodge and Roll","Crippling Poison","PiercingWail+1","Night Terror"],"special_seed":0,"relics":["Ring of the Snake","Old Coin","Golden Idol","Pen Nib","Centennial Puzzle","Nunchaku","Orrery"],"potions_floor_usage":[22],"damage_taken":[{"damage":5.0,"enemies":"2 Louse","floor":1.0,"turns":4.0},{"damage":4.0,"enemies":"Jaw Worm","floor":4.0,"turns":5.0},{"damage":0.0,"enemies":"Cultist","floor":5.0,"turns":4.0},{"damage":34.0,"enemies":"Lagavulin Event","floor":7.0,"turns":8.0},{"damage":25.0,"enemies":"3 Sentries","floor":11.0,"turns":10.0},{"damage":1.0,"enemies":"Looter","floor":12.0,"turns":3.0},{"damage":0,"enemies":"Hexaghost","floor":16,"turns":15},{"damage":9,"enemies":"2 Thieves","floor":18,"turns":4},{"damage":10,"enemies":"Spheric Guardian","floor":20,"turns":5},{"damage":17,"enemies":"Cultist and Chosen","floor":21,"turns":10},{"damage":21,"enemies":"Sentry and Sphere","floor":22,"turns":4}],"seed_played":"2909381606490661758","potions_obtained":[{"floor":1.0,"key":"Poison Potion"},{"floor":11.0,"key":"Strength Potion"},{"floor":16,"key":"Fire Potion"},{"floor":21,"key":"PowerPotion"}],"is_trial":false,"path_per_floor":["M","$","?","M","M","R","?","R","T","$","E","M","$","?","R","B",null,"M","$","M","M","M"],"character_chosen":"THE_SILENT","items_purchased":["Die Die Die","Well Laid Plans","Leg Sweep","Dodge and Roll","Crippling Poison"],"campfire_rested":1,"item_purchase_floors":[10,13,13,19,19],"current_hp_per_floor":[65,65,65,61,61,61,27,46,46,46,21,20,20,20,20,20,65,56,56,46,29,8],"gold":160,"neow_bonus":"ONE_RARE_RELIC","is_prod":false,"is_daily":false,"chose_seed":false,"campfire_upgraded":2,"win_rate":0,"timestamp":1551626210,"path_taken":["M","$","?","M","M","R","?","R","T","$","E","M","$","?","R","BOSS","M","$","M","M","M"],"build_version":"2019-01-23","purchased_purges":3,"victory":false,"max_hp_per_floor":[70,70,65,65,65,65,65,65,65,65,65,65,65,65,65,65,65,65,65,65,65,65],"card_choices":[{"not_picked":["PiercingWail","Reflex"],"picked":"Footwork","floor":1.0},{"not_picked":["Backflip","Deadly Poison"],"picked":"Heel Hook","floor":4.0},{"not_picked":["Poisoned Stab","Quick Slash"],"picked":"Flying Knee","floor":5.0},{"not_picked":["Sucker Punch","Riddle With Holes"],"picked":"Deadly Poison","floor":7.0},{"not_picked":["Catalyst","Dagger Spray"],"picked":"Leg Sweep","floor":11.0},{"not_picked":["Masterful Stab","Reflex"],"picked":"Footwork","floor":12.0},{"not_picked":["Unload","Doppelganger"],"picked":"Burst","floor":16},{"not_picked":["Cloak And Dagger","Dagger Throw"],"picked":"Acrobatics","floor":17},{"not_picked":["Outmaneuver","Backstab"],"picked":"Escape Plan","floor":17},{"not_picked":["Outmaneuver","Reflex"],"picked":"Well Laid Plans","floor":17},{"not_picked":["Leg Sweep","Reflex"],"picked":"Predator","floor":17},{"not_picked":["Blade Dance","Deflect+1"],"picked":"Sucker Punch","floor":18},{"not_picked":["Quick Slash","Endless Agony"],"picked":"PiercingWail+1","floor":20},{"not_picked":["Slice","Flying Knee"],"picked":"Night Terror","floor":21}],"player_experience":180244,"relics_obtained":[{"floor":7.0,"key":"Pen Nib"},{"floor":9.0,"key":"Centennial Puzzle"},{"floor":11.0,"key":"Nunchaku"}],"event_choices":[{"damage_healed":0.0,"max_hp_gain":0.0,"max_hp_loss":5.0,"gold_gain":0.0,"event_name":"Golden Idol","player_choice":"Lose Max HP","floor":3.0,"gold_loss":0.0,"damage_taken":0.0,"relics_obtained":["Golden Idol"]},{"damage_healed":0.0,"max_hp_gain":0.0,"max_hp_loss":0.0,"gold_gain":0.0,"event_name":"Dead Adventurer","player_choice":"Searched \u00272\u0027 times","floor":7.0,"gold_loss":0.0,"damage_taken":0.0},{"cards_removed":["Strike_G"],"damage_healed":0.0,"max_hp_gain":0.0,"max_hp_loss":0.0,"gold_gain":0.0,"event_name":"The Cleric","player_choice":"Card Removal","floor":14.0,"gold_loss":50.0,"damage_taken":0.0}],"is_beta":false,"boss_relics":[{"not_picked":["Runic Dome","Velvet Choker"],"picked":"Orrery"}],"items_purged_floors":[2,13,19],"is_endless":false,"potions_floor_spawned":[1,11,16,21],"killed_by":"Sentry and Sphere","ascension_level":4}