{"path_per_floor":["M","M","$","?","M","E","?","?","T","M","$","R","E","M","R","B",null,"M","M","M","?","?","R","M","$","T","M","M","R","?","M","R","B",null,"M","$","M","?","M","R","T","R","T","E","$","?","$","$","R"],"character_chosen":"DEFECT","items_purchased":["Capacitor","All For One","Beam Cell","Bandage Up","Meat on the Bone","Turbo","Whetstone","Turbo","Dexterity Potion","Weak Potion"],"gold_per_floor":[118,132,9,109,121,151,101,101,101,122,10,10,41,57,57,187,187,203,219,242,242,242,242,263,16,16,35,48,48,48,72,72,200,200,220,23,37,37,50,50,50,50,73,104,9,65,65,17,17,17],"floor_reached":50,"campfire_rested":5,"playtime":1891,"current_hp_per_floor":[66,66,66,66,66,50,50,32,32,32,32,32,18,22,44,13,60,46,50,54,54,54,54,11,11,11,31,31,53,53,41,63,35,65,49,49,66,66,49,71,71,71,71,53,53,42,42,42,64,0],"items_purged":[],"gold":17,"score":723,"play_id":"0de64b79-5d63-4cb8-8cc7-dcb1ed54e9c0","local_time":"20180505202750","is_prod":false,"is_daily":false,"chose_seed":false,"is_ascension_mode":true,"campfire_upgraded":3,"timestamp":1525523270,"path_taken":["M","M","$","?","M","E","?","?","T","M","?","R","E","M","R","BOSS","M","M","?","?","?","R","?","$","T","M","M","R","?","?","R","BOSS","M","$","M","?","?","R","?","R","T","E","?","?","?","$","R","BOSS"],"build_version":"2018-05-03","seed_source_timestamp":23246032858032,"purchased_purges":0,"victory":false,"master_deck":["Zap","Dualcast+1","Leap","Ball Lightning","Capacitor","All For One+1","Turbo","Axe Kick+1","Beam Cell","Bandage Up","Static Discharge","FTL","Rainbow","Conserve Battery","Stack","Cold Snap+1","Coolheaded+1","Streamline","Impulse","Stack","Streamline+1","Skim+1","Beam Cell","Turbo","Fusion+1","Beam Cell+1","Turbo","Go for the Eyes","Leap","Beam Cell","Turbo"],"max_hp_per_floor":[75,75,75,75,75,75,75,75,75,75,75,75,75,75,75,75,75,75,75,75,75,75,75,75,75,75,75,75,75,75,75,75,75,75,75,75,75,75,75,75,75,75,75,75,75,75,75,75,75,75],"relics":["Cracked Core","War Paint","Ornamental Fan","Golden Idol","Dodecahedron","Toolbox","Pandora\u0027s Box","Meat on the Bone","Frozen Egg 2","Lizard Tail","Whetstone","Matryoshka","Shuriken","DataDisk","Girya","Unceasing Top"],"card_choices":[{"not_picked":["Stack","Hello World"],"picked":"Leap","floor":1.0},{"not_picked":["Impulse","Sweeping Beam"],"picked":"Ball Lightning","floor":2.0},{"not_picked":["Barrage","Hologram"],"picked":"Turbo","floor":6.0},{"not_picked":["Rebound","Scrape"],"picked":"Axe Kick","floor":10.0},{"not_picked":["Double Energy","Recycle"],"picked":"Static Discharge","floor":13.0},{"not_picked":["Axe Kick","Stack"],"picked":"FTL","floor":14.0},{"not_picked":["Fission","All For One"],"picked":"Rainbow","floor":16.0},{"not_picked":["Leap","Lockon"],"picked":"Streamline","floor":18.0},{"not_picked":["Streamline","Recycle"],"picked":"Skim","floor":19.0},{"not_picked":["Static Discharge","Rebound"],"picked":"Beam Cell","floor":24.0},{"not_picked":["Hyperbeam","Rainbow"],"picked":"Fusion","floor":33.0},{"not_picked":["Rebound","Capacitor"],"picked":"Beam Cell","floor":35.0},{"not_picked":["Darkness","Leap"],"picked":"Go for the Eyes","floor":37.0},{"not_picked":["Sunder","Defragment"],"picked":"Leap","floor":39.0},{"not_picked":["Sunder","Double Energy"],"picked":"Beam Cell","floor":44.0}],"player_experience":946668,"potions_floor_usage":[50,50,50],"damage_taken":[{"damage":2.0,"enemies":"Jaw Worm","floor":1.0,"turns":3.0},{"damage":0.0,"enemies":"Cultist","floor":2.0,"turns":4.0},{"damage":0.0,"enemies":"Small Slimes","floor":5.0,"turns":2.0},{"damage":16.0,"enemies":"Gremlin Nob","floor":6.0,"turns":3.0},{"damage":0.0,"enemies":"Blue Slaver","floor":10.0,"turns":2.0},{"damage":18.0,"enemies":"3 Sentries","floor":13.0,"turns":6.0},{"damage":0.0,"enemies":"3 Louse","floor":14.0,"turns":3.0},{"damage":35.0,"enemies":"Slime Boss","floor":16.0,"turns":8.0},{"damage":22.0,"enemies":"Shell Parasite","floor":18.0,"turns":5.0},{"damage":0.0,"enemies":"Spheric Guardian","floor":19.0,"turns":3.0},{"damage":0.0,"enemies":"Chosen and Byrds","floor":20.0,"turns":5.0},{"damage":47.0,"enemies":"Snecko","floor":24.0,"turns":5.0},{"damage":0.0,"enemies":"Centurion and Healer","floor":27.0,"turns":4.0},{"damage":16.0,"enemies":"Snake Plant","floor":28.0,"turns":4.0},{"damage":16.0,"enemies":"3 Cultists","floor":31.0,"turns":4.0},{"damage":48.0,"enemies":"Automaton","floor":33.0,"turns":10.0},{"damage":20.0,"enemies":"Orb Walker","floor":35.0,"turns":4.0},{"damage":0.0,"enemies":"3 Shapes","floor":37.0,"turns":4.0},{"damage":21.0,"enemies":"Sphere and 2 Shapes","floor":39.0,"turns":11.0},{"damage":28.0,"enemies":"Nemesis","floor":44.0,"turns":7.0},{"damage":15,"enemies":"Mysterious Sphere","floor":46,"turns":8},{"damage":113,"enemies":"Awakened One","floor":50,"turns":10}],"event_choices":[{"event_name":"Golden Shrine","player_choice":"Pray","floor":4.0,"damage_taken":0.0},{"event_name":"The Cleric","player_choice":"Card Removal","floor":7.0,"damage_taken":0.0},{"event_name":"Golden Idol","player_choice":"Take Damage","floor":8.0,"damage_taken":0.0},{"event_name":"Drug Dealer","player_choice":"Ignored","floor":21.0,"damage_taken":0.0},{"event_name":"Vampires","player_choice":"Ignored","floor":22.0,"damage_taken":0.0},{"event_name":"Duplicator","player_choice":"One dupe","floor":30.0,"damage_taken":0.0},{"event_name":"Upgrade Shrine","player_choice":"Upgraded","floor":38.0,"damage_taken":0.0},{"event_name":"Mysterious Sphere","player_choice":"Fight","floor":46,"damage_taken":0}],"boss_relics":[],"potions_floor_spawned":[2,13,14,16,18,19,24,28,31,35,46],"seed_played":"689968583756876417","killed_by":"Awakened One","ascension_level":7,"is_trial":false}