{"gold_per_floor":[215,215,215,215,235,235,248,248,248,248,283,299,299,310,310,310],"floor_reached":16,"playtime":795,"items_purged":[],"score":175,"play_id":"0e2d4d7a-0752-4361-9861-de87e60e4848","local_time":"20190421174614","is_ascension_mode":true,"campfire_choices":[{"data":"Armaments","floor":6,"key":"SMITH"},{"data":"Bash","floor":8,"key":"SMITH"},{"data":"Pommel Strike","floor":10,"key":"SMITH"},{"data":"Barricade","floor":13,"key":"SMITH"},{"floor":15,"key":"REST"}],"neow_cost":"NONE","seed_source_timestamp":766364931101200,"circlet_count":0,"master_deck":["AscendersBane","Strike_R","Strike_R+1","Strike_R+1","Strike_R","Strike_R","Defend_R","Defend_R","Defend_R","Defend_R","Bash+1","Heavy Blade","Armaments+1","Pommel Strike+1","Barricade+1"],"relics":["Burning Blood","Strawberry","The Courier","Whetstone"],"potions_floor_usage":[16,16],"damage_taken":[{"damage":1,"enemies":"Jaw Worm","floor":1,"turns":5},{"damage":10,"enemies":"Small Slimes","floor":5,"turns":4},{"damage":6,"enemies":"Cultist","floor":7,"turns":5},{"damage":42,"enemies":"Lagavulin","floor":11,"turns":7},{"damage":16,"enemies":"Exordium Thugs","floor":12,"turns":7},{"damage":12,"enemies":"Red Slaver","floor":14,"turns":5},{"damage":52,"enemies":"Slime Boss","floor":16,"turns":8}],"seed_played":"2395771731978107686","potions_obtained":[{"floor":1,"key":"SmokeBomb"},{"floor":4,"key":"FairyPotion"},{"floor":7,"key":"SkillPotion"},{"floor":11,"key":"FearPotion"},{"floor":14,"key":"Weak Potion"}],"is_trial":false,"path_per_floor":["M","?","?","?","M","R","M","R","T","R","E","M","R","M","R","B"],"character_chosen":"IRONCLAD","items_purchased":[],"campfire_rested":1,"item_purchase_floors":[],"current_hp_per_floor":[73,75,75,75,71,71,71,71,71,71,35,25,25,19,43,0],"gold":310,"neow_bonus":"HUNDRED_GOLD","is_prod":false,"is_daily":false,"chose_seed":false,"campfire_upgraded":4,"win_rate":0,"timestamp":1555861574,"path_taken":["M","?","?","?","M","R","M","R","T","R","E","M","R","?","R","BOSS"],"build_version":"2019-01-23","purchased_purges":0,"victory":false,"max_hp_per_floor":[75,82,82,82,82,82,82,82,82,82,82,82,82,82,82,82],"card_choices":[{"not_picked":["Evolve","Anger"],"picked":"Heavy Blade","floor":1},{"not_picked":["Thunderclap","Fire Breathing"],"picked":"Armaments","floor":5},{"not_picked":["Wild Strike","Seeing Red"],"picked":"Pommel Strike","floor":7},{"not_picked":["Infernal Blade","Clash"],"picked":"Barricade","floor":11},{"not_picked":["Pommel Strike","Warcry","Clothesline"],"picked":"SKIP","floor":12},{"not_picked":["Rage","Sentinel","Thunderclap"],"picked":"SKIP","floor":14}],"player_experience":259052,"relics_obtained":[{"floor":9,"key":"The Courier"},{"floor":11,"key":"Whetstone"}],"event_choices":[{"damage_healed":0,"gold_gain":0,"player_choice":"Success","damage_taken":5,"relics_obtained":["Strawberry"],"max_hp_gain":0,"max_hp_loss":0,"event_name":"Scrap Ooze","floor":2,"gold_loss":0},{"damage_healed":0,"gold_gain":0,"player_choice":"Ignored","damage_taken":0,"max_hp_gain":0,"max_hp_loss":0,"event_name":"Liars Game","floor":3,"gold_loss":0},{"damage_healed":0,"gold_gain":0,"player_choice":"Got Potions","damage_taken":0,"max_hp_gain":0,"max_hp_loss":0,"event_name":"Lab","floor":4,"gold_loss":0}],"is_beta":false,"boss_relics":[],"items_purged_floors":[],"is_endless":false,"potions_floor_spawned":[1,7,11,14],"killed_by":"Slime Boss","ascension_level":15}