{"gold_per_floor":[112,112,112,122,136,136,165,165,192,2,2,12,22,32,32,103,103,123,138,164,164,16,27,27,39,39,39,67,67,95,112,112,191,191,206,206,138,157,82,107,120,120,120,120,132,151,178,191,191,191,191,191,62,90,90],"floor_reached":56,"playtime":3555,"items_purged":["Pain","Parasite"],"score":2186,"play_id":"0bb1222b-733a-458e-8d7c-3e17358623fc","local_time":"20190403212330","is_ascension_mode":true,"campfire_choices":[{"data":"Neutralize","floor":6.0,"key":"SMITH"},{"data":"Footwork","floor":11.0,"key":"SMITH"},{"data":"Footwork","floor":15.0,"key":"SMITH"},{"data":"A Thousand Cuts","floor":24.0,"key":"SMITH"},{"data":"Wraith Form v2","floor":27.0,"key":"SMITH"},{"floor":29.0,"key":"REST"},{"data":"Terror","floor":32.0,"key":"SMITH"},{"data":"Footwork","floor":42.0,"key":"SMITH"},{"floor":44.0,"key":"RECALL"},{"floor":49,"key":"REST"},{"data":"Noxious Fumes","floor":52,"key":"SMITH"}],"neow_cost":"NONE","seed_source_timestamp":3460103117363467,"circlet_count":0,"master_deck":["AscendersBane","Survivor","Neutralize+1","Backflip","Die Die Die","Acrobatics","Footwork+1","Wraith Form v2+1","Cloak And Dagger","Infinite Blades","Backflip","Footwork+1","A Thousand Cuts+1","Terror+1","Dodge and Roll","Dodge and Roll","Backflip","PiercingWail","Glass Knife","Backflip","Night Terror","Concentrate","Blur","Corpse Explosion","Tactician","Tools of the Trade","Crippling Poison","Doppelganger","Skewer","Night Terror","PiercingWail","Footwork+1","Footwork","Dodge and Roll","Noxious Fumes+1","Dash+1","Well Laid Plans"],"special_seed":0,"relics":["Ring of the Snake","Anchor","Ancient Tea Set","WarpedTongs","Orichalcum","Cursed Key","Matryoshka","Pen Nib","Pandora\u0027s Box","Kunai","Potion Belt","Strawberry"],"potions_floor_usage":[55,55,55,55],"damage_taken":[{"damage":0.0,"enemies":"2 Louse","floor":1.0,"turns":2.0},{"damage":0.0,"enemies":"Small Slimes","floor":4.0,"turns":2.0},{"damage":0.0,"enemies":"Cultist","floor":5.0,"turns":4.0},{"damage":0.0,"enemies":"3 Sentries","floor":7.0,"turns":7.0},{"damage":1.0,"enemies":"Large Slime","floor":12.0,"turns":6.0},{"damage":0.0,"enemies":"Lots of Slimes","floor":13.0,"turns":1.0},{"damage":0.0,"enemies":"Red Slaver","floor":14.0,"turns":5.0},{"damage":34.0,"enemies":"Hexaghost","floor":16.0,"turns":19.0},{"damage":0.0,"enemies":"Spheric Guardian","floor":18.0,"turns":6.0},{"damage":0.0,"enemies":"Shell Parasite","floor":19.0,"turns":7.0},{"damage":0.0,"enemies":"Snecko","floor":23.0,"turns":8.0},{"damage":4.0,"enemies":"Centurion and Healer","floor":25.0,"turns":8.0},{"damage":10.0,"enemies":"Slavers","floor":28.0,"turns":5.0},{"damage":0.0,"enemies":"Book of Stabbing","floor":30.0,"turns":7.0},{"damage":8.0,"enemies":"Snake Plant","floor":31.0,"turns":6.0},{"damage":42.0,"enemies":"Champ","floor":33.0,"turns":17.0},{"damage":0.0,"enemies":"3 Darklings","floor":35.0,"turns":4.0},{"damage":0.0,"enemies":"3 Shapes","floor":38.0,"turns":6.0},{"damage":0.0,"enemies":"Giant Head","floor":40.0,"turns":13.0},{"damage":0.0,"enemies":"Maw","floor":41.0,"turns":8.0},{"damage":0.0,"enemies":"Jaw Worm Horde","floor":45.0,"turns":2.0},{"damage":26.0,"enemies":"Transient","floor":46.0,"turns":5.0},{"damage":0,"enemies":"Nemesis","floor":47,"turns":11},{"damage":0,"enemies":"Maw","floor":48,"turns":9},{"damage":21,"enemies":"Time Eater","floor":50,"turns":20},{"damage":10,"enemies":"Shield and Spear","floor":54,"turns":9},{"damage":38,"enemies":"The Heart","floor":55,"turns":18}],"seed_played":"-1490158925483625377","potions_obtained":[{"floor":4.0,"key":"AttackPotion"},{"floor":5.0,"key":"Swift Potion"},{"floor":7.0,"key":"PowerPotion"},{"floor":13.0,"key":"Block Potion"},{"floor":16.0,"key":"Poison Potion"},{"floor":28.0,"key":"Energy Potion"},{"floor":30.0,"key":"Regen Potion"},{"floor":47,"key":"SteroidPotion"}],"is_trial":false,"path_per_floor":["M","?","?","M","M","R","E","?","T","$","R","M","M","M","R","B",null,"M","M","T","?","$","M","R","M","T","R","E","R","E","M","R","B",null,"M","?","$","M","$","E","M","R","T","R","M","M","E","M","R","B",null,"R","$","E","B",null],"character_chosen":"THE_SILENT","items_purchased":["Cloak And Dagger","Infinite Blades","Dodge and Roll","Footwork","GhostInAJar","Well Laid Plans","Weak Potion"],"campfire_rested":2,"item_purchase_floors":[10,10,22,37,39,53,53],"current_hp_per_floor":[59,39,39,39,39,39,39,39,39,39,39,38,38,38,38,4,51,51,51,51,47,47,47,47,43,43,43,33,51,51,43,43,1,48,48,48,48,48,48,48,48,48,48,48,48,22,22,22,40,19,52,52,52,49,11],"gold":90,"neow_bonus":"RANDOM_COMMON_RELIC","is_prod":false,"is_daily":false,"chose_seed":false,"campfire_upgraded":8,"win_rate":0,"timestamp":1554341010,"path_taken":["M","?","?","M","?","R","E","?","T","$","R","?","M","M","R","BOSS","M","M","?","?","$","?","R","M","T","R","E","R","E","M","R","BOSS","M","?","$","M","$","E","M","R","T","R","M","M","E","M","R","BOSS","R","$","E","BOSS"],"build_version":"2019-03-15","purchased_purges":2,"victory":true,"max_hp_per_floor":[66,66,66,66,66,66,66,66,66,66,66,66,66,66,66,66,66,66,66,66,66,63,63,63,63,63,63,63,63,63,63,63,63,63,63,63,63,63,63,63,63,63,63,63,63,63,63,63,63,63,63,63,63,70,70],"card_choices":[{"not_picked":["Blade Dance","Underhanded Strike"],"picked":"Backflip","floor":1.0},{"not_picked":["Eviscerate","Dagger Throw"],"picked":"Acrobatics","floor":4.0},{"not_picked":["Concentrate","Bane"],"picked":"Footwork","floor":5.0},{"not_picked":["Escape Plan","Dodge and Roll"],"picked":"Wraith Form v2","floor":7.0},{"not_picked":["Flying Knee","Dagger Throw"],"picked":"Backflip","floor":12.0},{"not_picked":["Accuracy","Blade Dance"],"picked":"Footwork","floor":13.0},{"not_picked":["Deadly Poison","Outmaneuver","Prepared"],"picked":"SKIP","floor":14.0},{"not_picked":["Die Die Die","Burst"],"picked":"A Thousand Cuts","floor":16.0},{"not_picked":["Blade Dance","Sucker Punch"],"picked":"Terror","floor":18.0},{"not_picked":["Dagger Throw","Deflect+1"],"picked":"Dodge and Roll","floor":19.0},{"not_picked":["Accuracy","Caltrops","Bane"],"picked":"SKIP","floor":23.0},{"not_picked":["Acrobatics","Backstab"],"picked":"Backflip","floor":25.0},{"not_picked":["Tactician","Prepared"],"picked":"PiercingWail","floor":28.0},{"not_picked":["Outmaneuver","Deadly Poison"],"picked":"Glass Knife","floor":30.0},{"not_picked":["Bane","Choke"],"picked":"Backflip","floor":31.0},{"not_picked":["Burst","Envenom"],"picked":"Night Terror","floor":33.0},{"not_picked":["Caltrops+1","Quick Slash"],"picked":"PiercingWail","floor":35.0},{"not_picked":["Underhanded Strike","Poisoned Stab+1"],"picked":"Footwork","floor":38.0},{"not_picked":["Endless Agony","Sucker Punch+1"],"picked":"Dodge and Roll","floor":40.0},{"not_picked":["Dagger Throw","Choke","Dodge and Roll"],"picked":"SKIP","floor":41.0},{"not_picked":["Riddle With Holes","Crippling Poison+1","PiercingWail"],"picked":"SKIP","floor":45.0},{"not_picked":["Blade Dance","Terror+1"],"picked":"Noxious Fumes","floor":46.0},{"not_picked":["Blade Dance","Endless Agony"],"picked":"Dash+1","floor":47},{"not_picked":["Reflex","Adrenaline","Flechettes+1"],"picked":"SKIP","floor":48},{"not_picked":["Backstab+1","Crippling Poison","Flechettes"],"picked":"SKIP","floor":54}],"player_experience":902848,"relics_obtained":[{"floor":7.0,"key":"Ancient Tea Set"},{"floor":9.0,"key":"Orichalcum"},{"floor":28.0,"key":"Matryoshka"},{"floor":30.0,"key":"Pen Nib"},{"floor":40.0,"key":"Kunai"},{"floor":47,"key":"Potion Belt"},{"floor":54,"key":"Strawberry"}],"event_choices":[{"damage_healed":0.0,"max_hp_gain":0.0,"max_hp_loss":0.0,"gold_gain":0.0,"event_name":"Shining Light","player_choice":"Entered Light","floor":2.0,"gold_loss":0.0,"damage_taken":20.0,"cards_upgraded":["Strike_G","Defend_G"]},{"damage_healed":0.0,"max_hp_gain":0.0,"max_hp_loss":0.0,"gold_gain":0.0,"cards_transformed":["Strike_G"],"event_name":"Transmorgrifier","player_choice":"Transformed","floor":3.0,"gold_loss":0.0,"damage_taken":0.0,"cards_obtained":["Die Die Die"]},{"damage_healed":0.0,"max_hp_gain":0.0,"max_hp_loss":0.0,"gold_gain":0.0,"event_name":"Accursed Blacksmith","player_choice":"Rummage","floor":8.0,"gold_loss":0.0,"damage_taken":0.0,"relics_obtained":["WarpedTongs"],"cards_obtained":["Pain"]},{"damage_healed":0.0,"max_hp_gain":0.0,"max_hp_loss":0.0,"gold_gain":0.0,"event_name":"The Woman in Blue","player_choice":"Bought 0 Potions","floor":21.0,"gold_loss":0.0,"damage_taken":0.0},{"damage_healed":0.0,"max_hp_gain":0.0,"max_hp_loss":0.0,"gold_gain":0.0,"event_name":"SensoryStone","player_choice":"Memory 1","floor":36.0,"gold_loss":0.0,"damage_taken":0.0}],"is_beta":true,"boss_relics":[{"not_picked":["Coffee Dripper","White Beast Statue"],"picked":"Cursed Key"},{"not_picked":["Eternal Feather","Runic Dome"],"picked":"Pandora\u0027s Box"}],"items_purged_floors":[10,22],"is_endless":false,"potions_floor_spawned":[4,5,7,13,16,18,28,30,33,35,41,47],"ascension_level":15}