{"path_per_floor":["M","M","$","M","M","M","E","R","T","M","$","E","R","M","R","B",null,"M","M","$","?","$","R","E","R","T","M","R","M","E","M","R","B",null,"M","M","$","M","?","R","E","R","T","E","M","E","R","M","R","B"],"character_chosen":"DEFECT","items_purchased":["Gash","Finesse","Deep Breath","Capacitor","Buffer","Jack Of All Trades","Force Field"],"gold_per_floor":[113,129,7,18,38,56,86,86,86,105,17,44,44,54,54,157,157,176,193,193,193,67,67,96,96,144,162,162,177,208,228,228,327,327,338,350,53,67,167,167,193,193,193,219,236,268,268,284,284,284],"floor_reached":51,"campfire_rested":6,"playtime":2761,"current_hp_per_floor":[64,64,64,54,52,38,19,41,41,39,39,26,48,33,55,41,67,61,59,59,43,43,43,38,38,38,11,33,32,18,12,34,19,61,63,38,38,34,34,56,60,60,70,69,71,78,78,73,73,55],"items_purged":["Strike_B","Strike_B"],"gold":284,"score":1036,"play_id":"126082af-41b9-44f3-b5a9-f9864caabe8b","local_time":"20180504215244","is_prod":false,"is_daily":false,"chose_seed":false,"is_ascension_mode":true,"campfire_upgraded":5,"timestamp":1525441964,"path_taken":["M","M","$","?","?","M","E","R","T","M","$","E","R","M","R","BOSS","M","M","$","?","$","R","E","R","T","?","R","M","E","M","R","BOSS","M","M","$","M","?","R","E","R","T","E","M","E","R","?","R","BOSS"],"build_version":"2018-05-03","seed_source_timestamp":0,"purchased_purges":2,"victory":true,"master_deck":["Strike_B","Strike_B","Defend_B","Defend_B","Defend_B","Defend_B+1","Zap","Dualcast","Impulse+1","Static Discharge","Gash+1","Finesse","Ball Lightning","Capacitor","Chill","Defragment+1","Self Repair","Deep Breath+1","Prime","Turbo","Seek","Glacier","Beam Cell","Capacitor","Conserve Battery+1","Capacitor+1","Gash+1","Double Energy+1","Storm","Coolheaded+1","Creative AI","Gash+1","Steam Power+1","Buffer","Jack Of All Trades+1","Force Field+1","Leap+1","Steam Power+1","Hologram+1","Undo+1","Glacier+1"],"max_hp_per_floor":[75,75,75,75,75,75,75,75,75,75,75,75,75,75,75,75,75,75,75,75,75,75,75,75,75,75,75,75,75,75,75,75,75,75,75,75,75,75,75,75,75,75,85,85,85,85,85,85,85,85],"relics":["Cracked Core","Happy Flower","Emotion Chip","Dodecahedron","Ice Cream","Sozu","Toxic Egg 2","Bag of Marbles","Dream Catcher","Nuclear Battery","Orichalcum","Pear","Bag of Preparation","War Paint"],"card_choices":[{"not_picked":["Go for the Eyes","Aggregate"],"picked":"Impulse","floor":1.0},{"not_picked":["Darkness","Turbo"],"picked":"Static Discharge","floor":2.0},{"not_picked":["Hologram","Recycle"],"picked":"Ball Lightning","floor":4.0},{"not_picked":["Sunder","Storm"],"picked":"Capacitor","floor":5.0},{"not_picked":["Turbo","Capacitor"],"picked":"Chill","floor":6.0},{"not_picked":["Skim","Coolheaded"],"picked":"Defragment","floor":7.0},{"not_picked":["Beam Cell","Sunder"],"picked":"Self Repair","floor":10.0},{"not_picked":["Darkness","Go for the Eyes"],"picked":"Prime","floor":12.0},{"not_picked":["Skim","Sweeping Beam"],"picked":"Turbo","floor":14.0},{"not_picked":["All For One","Hyperbeam"],"picked":"Seek","floor":16.0},{"not_picked":["Melter","Axe Kick"],"picked":"Glacier","floor":18.0},{"not_picked":["Aggregate","Reprogram"],"picked":"Beam Cell","floor":19.0},{"not_picked":["Rebound","Barrage"],"picked":"Conserve Battery","floor":24.0},{"not_picked":["Cold Snap","Go for the Eyes"],"picked":"Capacitor","floor":27.0},{"not_picked":["Auto Shields","Doom and Gloom"],"picked":"Gash","floor":29.0},{"not_picked":["Cold Snap","Heatsinks"],"picked":"Double Energy","floor":30.0},{"not_picked":["Cold Snap","Double Energy"],"picked":"Storm","floor":31.0},{"not_picked":["Turbo","Hologram"],"picked":"Coolheaded","floor":32.0},{"not_picked":["Rainbow","Fusion"],"picked":"Creative AI","floor":33.0},{"not_picked":["Ball Lightning","Melter"],"picked":"Gash","floor":35.0},{"not_picked":["Capacitor","Axe Kick"],"picked":"Steam Power","floor":36},{"not_picked":["Rip and Tear","Melter"],"picked":"Leap","floor":38},{"not_picked":["White Noise","Turbo"],"picked":"Steam Power","floor":41},{"not_picked":["Go for the Eyes","Leap"],"picked":"Hologram","floor":45},{"not_picked":["Buffer","Beam Cell"],"picked":"Undo","floor":46},{"not_picked":["Reinforced Body","All For One"],"picked":"Glacier","floor":48}],"player_experience":936167,"potions_floor_usage":[],"damage_taken":[{"damage":11.0,"enemies":"Cultist","floor":1.0,"turns":4.0},{"damage":0.0,"enemies":"Small Slimes","floor":2.0,"turns":2.0},{"damage":10.0,"enemies":"Jaw Worm","floor":4.0,"turns":2.0},{"damage":2.0,"enemies":"2 Fungi Beasts","floor":5.0,"turns":3.0},{"damage":14.0,"enemies":"Lots of Slimes","floor":6.0,"turns":4.0},{"damage":19.0,"enemies":"Gremlin Nob","floor":7.0,"turns":4.0},{"damage":2.0,"enemies":"Red Slaver","floor":10.0,"turns":3.0},{"damage":20.0,"enemies":"Lagavulin","floor":12.0,"turns":5.0},{"damage":22.0,"enemies":"Exordium Thugs","floor":14.0,"turns":3.0},{"damage":21.0,"enemies":"Slime Boss","floor":16.0,"turns":7.0},{"damage":13.0,"enemies":"3 Byrds","floor":18.0,"turns":4.0},{"damage":9.0,"enemies":"Shell Parasite","floor":19.0,"turns":5.0},{"damage":12.0,"enemies":"Book of Stabbing","floor":24.0,"turns":5.0},{"damage":34.0,"enemies":"Cultist and Chosen","floor":27.0,"turns":8.0},{"damage":8.0,"enemies":"3 Cultists","floor":29.0,"turns":6.0},{"damage":21.0,"enemies":"Slavers","floor":30.0,"turns":7.0},{"damage":13.0,"enemies":"Snecko","floor":31.0,"turns":6.0},{"damage":22.0,"enemies":"Collector","floor":33.0,"turns":10.0},{"damage":5.0,"enemies":"3 Darklings","floor":35.0,"turns":5.0},{"damage":32,"enemies":"3 Shapes","floor":36,"turns":5},{"damage":11,"enemies":"Sphere and 2 Shapes","floor":38,"turns":6},{"damage":3,"enemies":"Giant Head","floor":41,"turns":7},{"damage":8,"enemies":"Nemesis","floor":44,"turns":7},{"damage":5,"enemies":"3 Darklings","floor":45,"turns":3},{"damage":0,"enemies":"Giant Head","floor":46,"turns":6},{"damage":12,"enemies":"4 Shapes","floor":48,"turns":6},{"damage":18,"enemies":"Awakened One","floor":50,"turns":9}],"event_choices":[{"event_name":"Cursed Tome","player_choice":"Obtained Book","floor":21.0,"damage_taken":0.0},{"event_name":"Golden Shrine","player_choice":"Pray","floor":39,"damage_taken":0}],"boss_relics":[],"potions_floor_spawned":[2,6,7,14,16,18,19,29,36,38,44,45],"seed_played":"-8274030613958991484","ascension_level":5,"is_trial":false}