{"gold_per_floor":[115,265,17,28,28,61,61,61,61,81,110,85,104,114,114,187,187,203,219,253,253,253,286,286,6,306,338,21,34,34,34,34,111,111,124,142,155,167,178,178,178,204,204,204,238,293,293,138,138,138,138,138,26,59,59],"floor_reached":55,"playtime":2815,"items_purged":["Doubt","Shame"],"score":1331,"play_id":"d6478e59-3212-46f3-8e63-0f8b93080206","local_time":"20190406165721","is_ascension_mode":true,"campfire_choices":[{"data":"Zap","floor":7.0,"key":"SMITH"},{"data":"Coolheaded","floor":15.0,"key":"SMITH"},{"floor":24.0,"key":"REST"},{"data":"Capacitor","floor":30.0,"key":"SMITH"},{"floor":32.0,"key":"REST"},{"data":"Defragment","floor":40.0,"key":"SMITH"},{"floor":49.0,"key":"RECALL"},{"data":"Buffer","floor":52,"key":"SMITH"}],"neow_cost":"NONE","seed_source_timestamp":3703862659534872,"circlet_count":0,"master_deck":["AscendersBane","Strike_B+1","Strike_B+1","Strike_B+1","Defend_B+1","Defend_B+1","Defend_B+1","Defend_B+1","Zap+1","Dualcast+1","Ball Lightning","Electrodynamics","Coolheaded+1","Sweeping Beam","Self Repair","Hologram","Tempest","Doom and Gloom","Buffer+1","Coolheaded","White Noise","Defragment+1","Auto Shields","Capacitor+1","Glacier","Stack","Coolheaded","Genetic Algorithm","Compile Driver","Capacitor+1","Consume","Heatsinks"],"special_seed":0,"relics":["Cracked Core","War Paint","Bag of Marbles","Ancient Tea Set","Kunai","Busted Crown","Red Mask","Blood Vial","Dream Catcher","PreservedInsect","Old Coin","Cables","Mummified Hand","Nuclear Battery","The Courier","Letter Opener","Pocketwatch","Meat on the Bone","DollysMirror","FossilizedHelix"],"potions_floor_usage":[],"damage_taken":[{"damage":0.0,"enemies":"2 Louse","floor":1.0,"turns":2.0},{"damage":0.0,"enemies":"Jaw Worm","floor":4.0,"turns":3.0},{"damage":13.0,"enemies":"Gremlin Nob","floor":6.0,"turns":3.0},{"damage":0.0,"enemies":"Small Slimes","floor":10.0,"turns":2.0},{"damage":9.0,"enemies":"3 Sentries","floor":11.0,"turns":4.0},{"damage":7.0,"enemies":"2 Fungi Beasts","floor":13.0,"turns":3.0},{"damage":2.0,"enemies":"Blue Slaver","floor":14.0,"turns":3.0},{"damage":15.0,"enemies":"Slime Boss","floor":16.0,"turns":6.0},{"damage":23.0,"enemies":"Shell Parasite","floor":18.0,"turns":8.0},{"damage":4.0,"enemies":"Spheric Guardian","floor":19.0,"turns":4.0},{"damage":12.0,"enemies":"Masked Bandits","floor":20.0,"turns":3.0},{"damage":29.0,"enemies":"Slavers","floor":23.0,"turns":3.0},{"damage":2.0,"enemies":"Book of Stabbing","floor":27.0,"turns":4.0},{"damage":0.0,"enemies":"Snake Plant","floor":29.0,"turns":2.0},{"damage":20.0,"enemies":"Automaton","floor":33.0,"turns":11.0},{"damage":0.0,"enemies":"3 Shapes","floor":35.0,"turns":8.0},{"damage":0.0,"enemies":"Orb Walker","floor":36.0,"turns":2.0},{"damage":10.0,"enemies":"3 Darklings","floor":37.0,"turns":4.0},{"damage":0.0,"enemies":"Jaw Worm Horde","floor":38.0,"turns":3.0},{"damage":0.0,"enemies":"Sphere and 2 Shapes","floor":39.0,"turns":3.0},{"damage":25.0,"enemies":"Giant Head","floor":42.0,"turns":8.0},{"damage":0.0,"enemies":"Nemesis","floor":45.0,"turns":7.0},{"damage":13.0,"enemies":"2 Orb Walkers","floor":46.0,"turns":4.0},{"damage":39,"enemies":"Time Eater","floor":50,"turns":20},{"damage":47,"enemies":"Shield and Spear","floor":54,"turns":8},{"damage":37,"enemies":"The Heart","floor":55,"turns":6}],"seed_played":"-5589022142427131751","potions_obtained":[{"floor":4.0,"key":"FocusPotion"},{"floor":6.0,"key":"Fire Potion"},{"floor":10.0,"key":"Weak Potion"},{"floor":23.0,"key":"Energy Potion"},{"floor":27.0,"key":"SmokeBomb"},{"floor":36.0,"key":"GamblersBrew"},{"floor":38.0,"key":"Block Potion"},{"floor":42.0,"key":"Energy Potion"},{"floor":45.0,"key":"Swift Potion"}],"is_trial":false,"path_per_floor":["M","?","$","M","?","E","R","?","T","M","E","$","M","M","R","B",null,"M","M","?","?","?","E","R","$","T","E","$","M","R","$","R","B",null,"M","M","M","M","M","R","?","E","T","?","E","?","?","$","R","B",null,"R","$","E","B"],"character_chosen":"DEFECT","items_purchased":["Electrodynamics","Coolheaded","Hologram","Defragment","PreservedInsect","Mummified Hand","Capacitor","DollysMirror","Consume","Heatsinks"],"campfire_rested":2,"item_purchase_floors":[3,3,12,25,25,28,28,48,53,53],"current_hp_per_floor":[64,64,64,64,69,56,56,56,56,56,47,47,47,52,52,37,66,50,46,41,41,41,14,36,36,36,43,43,52,52,52,74,63,73,76,76,73,76,76,76,72,47,47,47,56,45,45,45,45,20,59,59,59,33,0],"gold":59,"neow_bonus":"RANDOM_COMMON_RELIC","is_prod":false,"is_daily":false,"chose_seed":false,"campfire_upgraded":5,"win_rate":0,"timestamp":1554584241,"path_taken":["M","?","$","M","?","E","R","?","T","M","E","?","M","M","R","BOSS","M","M","?","?","?","E","R","$","T","E","?","M","R","$","R","BOSS","M","M","M","M","M","R","?","E","T","?","E","?","?","$","R","BOSS","R","$","E","BOSS"],"build_version":"2019-04-04","purchased_purges":2,"victory":false,"max_hp_per_floor":[71,71,71,71,76,76,76,76,76,76,76,76,76,76,76,76,76,76,76,76,76,76,76,76,76,76,76,76,76,76,76,76,76,76,76,76,76,76,76,76,72,72,72,72,72,72,72,72,72,72,72,72,72,72,72],"card_choices":[{"not_picked":["Beam Cell","Hologram"],"picked":"Ball Lightning","floor":1.0},{"not_picked":["Gash","Amplify"],"picked":"Go for the Eyes","floor":4.0},{"not_picked":["Beam Cell","Cold Snap"],"picked":"Sweeping Beam","floor":6.0},{"not_picked":["Redo","Rebound","Cold Snap"],"picked":"SKIP","floor":10.0},{"not_picked":["Skim","Steam"],"picked":"Self Repair","floor":11.0},{"not_picked":["Beam Cell","Turbo"],"picked":"Tempest","floor":13.0},{"not_picked":["Cold Snap","FTL"],"picked":"Doom and Gloom","floor":14.0},{"not_picked":["Electrodynamics","Seek"],"picked":"Buffer","floor":16.0},{"not_picked":["Tempest"],"picked":"SKIP","floor":18.0},{"not_picked":[],"picked":"Coolheaded","floor":19.0},{"not_picked":[],"picked":"White Noise","floor":20.0},{"not_picked":["Lockon"],"picked":"SKIP","floor":23.0},{"not_picked":[],"picked":"Auto Shields","floor":27.0},{"not_picked":[],"picked":"Glacier","floor":29.0},{"not_picked":["Rebound"],"picked":"SKIP","floor":35.0},{"not_picked":[],"picked":"Stack","floor":36.0},{"not_picked":["Ball Lightning"],"picked":"SKIP","floor":37.0},{"not_picked":["Sweeping Beam"],"picked":"SKIP","floor":38.0},{"not_picked":[],"picked":"Coolheaded","floor":39.0},{"not_picked":[],"picked":"Genetic Algorithm","floor":42.0},{"not_picked":[],"picked":"Compile Driver","floor":45.0},{"not_picked":["Tempest"],"picked":"SKIP","floor":54}],"player_experience":912855,"relics_obtained":[{"floor":6.0,"key":"Bag of Marbles"},{"floor":9.0,"key":"Ancient Tea Set"},{"floor":11.0,"key":"Kunai"},{"floor":20.0,"key":"Red Mask"},{"floor":23.0,"key":"Dream Catcher"},{"floor":26.0,"key":"Old Coin"},{"floor":27.0,"key":"Cables"},{"floor":42.0,"key":"The Courier"},{"floor":45.0,"key":"Letter Opener"},{"floor":46.0,"key":"Pocketwatch"},{"floor":54,"key":"FossilizedHelix"}],"event_choices":[{"damage_healed":0.0,"max_hp_gain":0.0,"max_hp_loss":0.0,"gold_gain":150.0,"event_name":"Liars Game","player_choice":"AGREE","floor":2.0,"gold_loss":0.0,"damage_taken":0.0,"cards_obtained":["Doubt"]},{"damage_healed":0.0,"max_hp_gain":5.0,"max_hp_loss":0.0,"gold_gain":0.0,"event_name":"Big Fish","player_choice":"Donut","floor":5.0,"gold_loss":0.0,"damage_taken":0.0},{"cards_removed":["Strike_B"],"damage_healed":0.0,"max_hp_gain":0.0,"max_hp_loss":0.0,"gold_gain":0.0,"event_name":"Living Wall","player_choice":"Forget","floor":8.0,"gold_loss":0.0,"damage_taken":0.0},{"damage_healed":0.0,"max_hp_gain":0.0,"max_hp_loss":0.0,"gold_gain":0.0,"event_name":"Masked Bandits","player_choice":"Fought Bandits","floor":20.0,"gold_loss":0.0,"damage_taken":0.0},{"damage_healed":0.0,"max_hp_gain":0.0,"max_hp_loss":0.0,"gold_gain":0.0,"event_name":"Addict","player_choice":"Stole Relic","floor":21.0,"gold_loss":0.0,"damage_taken":0.0,"relics_obtained":["Blood Vial"],"cards_obtained":["Shame"]},{"damage_healed":0.0,"max_hp_gain":0.0,"max_hp_loss":0.0,"gold_gain":0.0,"event_name":"Back to Basics","player_choice":"Simplicity","floor":22.0,"gold_loss":0.0,"damage_taken":0.0,"cards_upgraded":["Strike_B","Strike_B","Strike_B","Defend_B","Defend_B","Defend_B"]},{"damage_healed":0.0,"max_hp_gain":0.0,"max_hp_loss":4.0,"gold_gain":0.0,"event_name":"Winding Halls","player_choice":"Max HP","floor":41.0,"gold_loss":0.0,"damage_taken":0.0},{"cards_removed":["Go for the Eyes"],"damage_healed":0.0,"max_hp_gain":0.0,"max_hp_loss":0.0,"gold_gain":0.0,"event_name":"Falling","player_choice":"Removed Attack","floor":44.0,"gold_loss":0.0,"damage_taken":0.0},{"damage_healed":0.0,"max_hp_gain":0.0,"max_hp_loss":0.0,"gold_gain":0.0,"event_name":"Mysterious Sphere","player_choice":"Fight","floor":46.0,"gold_loss":0.0,"damage_taken":0.0},{"damage_healed":0.0,"max_hp_gain":0.0,"max_hp_loss":0.0,"gold_gain":0.0,"event_name":"WeMeetAgain","player_choice":"Gave Potion","floor":47.0,"gold_loss":0.0,"damage_taken":0.0,"relics_obtained":["Meat on the Bone"]}],"is_beta":true,"boss_relics":[{"not_picked":["Runic Pyramid","Velvet Choker"],"picked":"Busted Crown"},{"not_picked":["Empty Cage","Orrery"],"picked":"Nuclear Battery"}],"items_purged_floors":[3,25],"is_endless":false,"potions_floor_spawned":[4,6,10,23,27,36,38,42,45],"killed_by":"The Heart","ascension_level":15}