{"gold_per_floor":[114,129,204,219,144,144,159,159,159,189,204,234,249,264,264,364,364,379,73,273,288,39,39],"floor_reached":23,"playtime":1056,"items_purged":["Genetic Algorithm"],"score":278,"play_id":"e16e6afe-12f7-4fab-b670-122d3f3dfc7a","local_time":"20180708122211","daily_mods":["Insanity","Time Dilation","Binary"],"is_ascension_mode":false,"campfire_choices":[{"data":"Echo Form","floor":6,"key":"SMITH"},{"data":"White Noise","floor":8,"key":"SMITH"},{"data":"Zap","floor":15,"key":"SMITH"}],"neow_cost":"","seed_source_timestamp":139922385813572,"circlet_count":0,"master_deck":["Zap+1","Echo Form+1","Skim","Force Field","Hologram","Compile Driver","Force Field","Conserve Battery","Sunder","All For One","Ball Lightning","Steam Power","FTL","Rainbow","Seek","Glacier","Defragment","White Noise+1","Auto Shields","Buffer","Darkness","Reprogram","BootSequence","Chaos","Rainbow","Rip and Tear","Turbo","Leap","Dualcast","Defragment","Beam Cell","Turbo","Echo Form","Self Repair","Lockon","Hyperbeam","Consume","Defragment","Amplify","Rebound","Echo Form","Defend_B","Force Field","Hologram","Fusion","Storm","White Noise","Fusion","Consume","Ball Lightning","Turbo","Coolheaded","Electrodynamics","Steam Power","Rip and Tear","Beam Cell","Echo Form","Sweeping Beam","Dramatic Entrance","Chrysalis","Dramatic Entrance","Sunder","Dramatic Entrance","Chrysalis"],"special_seed":17720,"relics":["Cracked Core","The Courier","Symbiotic Virus","DataDisk","Runic Dome"],"potions_floor_usage":[11],"damage_taken":[{"damage":0,"enemies":"2 Louse","floor":1,"turns":2},{"damage":0,"enemies":"Cultist","floor":2,"turns":2},{"damage":0,"enemies":"Small Slimes","floor":4,"turns":3},{"damage":0,"enemies":"Looter","floor":7,"turns":2},{"damage":13,"enemies":"Lagavulin","floor":10,"turns":7},{"damage":7,"enemies":"Gremlin Gang","floor":11,"turns":4},{"damage":8,"enemies":"Gremlin Nob","floor":12,"turns":3},{"damage":2,"enemies":"Blue Slaver","floor":13,"turns":2},{"damage":0,"enemies":"Looter","floor":14,"turns":2},{"damage":35,"enemies":"Slime Boss","floor":16,"turns":4},{"damage":25,"enemies":"2 Thieves","floor":18,"turns":3},{"damage":10,"enemies":"Chosen","floor":21,"turns":3},{"damage":67,"enemies":"Slaver and Parasite","floor":23,"turns":4}],"seed_played":"5952392564398475268","potions_obtained":[{"floor":2,"key":"LiquidBronze"},{"floor":4,"key":"Weak Potion"},{"floor":7,"key":"EssenceOfSteel"},{"floor":14,"key":"FairyPotion"}],"is_trial":false,"path_per_floor":["M","M","?","M","$","R","M","R","T","E","M","E","M","M","R","B",null,"M","$","?","M","$"],"character_chosen":"DEFECT","items_purchased":["Dramatic Entrance","Chrysalis","Dramatic Entrance","Dramatic Entrance","Chrysalis"],"campfire_rested":0,"item_purchase_floors":[19,19,19,22,22],"current_hp_per_floor":[75,75,64,64,64,64,64,64,64,51,51,43,41,41,41,6,75,50,50,50,40,40,0],"gold":39,"neow_bonus":"","is_prod":false,"is_daily":true,"chose_seed":false,"campfire_upgraded":3,"win_rate":0,"timestamp":1531032731,"path_taken":["M","M","?","M","$","R","M","R","T","E","M","E","M","M","R","BOSS","M","$","?","M","$","M"],"build_version":"2018-07-05","purchased_purges":1,"victory":false,"max_hp_per_floor":[75,75,75,75,75,75,75,75,75,75,75,75,75,75,75,75,75,75,75,75,75,75,75],"card_choices":[{"not_picked":["Gash","Streamline"],"picked":"SKIP","floor":1},{"not_picked":["Chaos"],"picked":"Ball Lightning","floor":2},{"not_picked":["Auto Shields"],"picked":"Turbo","floor":4},{"not_picked":["Conserve Battery"],"picked":"Coolheaded","floor":7},{"not_picked":["Gash","BootSequence"],"picked":"SKIP","floor":10},{"not_picked":["Self Repair"],"picked":"Electrodynamics","floor":11},{"not_picked":["Ball Lightning"],"picked":"Steam Power","floor":12},{"not_picked":["Barrage"],"picked":"Rip and Tear","floor":13},{"not_picked":["Darkness"],"picked":"Beam Cell","floor":14},{"not_picked":["Meteor Strike"],"picked":"Echo Form","floor":16},{"not_picked":["Ball Lightning"],"picked":"Sweeping Beam","floor":18},{"not_picked":["Sweeping Beam"],"picked":"Sunder","floor":21}],"player_experience":123194,"relics_obtained":[{"floor":9,"key":"The Courier"},{"floor":10,"key":"Symbiotic Virus"},{"floor":12,"key":"DataDisk"}],"event_choices":[{"event_name":"World of Goop","player_choice":"Gather Gold","floor":3,"damage_taken":0},{"event_name":"Wheel of Change","player_choice":"Gold","floor":20,"damage_taken":0}],"boss_relics":[{"not_picked":["Tiny House","Inserter"],"picked":"Runic Dome"}],"items_purged_floors":[5],"is_endless":false,"potions_floor_spawned":[2,4,7,10,14,16,21],"killed_by":"Slaver and Parasite","ascension_level":0}