{"path_per_floor":["M","?","M","?","M","R","M","R","T","E","?","M","E","M","R","B",null,"M","M","$","?","?","R","M","R","T","?","M","M","R","M","R","B",null,"M","$","?","M","$","M","E","?","T","R","?","M","?","M","R","B"],"character_chosen":"DEFECT","items_purchased":["Ball Lightning","Gash","Defragment+1","Stack"],"gold_per_floor":[112,112,125,125,144,144,159,159,159,187,187,199,226,240,240,340,340,350,363,262,262,262,262,275,275,357,357,377,392,392,410,410,515,515,530,405,405,424,193,213,241,221,221,221,221,240,240,259,259,259],"floor_reached":51,"campfire_rested":2,"playtime":3614,"item_purchase_floors":[20,36,39,39],"current_hp_per_floor":[75,50,50,50,50,50,43,43,43,15,15,15,10,10,10,10,75,64,64,64,64,64,64,62,62,62,48,48,28,52,52,52,26,80,62,62,52,47,47,41,24,24,24,56,56,50,50,49,57,38],"items_purged":["Strike_B","Strike_B","Strike_B"],"gold":259,"score":723,"play_id":"dfef3fad-f2bf-44aa-aa6e-21837f74c8c8","local_time":"20180620120609","is_prod":false,"is_daily":false,"chose_seed":false,"is_ascension_mode":true,"campfire_upgraded":4,"win_rate":0.0,"timestamp":1529476569,"campfire_choices":[{"data":"Cold Snap","floor":6,"key":"SMITH"},{"data":"Streamline","floor":8,"key":"SMITH"},{"data":"Creative AI","floor":15,"key":"SMITH"},{"data":"1","floor":23,"key":"LIFT"},{"data":"2","floor":25,"key":"LIFT"},{"floor":30,"key":"REST"},{"data":"3","floor":32,"key":"LIFT"},{"floor":44,"key":"REST"},{"data":"Defragment","floor":49,"key":"SMITH"}],"path_taken":["M","?","M","?","M","R","M","R","T","E","?","M","E","?","R","BOSS","M","?","$","?","?","R","M","R","T","?","M","M","R","M","R","BOSS","M","$","?","M","$","M","E","?","T","R","?","?","?","M","R","BOSS"],"build_version":"2018-06-18","seed_source_timestamp":3781408259750,"purchased_purges":3,"circlet_count":0,"victory":true,"master_deck":["Defend_B","Defend_B","Defend_B","Defend_B","Zap+1","Dualcast","Cold Snap+1","Streamline+1","Leap","Conserve Battery","Glacier","Creative AI+1","Reboot","Go for the Eyes","Ball Lightning","Defragment+1","FTL","FTL+1","Gash","Master of Strategy","Defragment+1","Stack"],"max_hp_per_floor":[75,75,75,75,75,75,75,75,75,75,75,75,75,75,75,75,75,75,75,75,75,75,75,75,75,75,80,80,80,80,80,80,80,80,80,80,80,80,80,80,80,80,80,80,80,80,80,80,80,80],"relics":["Cracked Core","NeowsBlessing","Mummified Hand","Incense Burner","Potion Belt","Girya","Busted Crown","Frozen Egg 2","Eternal Feather","Torii","Ginger"],"card_choices":[{"not_picked":["Coolheaded","Stack"],"picked":"Cold Snap","floor":1},{"not_picked":["Steam","Stack"],"picked":"Streamline","floor":3},{"not_picked":["Scrape","Melter"],"picked":"Leap","floor":5},{"not_picked":["Coolheaded","Double Energy","Leap"],"picked":"SKIP","floor":7},{"not_picked":["Heatsinks","BootSequence"],"picked":"Conserve Battery","floor":10},{"not_picked":["Machine Learning","Self Repair"],"picked":"Glacier","floor":12},{"not_picked":["Compile Driver","Go for the Eyes"],"picked":"Creative AI","floor":13},{"not_picked":["Leap","Aggregate"],"picked":"FTL","floor":14},{"not_picked":["Seek","All For One"],"picked":"Reboot","floor":16},{"not_picked":[],"picked":"Go for the Eyes","floor":18},{"not_picked":["FTL"],"picked":"SKIP","floor":19},{"not_picked":["Melter"],"picked":"SKIP","floor":24},{"not_picked":[],"picked":"FTL","floor":28},{"not_picked":["Redo"],"picked":"SKIP","floor":29},{"not_picked":["Chaos"],"picked":"SKIP","floor":31},{"not_picked":[],"picked":"Thunder Strike","floor":33},{"not_picked":[],"picked":"FTL+1","floor":35},{"not_picked":[],"picked":"Master of Strategy","floor":37},{"not_picked":["Reinforced Body+1"],"picked":"SKIP","floor":38},{"not_picked":["Fusion+1"],"picked":"SKIP","floor":40},{"not_picked":["Beam Cell"],"picked":"SKIP","floor":41},{"not_picked":["Beam Cell"],"picked":"SKIP","floor":46},{"not_picked":["Streamline+1"],"picked":"SKIP","floor":48}],"player_experience":37179,"potions_floor_usage":[33,50,50,50,50],"damage_taken":[{"damage":0,"enemies":"Jaw Worm","floor":1,"turns":1},{"damage":0,"enemies":"2 Louse","floor":3,"turns":1},{"damage":0,"enemies":"Small Slimes","floor":5,"turns":1},{"damage":7,"enemies":"Blue Slaver","floor":7,"turns":3},{"damage":28,"enemies":"Gremlin Nob","floor":10,"turns":4},{"damage":0,"enemies":"Exordium Thugs","floor":12,"turns":4},{"damage":5,"enemies":"Lagavulin","floor":13,"turns":7},{"damage":0,"enemies":"2 Fungi Beasts","floor":14,"turns":3},{"damage":0,"enemies":"Hexaghost","floor":16,"turns":11},{"damage":11,"enemies":"2 Thieves","floor":18,"turns":4},{"damage":0,"enemies":"Spheric Guardian","floor":19,"turns":3},{"damage":2,"enemies":"Snake Plant","floor":24,"turns":4},{"damage":0,"enemies":"Centurion and Healer","floor":28,"turns":6},{"damage":20,"enemies":"Slaver and Parasite","floor":29,"turns":6},{"damage":0,"enemies":"Snake Plant","floor":31,"turns":5},{"damage":26,"enemies":"Automaton","floor":33,"turns":8},{"damage":18,"enemies":"Orb Walker","floor":35,"turns":4},{"damage":5,"enemies":"3 Shapes","floor":38,"turns":4},{"damage":6,"enemies":"Sphere and 2 Shapes","floor":40,"turns":4},{"damage":17,"enemies":"Nemesis","floor":41,"turns":7},{"damage":6,"enemies":"Flame Bruiser 2 Orb","floor":46,"turns":4},{"damage":1,"enemies":"4 Shapes","floor":48,"turns":5},{"damage":34,"enemies":"Awakened One","floor":50,"turns":26}],"relics_obtained":[{"floor":9,"key":"Incense Burner"},{"floor":10,"key":"Potion Belt"},{"floor":13,"key":"Girya"},{"floor":26,"key":"Frozen Egg 2"},{"floor":41,"key":"Torii"},{"floor":43,"key":"Ginger"}],"event_choices":[{"event_name":"Scrap Ooze","player_choice":"success","floor":2,"damage_taken":25},{"event_name":"Living Wall","player_choice":"Grow","floor":4,"damage_taken":0},{"event_name":"Bonfire Elementals","player_choice":"BASIC","floor":11,"damage_taken":0},{"event_name":"N\u0027loth","player_choice":"Ignored","floor":21,"damage_taken":0},{"event_name":"The Library","player_choice":"Read","floor":22,"damage_taken":0},{"event_name":"Forgotten Altar","player_choice":"Shed Blood","floor":27,"damage_taken":0},{"event_name":"SensoryStone","player_choice":"Memory 3","floor":37,"damage_taken":0},{"event_name":"The Woman in Blue","player_choice":"Bought 1 Potion","floor":42,"damage_taken":0},{"event_name":"Falling","player_choice":"Removed Attack","floor":45,"damage_taken":0},{"event_name":"Wheel of Change","player_choice":"Card Removal","floor":47,"damage_taken":0}],"boss_relics":[{"not_picked":["Lizard Tail","Velvet Choker"],"picked":"Busted Crown"},{"not_picked":["Runic Pyramid","Sozu"],"picked":"Eternal Feather"}],"items_purged_floors":[20,36,39],"is_endless":false,"potions_floor_spawned":[3,10,13,14,16,24,31,33,38],"seed_played":"-4270807724280245584","ascension_level":1,"potions_obtained":[{"floor":3,"key":"Dexterity Potion"},{"floor":10,"key":"GamblersBrew"},{"floor":13,"key":"Dexterity Potion"},{"floor":14,"key":"PowerPotion"},{"floor":16,"key":"AttackPotion"},{"floor":24,"key":"Regen Potion"},{"floor":33,"key":"EssenceOfSteel"}],"is_trial":false}