{"path_per_floor":["M","M","$","?","?","R","E","R","T","$","M","M","M","M","R","B",null,"M","$","?","M","?","R","E","R","T","$","?","R","?","M","R","B",null,"M","M","$","?","?","R","M","R","T","$","E","M","R","M","R","B"],"character_chosen":"IRONCLAD","items_purchased":["Searing Blow","Double Tap"],"gold_per_floor":[114,127,49,49,49,49,92,92,92,17,30,55,76,92,92,221,221,236,136,136,152,102,102,133,133,209,84,84,84,84,107,107,235,235,253,278,133,133,199,199,224,224,224,74,108,124,124,144,144,144],"floor_reached":51,"campfire_rested":1,"playtime":2068,"current_hp_per_floor":[80,80,80,74,74,74,56,56,56,56,60,68,74,72,72,53,80,80,80,80,80,80,80,66,66,66,66,66,66,50,56,56,54,80,80,80,80,70,76,76,72,72,72,72,14,7,31,28,28,24],"items_purged":["Strike_R","Strike_R","Strike_R","Defend_R"],"gold":144,"score":568,"play_id":"aecc70f0-7e5d-409a-8b51-a497630d1848","is_prod":false,"is_daily":false,"is_ascension_mode":false,"campfire_upgraded":10,"path_taken":["M","M","$","?","?","R","E","R","T","?","M","?","M","M","R","BOSS","M","$","?","M","?","R","E","R","T","$","?","R","?","M","R","BOSS","M","M","$","?","?","R","M","R","T","$","E","M","R","M","R","BOSS"],"build_version":"2018-02-12-PROD1","purchased_purges":5,"victory":true,"master_deck":["Defend_R","Defend_R","Defend_R","Bash","Whirlwind","Searing Blow+11","Carnage+1","Feed","Battle Trance","Flame Barrier+1","Necronomicurse","Brutality","Shrug It Off+1","Double Tap","Madness","Madness","Seeing Red+1"],"max_hp_per_floor":[80,80,80,74,74,74,74,74,74,74,74,77,77,77,77,80,80,80,80,80,80,80,80,80,80,80,80,80,80,80,80,80,80,80,80,80,80,80,83,83,83,83,83,83,83,83,83,83,83,83],"relics":["Burning Blood","Vajra","Golden Idol","Ornamental Fan","Torii","Sozu","Bag of Preparation","Dodecahedron","Necronomicon","Lizard Tail","Peace Pipe","Whetstone","Bottled Lightning"],"card_choices":[{"not_picked":["Cleave","Wild Strike"],"picked":"Whirlwind"},{"not_picked":["Clash","Uppercut"],"picked":"Feed"},{"not_picked":["True Grit","Carnage"],"picked":"Battle Trance"},{"not_picked":["Entrench","Sword Boomerang"],"picked":"Flame Barrier"},{"not_picked":["Exhume","Impervious"],"picked":"Brutality"},{"not_picked":["Twin Strike","Wild Strike"],"picked":"Shrug It Off"},{"not_picked":["Heavy Blade","Clothesline"],"picked":"Seeing Red"}],"player_experience":351915,"potions_floor_usage":[13],"damage_taken":[{"damage":4,"enemies":"2 Louse","floor":1,"turns":3},{"damage":3,"enemies":"Small Slimes","floor":2,"turns":4},{"damage":24,"enemies":"3 Sentries","floor":7,"turns":5},{"damage":2,"enemies":"Blue Slaver","floor":11,"turns":4},{"damage":1,"enemies":"Exordium Wildlife","floor":12,"turns":4},{"damage":0,"enemies":"Gremlin Gang","floor":13,"turns":1},{"damage":8,"enemies":"2 Fungi Beasts","floor":14,"turns":3},{"damage":28,"enemies":"Slime Boss","floor":16,"turns":7},{"damage":0,"enemies":"Chosen","floor":18,"turns":3},{"damage":0,"enemies":"Spheric Guardian","floor":21,"turns":3},{"damage":20,"enemies":"Book of Stabbing","floor":24,"turns":5},{"damage":0,"enemies":"Snecko","floor":31,"turns":2},{"damage":8,"enemies":"Automaton","floor":33,"turns":5},{"damage":0,"enemies":"Orb Walker","floor":35,"turns":1},{"damage":1,"enemies":"3 Darklings","floor":36,"turns":2},{"damage":3,"enemies":"Mysterious Sphere","floor":39,"turns":4},{"damage":10,"enemies":"Maw","floor":41,"turns":5},{"damage":64,"enemies":"Nemesis","floor":45,"turns":7},{"damage":13,"enemies":"4 Shapes","floor":46,"turns":8},{"damage":9,"enemies":"3 Darklings","floor":48,"turns":5},{"damage":10,"enemies":"Time Eater","floor":50,"turns":3}],"event_choices":[{"event_name":"Golden Idol","player_choice":"Lose Max HP","floor":4,"damage_taken":0},{"event_name":"Transmorgrifier","player_choice":"Transform","floor":5,"damage_taken":0},{"event_name":"Back to Basics","player_choice":"Elegance","floor":20,"damage_taken":0},{"event_name":"The Joust","player_choice":"Bet on Murderer","floor":22,"damage_taken":0},{"event_name":"Addict","player_choice":"Ignored","floor":28,"damage_taken":0},{"event_name":"Cursed Tome","player_choice":"Obtained Book","floor":30,"damage_taken":0},{"event_name":"Winding Halls","player_choice":"Embrace Madness","floor":38,"damage_taken":0},{"event_name":"Mysterious Sphere","player_choice":"Fight","floor":39,"damage_taken":0}],"boss_relics":[{"not_picked":["Runic Pyramid","Tiny House"],"picked":"Sozu"},{"not_picked":["Black Star","Eternal Feather"],"picked":"Lizard Tail"}],"potions_floor_spawned":[7,12,21,31,33,36,39,41,48],"seed_played":"3544194218131596302","ascension_level":0,"is_trial":false}