{"gold_per_floor":[111,186,206,226,226,254,254,273,273,303,321,321,354,319,319,424,424,437,451,20,35,35,35,35,35,62,62,75,11,31,49,49,144,144,161,176,30,42,42,72,90,102,155,167,197,23,43,11,11,11],"floor_reached":51,"playtime":3188,"items_purged":["Storm of Steel","Pain"],"score":1014,"play_id":"a80761ca-009c-4b3e-b2cd-50cb1eff3fab","local_time":"20190402213606","is_ascension_mode":true,"campfire_choices":[{"floor":7,"key":"REST"},{"floor":12,"key":"REST"},{"data":"Bouncing Flask","floor":15,"key":"SMITH"},{"floor":23,"key":"REST"},{"data":"Leg Sweep","floor":25,"key":"SMITH"},{"data":"Well Laid Plans","floor":27,"key":"SMITH"},{"floor":32,"key":"REST"},{"floor":49,"key":"REST"}],"neow_cost":"TEN_PERCENT_HP_LOSS","seed_source_timestamp":238398420116321,"circlet_count":0,"master_deck":["Survivor","Neutralize","Deadly Poison","Poisoned Stab","Dash","Quick Slash","PiercingWail","Escape Plan","Leg Sweep+1","Bouncing Flask+1","Poisoned Stab+1","A Thousand Cuts","PiercingWail","Glass Knife+1","Backflip","Endless Agony+1","Dagger Spray+1","Blur","Dodge and Roll","PiercingWail","Noxious Fumes","Well Laid Plans+1","Bullet Time","Noxious Fumes+1","Footwork","Backflip+1","Acrobatics+1","Die Die Die+1","Deflect+1","Dagger Spray+1","Footwork","Acrobatics","Backflip+1","Dodge and Roll+1","Tactician","Footwork","Die Die Die+1","PiercingWail+1","Footwork"],"relics":["Ring of the Snake","Smiling Mask","Molten Egg 2","Shovel","The Courier","Pandora\u0027s Box","Mummified Hand","WarpedTongs","Omamori","Fusion Hammer","Prayer Wheel","Pear","Lantern","Bag of Marbles"],"potions_floor_usage":[13,33,33,33,33,33,41,50,50,50],"damage_taken":[{"damage":0,"enemies":"2 Louse","floor":1,"turns":2},{"damage":0,"enemies":"Small Slimes","floor":3,"turns":3},{"damage":0,"enemies":"Cultist","floor":4,"turns":3},{"damage":21,"enemies":"Lagavulin","floor":6,"turns":7},{"damage":0,"enemies":"Red Slaver","floor":8,"turns":3},{"damage":10,"enemies":"Gremlin Nob","floor":10,"turns":4},{"damage":4,"enemies":"Exordium Wildlife","floor":11,"turns":5},{"damage":13,"enemies":"3 Sentries","floor":13,"turns":7},{"damage":26,"enemies":"Hexaghost","floor":16,"turns":8},{"damage":0,"enemies":"Chosen","floor":18,"turns":4},{"damage":4,"enemies":"2 Thieves","floor":19,"turns":4},{"damage":35,"enemies":"Cultist and Chosen","floor":21,"turns":5},{"damage":9,"enemies":"Snake Plant","floor":28,"turns":5},{"damage":5,"enemies":"Centurion and Healer","floor":30,"turns":7},{"damage":10,"enemies":"Sentry and Sphere","floor":31,"turns":4},{"damage":3,"enemies":"Champ","floor":33,"turns":11},{"damage":0,"enemies":"Orb Walker","floor":35,"turns":3},{"damage":2,"enemies":"3 Darklings","floor":36,"turns":4},{"damage":0,"enemies":"Jaw Worm Horde","floor":38,"turns":3},{"damage":2,"enemies":"Giant Head","floor":40,"turns":7},{"damage":6,"enemies":"Maw","floor":41,"turns":6},{"damage":5,"enemies":"Sphere and 2 Shapes","floor":42,"turns":6},{"damage":0,"enemies":"Writhing Mass","floor":44,"turns":5},{"damage":13,"enemies":"Reptomancer","floor":45,"turns":6},{"damage":0,"enemies":"Jaw Worm Horde","floor":47,"turns":2},{"damage":35,"enemies":"Awakened One","floor":50,"turns":18}],"seed_played":"7869847505859143713","potions_obtained":[{"floor":1,"key":"Strength Potion"},{"floor":3,"key":"Block Potion"},{"floor":10,"key":"Strength Potion"},{"floor":13,"key":"Explosive Potion"},{"floor":21,"key":"EntropicBrew"},{"floor":30,"key":"SteroidPotion"},{"floor":36,"key":"SmokeBomb"},{"floor":38,"key":"Regen Potion"},{"floor":40,"key":"SpeedPotion"},{"floor":47,"key":"GhostInAJar"}],"is_trial":false,"path_per_floor":["M","?","M","M","?","E","R","M","T","E","M","R","E","?","R","B",null,"M","M","$","M","?","R","?","R","T","R","M","$","M","M","R","B",null,"M","M","$","M","?","E","M","M","T","M","E","$","M","$","R","B",null],"character_chosen":"THE_SILENT","items_purchased":["Noxious Fumes","Well Laid Plans","Mummified Hand","Bullet Time","Footwork","Footwork","Acrobatics","Footwork","Die Die Die+1","Footwork"],"campfire_rested":5,"item_purchase_floors":[20,20,20,20,29,37,37,46,46,48],"current_hp_per_floor":[63,52,52,52,39,18,36,36,36,26,22,40,27,42,42,16,51,51,47,47,12,12,30,30,30,30,30,21,21,16,6,24,21,53,53,51,51,51,51,59,68,63,63,63,50,50,50,50,71,36],"gold":11,"neow_bonus":"TRANSFORM_TWO_CARDS","is_prod":false,"is_daily":false,"chose_seed":false,"campfire_upgraded":3,"win_rate":0,"timestamp":1554233766,"path_taken":["M","?","M","M","?","E","R","M","T","E","M","R","E","?","R","BOSS","M","M","$","M","?","R","?","R","T","R","?","?","M","M","R","BOSS","M","M","$","M","?","E","M","?","T","M","E","?","?","?","R","BOSS"],"build_version":"2019-01-23","purchased_purges":2,"victory":true,"max_hp_per_floor":[63,63,63,63,63,63,63,63,63,63,63,63,63,63,63,63,63,63,63,63,63,63,63,63,63,63,63,63,63,63,63,63,63,63,63,63,63,63,63,73,73,73,73,73,73,73,73,73,73,73],"card_choices":[{"not_picked":["Eviscerate","Finisher"],"picked":"Dash","floor":1},{"not_picked":["Flying Knee","Escape Plan"],"picked":"Quick Slash","floor":3},{"not_picked":["Cloak And Dagger","Bouncing Flask"],"picked":"PiercingWail","floor":4},{"not_picked":["Acrobatics","Prepared"],"picked":"Escape Plan","floor":6},{"not_picked":["Outmaneuver","Blade Dance","All Out Attack"],"picked":"SKIP","floor":8},{"not_picked":["Venomology","Blade Dance"],"picked":"Leg Sweep","floor":10},{"not_picked":["Heel Hook+1","Distraction"],"picked":"Bouncing Flask","floor":11},{"not_picked":["Flying Knee+1","Underhanded Strike+1"],"picked":"Poisoned Stab+1","floor":13},{"not_picked":["Storm of Steel","Unload+1"],"picked":"A Thousand Cuts","floor":16},{"not_picked":["Poisoned Stab+1","Sucker Punch+1"],"picked":"Dodge and Roll","floor":18},{"not_picked":["Prepared","All Out Attack+1"],"picked":"PiercingWail","floor":19},{"not_picked":["Reflex","Flying Knee+1","Dagger Throw+1"],"picked":"SKIP","floor":21},{"not_picked":["Envenom","Slice+1"],"picked":"Noxious Fumes+1","floor":28},{"not_picked":["Dagger Throw+1","Blade Dance+1"],"picked":"Backflip+1","floor":30},{"not_picked":["Sucker Punch+1","Masterful Stab+1"],"picked":"Acrobatics+1","floor":31},{"not_picked":["Phantasmal Killer","Grand Finale+1"],"picked":"Die Die Die+1","floor":33},{"not_picked":["Quick Slash+1","Sucker Punch+1"],"picked":"Deflect+1","floor":35},{"not_picked":["Masterful Stab+1","Blade Dance+1"],"picked":"Dagger Spray+1","floor":36},{"not_picked":["All Out Attack+1","Deadly Poison","Backstab+1"],"picked":"SKIP","floor":38},{"not_picked":["Leg Sweep+1","Endless Agony+1"],"picked":"Backflip+1","floor":40},{"not_picked":["Acrobatics","Endless Agony+1"],"picked":"Dodge and Roll+1","floor":41},{"not_picked":["Backstab+1","Poisoned Stab+1","Blur"],"picked":"SKIP","floor":41},{"not_picked":["Deflect","Terror","Bane+1"],"picked":"SKIP","floor":42},{"not_picked":["Bane+1","Riddle With Holes+1","Slice+1"],"picked":"SKIP","floor":42},{"not_picked":["Deflect","Slice+1","Bane+1"],"picked":"SKIP","floor":44},{"not_picked":["Corpse Explosion","Deadly Poison","Finisher+1"],"picked":"SKIP","floor":44},{"not_picked":["Deflect+1","Finisher+1"],"picked":"Tactician","floor":45},{"not_picked":["Dagger Spray+1","Bane+1"],"picked":"PiercingWail+1","floor":47},{"not_picked":["Endless Agony+1","Skewer+1","Concentrate+1"],"picked":"SKIP","floor":47}],"player_experience":234162,"relics_obtained":[{"floor":6,"key":"Smiling Mask"},{"floor":9,"key":"Molten Egg 2"},{"floor":10,"key":"Shovel"},{"floor":13,"key":"The Courier"},{"floor":26,"key":"Omamori"},{"floor":40,"key":"Pear"},{"floor":43,"key":"Lantern"},{"floor":45,"key":"Bag of Marbles"}],"event_choices":[{"damage_healed":0,"gold_gain":75,"player_choice":"Gather Gold","damage_taken":11,"max_hp_gain":0,"max_hp_loss":0,"event_name":"World of Goop","floor":2,"gold_loss":0},{"damage_healed":0,"gold_gain":0,"player_choice":"Entered Light","damage_taken":13,"max_hp_gain":0,"max_hp_loss":0,"event_name":"Shining Light","floor":5,"gold_loss":0,"cards_upgraded":["Defend_G","Defend_G"]},{"damage_healed":15,"gold_gain":0,"player_choice":"Healed","damage_taken":0,"max_hp_gain":0,"max_hp_loss":0,"event_name":"The Cleric","floor":14,"gold_loss":35},{"damage_healed":0,"gold_gain":0,"player_choice":"Rummage","damage_taken":0,"relics_obtained":["WarpedTongs"],"max_hp_gain":0,"max_hp_loss":0,"event_name":"Accursed Blacksmith","floor":24,"gold_loss":0,"cards_obtained":["Pain"]},{"cards_removed":["Flying Knee"],"damage_healed":0,"gold_gain":0,"player_choice":"Gave Card","damage_taken":0,"relics_obtained":["Prayer Wheel"],"max_hp_gain":0,"max_hp_loss":0,"event_name":"WeMeetAgain","floor":39,"gold_loss":0}],"is_beta":false,"boss_relics":[{"not_picked":["Tiny House","Calling Bell"],"picked":"Pandora\u0027s Box"},{"not_picked":["Runic Dome","WristBlade"],"picked":"Fusion Hammer"}],"items_purged_floors":[20,37],"is_endless":false,"potions_floor_spawned":[1,3,10,13,21,30,36,38,40,47],"ascension_level":5}