{"gold_per_floor":[110,125,136,136,147,172,44,44,89,89,63,63,93,268,268,367,367,387,400,231,231,231,257,257,257],"floor_reached":25,"playtime":1573,"items_purged":["Strike_B","Doubt"],"score":284,"play_id":"38ff78c5-9712-4698-817d-ac5ee8800b98","local_time":"20190303154540","is_ascension_mode":true,"campfire_choices":[{"data":"Hologram","floor":10,"key":"SMITH"},{"data":"Coolheaded","floor":12,"key":"SMITH"},{"data":"Echo Form","floor":15,"key":"SMITH"},{"floor":24,"key":"REST"}],"neow_cost":"NONE","seed_source_timestamp":230265203440721,"circlet_count":0,"master_deck":["Strike_B","Strike_B","Strike_B","Defend_B","Defend_B","Defend_B","Defend_B","Zap","Dualcast","Genetic Algorithm","Cold Snap","Conserve Battery","Streamline","Undo","Hologram+1","Coolheaded+1","Echo Form+1","Core Surge","Glacier","Conserve Battery","Static Discharge","Buffer"],"relics":["Cracked Core","Strawberry","Ornamental Fan","Ancient Tea Set","Turnip","Philosopher\u0027s Stone","Enchiridion","Blue Candle","Juzu Bracelet"],"potions_floor_usage":[18],"damage_taken":[{"damage":5,"enemies":"2 Louse","floor":1,"turns":3},{"damage":1,"enemies":"Cultist","floor":2,"turns":3},{"damage":2,"enemies":"Jaw Worm","floor":3,"turns":3},{"damage":7,"enemies":"3 Louse","floor":5,"turns":3},{"damage":30,"enemies":"3 Sentries","floor":6,"turns":8},{"damage":12,"enemies":"Lagavulin","floor":13,"turns":6},{"damage":34,"enemies":"Slime Boss","floor":16,"turns":12},{"damage":24,"enemies":"2 Thieves","floor":18,"turns":5},{"damage":0,"enemies":"Spheric Guardian","floor":19,"turns":4},{"damage":22,"enemies":"Gremlin Leader","floor":23,"turns":5},{"damage":34,"enemies":"Chosen and Byrds","floor":25,"turns":8}],"seed_played":"5193883285172976274","potions_obtained":[{"floor":3,"key":"GamblersBrew"},{"floor":5,"key":"FairyPotion"},{"floor":16,"key":"SneckoOil"},{"floor":23,"key":"SteroidPotion"}],"is_trial":false,"path_per_floor":["M","M","M","?","M","E","$","T","T","R","$","R","E","?","R","B",null,"M","M","$","?","?","E","R","M"],"character_chosen":"DEFECT","items_purchased":["Hologram","Coolheaded","Static Discharge"],"campfire_rested":1,"item_purchase_floors":[7,11,20],"current_hp_per_floor":[70,69,67,75,68,45,45,45,45,45,45,45,33,33,33,8,64,40,40,40,24,24,2,26,0],"gold":257,"neow_bonus":"THREE_CARDS","is_prod":false,"is_daily":false,"chose_seed":false,"campfire_upgraded":3,"win_rate":0,"timestamp":1551624340,"path_taken":["M","M","M","?","M","E","$","?","T","R","?","R","E","?","R","BOSS","M","M","$","?","?","E","R","M"],"build_version":"2019-01-23","purchased_purges":2,"victory":false,"max_hp_per_floor":[75,75,75,75,75,82,82,82,82,82,82,82,82,82,82,82,82,82,82,82,82,82,82,82,82],"card_choices":[{"not_picked":["Leap","Go for the Eyes"],"picked":"Genetic Algorithm","floor":0},{"not_picked":["Compile Driver","Steam"],"picked":"Beam Cell","floor":1},{"not_picked":["Genetic Algorithm","Go for the Eyes"],"picked":"Cold Snap","floor":2},{"not_picked":["Beam Cell","Streamline"],"picked":"Conserve Battery","floor":3},{"not_picked":["Leap","Melter"],"picked":"Streamline","floor":5},{"not_picked":["Melter","Gash"],"picked":"Undo","floor":6},{"not_picked":["Heatsinks","Hologram"],"picked":"Echo Form","floor":13},{"not_picked":["Hyperbeam","Thunder Strike"],"picked":"Core Surge","floor":16},{"not_picked":["Coolheaded","Rebound"],"picked":"Glacier","floor":18},{"not_picked":["Darkness+1","Leap"],"picked":"Conserve Battery","floor":19},{"not_picked":["Turbo+1","Consume"],"picked":"Buffer","floor":23}],"player_experience":178671,"relics_obtained":[{"floor":6,"key":"Strawberry"},{"floor":8,"key":"Ornamental Fan"},{"floor":9,"key":"Ancient Tea Set"},{"floor":13,"key":"Turnip"},{"floor":21,"key":"Enchiridion"},{"floor":23,"key":"Juzu Bracelet"}],"event_choices":[{"damage_healed":8,"gold_gain":0,"player_choice":"Full Heal","damage_taken":0,"max_hp_gain":0,"max_hp_loss":0,"event_name":"Wheel of Change","floor":4,"gold_loss":0},{"damage_healed":0,"gold_gain":175,"player_choice":"AGREE","damage_taken":0,"max_hp_gain":0,"max_hp_loss":0,"event_name":"Liars Game","floor":14,"gold_loss":0,"cards_obtained":["Doubt"]},{"damage_healed":0,"gold_gain":0,"player_choice":"Obtained Book","damage_taken":16,"max_hp_gain":0,"max_hp_loss":0,"event_name":"Cursed Tome","floor":21,"gold_loss":0},{"cards_removed":["Beam Cell"],"damage_healed":0,"gold_gain":0,"player_choice":"Gave Card","damage_taken":0,"relics_obtained":["Blue Candle"],"max_hp_gain":0,"max_hp_loss":0,"event_name":"WeMeetAgain","floor":22,"gold_loss":0}],"is_beta":false,"boss_relics":[{"not_picked":["Calling Bell","Ectoplasm"],"picked":"Philosopher\u0027s Stone"}],"items_purged_floors":[7,20],"is_endless":false,"potions_floor_spawned":[3,5,16,23],"killed_by":"Chosen and Byrds","ascension_level":5}