{"path_per_floor":["M","M","?","?","M","R","E","R","T","M","M","M","?","M","R","B",null,"M","M","?","$","M"],"character_chosen":"IRONCLAD","items_purchased":["Vajra","Pantograph","Trip"],"gold_per_floor":[112,131,131,131,151,151,194,194,244,264,287,310,375,396,396,517,555,580,600,600,24,48],"floor_reached":23,"campfire_rested":0,"playtime":1444,"current_hp_per_floor":[80,75,74,74,74,74,59,59,59,63,69,74,66,61,61,30,79,79,58,42,42,24],"items_purged":["Defend_R"],"gold":48,"play_id":"f2c96784-46c6-4228-9155-060120411e14","is_prod":false,"is_daily":false,"is_ascension_mode":false,"campfire_upgraded":3,"path_taken":["M","M","?","?","M","R","E","R","T","M","M","M","?","?","R","BOSS","M","M","?","$","?","E"],"build_version":"2018-01-25-PROD3","purchased_purges":1,"victory":false,"master_deck":["Strike_R","Strike_R","Strike_R","Strike_R","Strike_R","Defend_R","Defend_R","Defend_R","Bash","Bludgeon+1","Clash","Metallicize","Clash","Metallicize+1","Seeing Red+1","Flex","Headbutt","Feed","Rampage","Clash","Sever Soul+1","Trip","Flex"],"max_hp_per_floor":[80,80,74,74,74,74,74,74,74,74,74,74,74,74,74,74,79,79,79,79,79,79],"relics":["Burning Blood","Golden Idol","Bag of Marbles","Omamori","Ancient Tea Set","Tiny House","Enchiridion","Vajra","Pantograph"],"card_choices":[{"not_picked":["Heavy Blade","Burning Pact"],"picked":"Clash"},{"not_picked":["Sword Boomerang","True Grit"],"picked":"Metallicize"},{"not_picked":["Reckless Charge","Searing Blow"],"picked":"Clash"},{"not_picked":["Anger","Brutality"],"picked":"Metallicize"},{"not_picked":["Metallicize","Cleave"],"picked":"Seeing Red"},{"not_picked":["Cleave","Rampage"],"picked":"Flex"},{"not_picked":["Intimidate","Shrug It Off"],"picked":"Headbutt"},{"not_picked":["Demon Form","Berserk"],"picked":"Feed"},{"not_picked":["Flex","Flame Barrier"],"picked":"Rampage"},{"not_picked":["Sword Boomerang","Shrug It Off"],"picked":"Clash"},{"not_picked":["Burning Pact","Body Slam"],"picked":"Sever Soul"},{"not_picked":["Armaments","Fiend Fire"],"picked":"Flex"}],"player_experience":197368,"potions_floor_usage":[22,23],"damage_taken":[{"damage":0,"enemies":"2 Louse","floor":1,"turns":3},{"damage":11,"enemies":"Jaw Worm","floor":2,"turns":2},{"damage":0,"enemies":"Small Slimes","floor":5,"turns":3},{"damage":21,"enemies":"3 Sentries","floor":7,"turns":4},{"damage":2,"enemies":"2 Fungi Beasts","floor":10,"turns":3},{"damage":0,"enemies":"Exordium Wildlife","floor":11,"turns":3},{"damage":0,"enemies":"3 Louse","floor":12,"turns":3},{"damage":14,"enemies":"Lagavulin Event","floor":13,"turns":4},{"damage":11,"enemies":"Large Slime","floor":14,"turns":2},{"damage":37,"enemies":"Hexaghost","floor":16,"turns":7},{"damage":0,"enemies":"Spheric Guardian","floor":18,"turns":2},{"damage":27,"enemies":"2 Thieves","floor":19,"turns":4},{"damage":24,"enemies":"Sentry and Sphere","floor":22,"turns":4},{"damage":25,"enemies":"Book of Stabbing","floor":23,"turns":3}],"event_choices":[{"event_name":"Golden Idol","player_choice":"Lose Max HP","floor":3,"damage_taken":0},{"event_name":"Liars Game","player_choice":"disagreed","floor":4,"damage_taken":0},{"event_name":"Dead Adventurer","player_choice":"Searched \u00273\u0027 times","floor":13,"damage_taken":0},{"event_name":"Cursed Tome","player_choice":"Obtained Book","floor":20,"damage_taken":0}],"boss_relics":[{"not_picked":["Velvet Choker","Calling Bell"],"picked":"Tiny House"}],"potions_floor_spawned":[2,5,7,11,16,18,19],"seed_played":"-5722714973490878705","killed_by":"Book of Stabbing","ascension_level":0,"is_trial":false}