{"gold_per_floor":[112,127,127,140,152,181,181,211,211,176,189,189,201,201,201,303,303,321,336,6,23,23,23,57,57,57,89,9,28,28,59,59,162,162,175,175,397,416,426,426,442,442,442,455,72,72,117,151,151,151],"floor_reached":50,"playtime":3390,"items_purged":["Strike_B","Strike_B"],"score":679,"play_id":"baf702af-4620-49da-a626-8fa6596f2764","local_time":"20180716145447","is_ascension_mode":true,"campfire_choices":[{"data":"Zap","floor":7,"key":"SMITH"},{"floor":12,"key":"DIG"},{"floor":15,"key":"DIG"},{"floor":23,"key":"DIG"},{"floor":25,"key":"DIG"},{"floor":30,"key":"DIG"},{"floor":32,"key":"REST"},{"floor":40,"key":"DIG"},{"floor":42,"key":"DIG"},{"floor":46,"key":"DIG"},{"floor":49,"key":"REST"}],"neow_cost":"","seed_source_timestamp":43775842766691,"circlet_count":0,"master_deck":["Zap+1","Dualcast","Compile Driver","Cold Snap","Beam Cell","Ball Lightning","Electrodynamics","Seek","Steam","Reboot","Biased Cognition","Defragment","Loop","White Noise","Leap","Conserve Battery","Capacitor","Hologram","Leap","Core Surge","Leap","Buffer+1","FTL","Redo","Steam Power","Gash","Double Energy","Conserve Battery","FTL","White Noise","Hologram","Fission","BootSequence+1","Force Field"],"relics":["Cracked Core","Bottled Flame","Shovel","The Courier","Gremlin Horn","Pen Nib","Fusion Hammer","Boot","Red Mask","Mummified Hand","Happy Flower","Cables","Frozen Egg 2","Blood Vial","Pandora\u0027s Box","Pear","Matryoshka","Art of War","Dodecahedron","Ancient Tea Set","Potion Belt","Turnip","Du-Vu Doll","Dream Catcher"],"potions_floor_usage":[16,16,19,24,35,50,50,50],"damage_taken":[{"damage":5,"enemies":"2 Louse","floor":1,"turns":2},{"damage":10,"enemies":"Small Slimes","floor":2,"turns":3},{"damage":0,"enemies":"Cultist","floor":4,"turns":3},{"damage":7,"enemies":"Exordium Wildlife","floor":5,"turns":3},{"damage":26,"enemies":"Lagavulin","floor":6,"turns":5},{"damage":4,"enemies":"3 Sentries","floor":8,"turns":2},{"damage":4,"enemies":"Looter","floor":11,"turns":2},{"damage":3,"enemies":"Exordium Thugs","floor":13,"turns":3},{"damage":37,"enemies":"The Guardian","floor":16,"turns":9},{"damage":0,"enemies":"Spheric Guardian","floor":18,"turns":2},{"damage":10,"enemies":"2 Thieves","floor":19,"turns":2},{"damage":0,"enemies":"3 Cultists","floor":21,"turns":3},{"damage":14,"floor":24,"turns":4},{"damage":0,"enemies":"Gremlin Leader","floor":27,"turns":6},{"damage":0,"enemies":"Sentry and Sphere","floor":29,"turns":3},{"damage":8,"enemies":"Slavers","floor":31,"turns":3},{"damage":23,"enemies":"Automaton","floor":33,"turns":8},{"damage":2,"enemies":"Orb Walker","floor":35,"turns":3},{"damage":0,"enemies":"Flame Bruiser 1 Orb","floor":38,"turns":4},{"damage":0,"enemies":"Spire Growth","floor":39,"turns":4},{"damage":0,"enemies":"Sphere and 2 Shapes","floor":41,"turns":3},{"damage":21,"enemies":"3 Darklings","floor":44,"turns":4},{"damage":0,"floor":47,"turns":3},{"damage":30,"enemies":"Nemesis","floor":48,"turns":5},{"damage":83,"enemies":"Awakened One","floor":50,"turns":7}],"seed_played":"1142374315075974446","potions_obtained":[{"floor":1,"key":"Poison Potion"},{"floor":6,"key":"Weak Potion"},{"floor":13,"key":"SpeedPotion"},{"floor":19,"key":"Poison Potion"},{"floor":24,"key":"FearPotion"},{"floor":27,"key":"Fire Potion"},{"floor":38,"key":"LiquidBronze"},{"floor":44,"key":"LiquidBronze"},{"floor":47,"key":"PowerPotion"},{"floor":48,"key":"Poison Potion"}],"is_trial":false,"path_per_floor":["M","M","?","M","M","E","R","E","T","?","M","R","M","?","R","B",null,"M","M","$","M","?","R","?","R","T","E","$","M","R","E","R","B",null,"M","?","?","M","M","R","M","R","T","M","$","R","?","E","R"],"character_chosen":"DEFECT","items_purchased":["Defragment","Loop","White Noise","Leap","Conserve Battery","Hologram","Fission","Ancient Tea Set","Potion Belt"],"campfire_rested":2,"item_purchase_floors":[20,20,20,20,20,45,45,45,45],"current_hp_per_floor":[70,60,65,65,58,32,32,28,28,48,44,44,41,41,41,4,80,80,70,70,70,70,70,56,56,56,56,56,56,56,55,79,57,80,78,78,78,80,80,90,90,90,90,69,69,69,71,43,70,0],"gold":151,"neow_bonus":"","is_prod":false,"is_daily":false,"chose_seed":false,"campfire_upgraded":1,"win_rate":0,"timestamp":1531733087,"path_taken":["M","M","?","M","M","E","R","E","T","?","?","R","M","?","R","BOSS","M","M","$","M","?","R","?","R","T","E","$","M","R","E","R","BOSS","M","?","?","?","M","R","M","R","T","M","$","R","?","E","R","BOSS"],"build_version":"2018-07-13","purchased_purges":2,"victory":false,"max_hp_per_floor":[75,75,80,80,80,80,80,80,80,80,80,80,80,80,80,80,80,80,80,80,80,80,80,80,80,80,80,80,80,80,80,80,80,80,80,80,80,80,80,90,90,90,90,90,90,90,90,90,90,90],"card_choices":[{"not_picked":["Static Discharge","Chill"],"picked":"Compile Driver","floor":1},{"not_picked":["Barrage","Leap"],"picked":"Cold Snap","floor":2},{"not_picked":["Recycle","Aggregate"],"picked":"Beam Cell","floor":4},{"not_picked":["Auto Shields","Coolheaded"],"picked":"Ball Lightning","floor":5},{"not_picked":["Recycle","Sweeping Beam"],"picked":"Electrodynamics","floor":6},{"not_picked":["Ball Lightning","Go for the Eyes"],"picked":"Seek","floor":8},{"not_picked":["Redo","Tempest"],"picked":"Steam","floor":11},{"not_picked":["Cold Snap","Steam"],"picked":"Reboot","floor":13},{"not_picked":["Reboot","Hyperbeam"],"picked":"Biased Cognition","floor":16},{"not_picked":["Ball Lightning","Cold Snap+1","Compile Driver"],"picked":"SKIP","floor":18},{"not_picked":["Leap","Tempest","Reinforced Body"],"picked":"SKIP","floor":19},{"not_picked":["Turbo","Rainbow"],"picked":"Capacitor","floor":21},{"not_picked":["Gash","Beam Cell+1"],"picked":"Leap","floor":24},{"not_picked":["Doom and Gloom","Redo+1"],"picked":"Core Surge","floor":27},{"not_picked":["Skim","Lockon"],"picked":"Leap","floor":29},{"not_picked":["Hologram","Rebound","Tempest+1"],"picked":"SKIP","floor":31},{"not_picked":["Hyperbeam","Electrodynamics+1"],"picked":"Buffer+1","floor":33},{"not_picked":["Steam+1","Coolheaded"],"picked":"Conserve Battery","floor":35},{"not_picked":["Streamline","Sweeping Beam+1","Rebound+1"],"picked":"SKIP","floor":38},{"not_picked":["Rip and Tear","Reinforced Body"],"picked":"FTL","floor":39},{"not_picked":["Ball Lightning","Storm+1","Leap"],"picked":"SKIP","floor":41},{"not_picked":["Coolheaded","Recycle"],"picked":"White Noise","floor":44},{"not_picked":["Go for the Eyes","Barrage+1"],"picked":"BootSequence+1","floor":47},{"not_picked":["Rebound+1","Steam","BootSequence"],"picked":"SKIP","floor":48},{"not_picked":["Electrodynamics+1","Redo+1"],"picked":"Force Field","floor":49}],"player_experience":225420,"relics_obtained":[{"floor":6,"key":"Bottled Flame"},{"floor":8,"key":"Shovel"},{"floor":9,"key":"The Courier"},{"floor":12,"key":"Gremlin Horn"},{"floor":15,"key":"Pen Nib"},{"floor":23,"key":"Boot"},{"floor":24,"key":"Red Mask"},{"floor":25,"key":"Mummified Hand"},{"floor":26,"key":"Happy Flower"},{"floor":27,"key":"Cables"},{"floor":30,"key":"Frozen Egg 2"},{"floor":31,"key":"Blood Vial"},{"floor":40,"key":"Pear"},{"floor":42,"key":"Matryoshka"},{"floor":43,"key":"Art of War"},{"floor":43,"key":"Dodecahedron"},{"floor":46,"key":"Turnip"},{"floor":47,"key":"Du-Vu Doll"},{"floor":48,"key":"Dream Catcher"}],"event_choices":[{"event_name":"Big Fish","player_choice":"Donut","floor":3,"damage_taken":0},{"event_name":"The Cleric","player_choice":"Healed","floor":10,"damage_taken":0},{"event_name":"Liars Game","player_choice":"disagreed","floor":14,"damage_taken":0},{"event_name":"The Library","player_choice":"Read","floor":22,"damage_taken":0},{"event_name":"Masked Bandits","player_choice":"Fought over 23 gold","floor":24,"damage_taken":0},{"event_name":"Falling","player_choice":"Removed Attack","floor":36,"damage_taken":0},{"event_name":"Tomb of Lord Red Mask","player_choice":"Wore Mask","floor":37,"damage_taken":0},{"event_name":"Mysterious Sphere","player_choice":"Fight","floor":47,"damage_taken":0}],"boss_relics":[{"not_picked":["Ectoplasm","Runic Dome"],"picked":"Fusion Hammer"},{"not_picked":["Runic Pyramid","Calling Bell"],"picked":"Pandora\u0027s Box"}],"items_purged_floors":[20,28],"is_endless":false,"potions_floor_spawned":[1,6,13,19,24,27,38,44,47,48],"killed_by":"Awakened One","ascension_level":4}