{"gold_per_floor":[117,127,127,140,150,182,182,207,207,7,19,19,19],"floor_reached":13,"playtime":817,"items_purged":[],"score":109,"play_id":"4b5fef29-dffe-43bb-9061-ed0f22679c9e","local_time":"20190227145637","is_ascension_mode":true,"campfire_choices":[{"floor":7,"key":"REST"}],"neow_cost":"NONE","seed_source_timestamp":67637495739720,"circlet_count":0,"master_deck":["Defend_G","Defend_G","Defend_G","Defend_G","Defend_G","Strike_G","Strike_G","Strike_G","Strike_G","Survivor","Neutralize","Dagger Throw","Skewer","Slice","Noxious Fumes+1","Deadly Poison","Envenom"],"relics":["Ring of the Snake","Dead Branch","Boot","Gremlin Horn","Membership Card"],"potions_floor_usage":[6],"damage_taken":[{"damage":4,"enemies":"Small Slimes","floor":1,"turns":4},{"damage":0,"enemies":"Cultist","floor":2,"turns":3},{"damage":1,"enemies":"Jaw Worm","floor":4,"turns":3},{"damage":16,"enemies":"Exordium Wildlife","floor":5,"turns":7},{"damage":27,"enemies":"3 Sentries","floor":6,"turns":6},{"damage":27,"enemies":"Gremlin Nob","floor":8,"turns":5},{"damage":4,"enemies":"Blue Slaver","floor":11,"turns":4},{"damage":22,"enemies":"3 Sentries","floor":13,"turns":4}],"seed_played":"-8394006639160088398","potions_obtained":[{"floor":2,"key":"AttackPotion"},{"floor":6,"key":"LiquidBronze"},{"floor":8,"key":"Dexterity Potion"}],"is_trial":false,"path_per_floor":["M","M","?","M","M","E","R","E","T","$","M","?","E"],"character_chosen":"THE_SILENT","items_purchased":["Membership Card"],"campfire_rested":1,"item_purchase_floors":[10],"current_hp_per_floor":[73,73,73,72,56,29,52,25,25,25,21,21,0],"gold":19,"neow_bonus":"TEN_PERCENT_HP_BONUS","is_prod":false,"is_daily":false,"chose_seed":false,"campfire_upgraded":0,"win_rate":0,"timestamp":1551275797,"path_taken":["M","M","?","?","M","E","R","E","T","$","M","?","E"],"build_version":"2019-01-23","purchased_purges":0,"victory":false,"max_hp_per_floor":[77,77,77,77,77,77,77,77,77,77,77,77,77],"card_choices":[{"not_picked":["Crippling Poison","Acrobatics"],"picked":"Dagger Throw","floor":1},{"not_picked":["Flechettes","Expertise"],"picked":"Skewer","floor":2},{"not_picked":["Acrobatics","Flying Knee"],"picked":"Slice","floor":4},{"not_picked":["Outmaneuver","Sucker Punch"],"picked":"Noxious Fumes","floor":5},{"not_picked":["Flechettes","Sucker Punch"],"picked":"Deadly Poison","floor":6},{"not_picked":["Bullet Time","Poisoned Stab"],"picked":"Envenom","floor":8},{"not_picked":["Quick Slash","Concentrate","Acrobatics"],"picked":"SKIP","floor":11}],"player_experience":149255,"relics_obtained":[{"floor":6,"key":"Dead Branch"},{"floor":8,"key":"Boot"},{"floor":9,"key":"Gremlin Horn"}],"event_choices":[{"cards_removed":["Strike_G"],"damage_healed":0,"gold_gain":0,"player_choice":"Purged","damage_taken":0,"max_hp_gain":0,"max_hp_loss":0,"event_name":"Purifier","floor":3,"gold_loss":0},{"damage_healed":0,"gold_gain":0,"player_choice":"Grow","damage_taken":0,"max_hp_gain":0,"max_hp_loss":0,"event_name":"Living Wall","floor":12,"gold_loss":0,"cards_upgraded":["Noxious Fumes"]}],"is_beta":false,"boss_relics":[],"items_purged_floors":[],"is_endless":false,"potions_floor_spawned":[2,6,8],"killed_by":"3 Sentries","ascension_level":3}