{"path_per_floor":["M","$","?","?","?","E","M","R","T","E","R","?","E","M","R","B",null,"M","?","M","M","T","E","R","$","T","R","M","M","$","M","R","B",null,"M","?","?","M","$","E","R","E","T","M","T","R","M","E","R","B"],"character_chosen":"IRONCLAD","items_purchased":["Brutality","Gremlin Horn"],"gold_per_floor":[116,41,41,141,141,172,188,188,188,214,214,214,246,261,261,363,363,373,373,390,409,409,439,439,52,82,82,94,111,11,31,31,126,126,140,194,194,210,85,115,115,148,228,244,244,244,264,295,295,295],"floor_reached":51,"campfire_rested":3,"playtime":4042,"current_hp_per_floor":[78,78,71,71,71,77,80,80,80,60,60,60,49,58,58,48,72,80,64,61,56,56,26,50,50,50,50,55,36,36,49,73,69,77,76,59,49,56,56,58,58,66,66,65,65,65,64,32,56,37],"items_purged":["Defend_R","Normality","Clash"],"gold":295,"play_id":"47f9592f-c498-4604-96c8-37dd3003c9c4","is_prod":false,"is_daily":false,"is_ascension_mode":true,"campfire_upgraded":6,"path_taken":["M","?","?","?","?","E","?","R","T","E","R","?","E","M","R","BOSS","M","?","M","M","?","E","R","$","T","R","?","M","$","M","R","BOSS","M","?","?","M","$","E","R","E","T","M","?","R","?","E","R","BOSS"],"build_version":"2018-01-25-PROD3","purchased_purges":3,"victory":true,"master_deck":["Bash","Iron Wave","Metallicize+1","Entrench+1","Shockwave","Armaments+1","Demon Form+1","Flame Barrier","Necronomicurse","Body Slam+1","Brutality+1","Whirlwind+1","Rupture+1","Dual Wield","Power Through","Bloodletting","Twin Strike","Twin Strike","Spot Weakness","Headbutt","Havoc+1","Blood for Blood","Madness","Madness","Juggernaut+1"],"max_hp_per_floor":[80,80,80,80,80,80,80,80,80,80,80,80,80,80,80,80,80,80,80,80,80,80,80,80,80,80,80,80,80,80,80,80,80,80,80,80,80,80,80,80,80,80,80,80,80,80,80,80,80,80],"relics":["Black Blood","NeowsBlessing","Toolbox","Magic Flower","Thread and Needle","Bag of Preparation","Ornamental Fan","Happy Flower","Necronomicon","Bottled Tornado","Charon\u0027s Ashes","Gremlin Horn","Tiny Chest","Pandora\u0027s Box","Calipers","Ancient Tea Set","Red Skull","Blue Candle","Bottled Flame","Art of War"],"card_choices":[{"not_picked":["Anger","Pummel"],"picked":"Iron Wave"},{"not_picked":["Armaments","Shrug It Off"],"picked":"Metallicize"},{"not_picked":["Impervious","Heavy Blade"],"picked":"Entrench"},{"not_picked":["Perfected Strike","Clothesline"],"picked":"Shockwave"},{"not_picked":["Sword Boomerang","Infernal Blade"],"picked":"Armaments"},{"not_picked":["Brutality","Double Tap"],"picked":"Demon Form"},{"not_picked":["Havoc","Sword Boomerang"],"picked":"Flame Barrier"},{"not_picked":["Sword Boomerang","Clash"],"picked":"Body Slam"},{"not_picked":["Flex","Disarm"],"picked":"Whirlwind"},{"not_picked":["Thunderclap","Burning Pact"],"picked":"Rupture"},{"not_picked":["Intimidate","Headbutt"],"picked":"Havoc"},{"not_picked":["Headbutt","Cleave"],"picked":"Blood for Blood"},{"not_picked":["Flex","Rage"],"picked":"Juggernaut"}],"player_experience":224136,"potions_floor_usage":[40,42,50,50,50],"damage_taken":[{"damage":0.0,"enemies":"Blue Slaver","floor":1.0,"turns":1.0},{"damage":0.0,"enemies":"Gremlin Nob","floor":6.0,"turns":1.0},{"damage":0.0,"enemies":"Small Slimes","floor":7.0,"turns":1.0},{"damage":29.0,"enemies":"Lagavulin","floor":10.0,"turns":7.0},{"damage":20.0,"enemies":"3 Sentries","floor":13.0,"turns":11.0},{"damage":0.0,"enemies":"Cultist","floor":14.0,"turns":3.0},{"damage":19.0,"enemies":"Slime Boss","floor":16.0,"turns":14.0},{"damage":5.0,"enemies":"Chosen","floor":18.0,"turns":7.0},{"damage":18.0,"enemies":"Spheric Guardian","floor":20.0,"turns":6.0},{"damage":20.0,"enemies":"Snake Plant","floor":21.0,"turns":4.0},{"damage":45.0,"enemies":"Slavers","floor":23.0,"turns":10.0},{"damage":10.0,"enemies":"3 Cultists","floor":28.0,"turns":6.0},{"damage":34.0,"enemies":"Chosen and Byrds","floor":29.0,"turns":8.0},{"damage":2.0,"enemies":"Centurion and Healer","floor":31.0,"turns":3.0},{"damage":19.0,"enemies":"Collector","floor":33.0,"turns":7.0},{"damage":16,"enemies":"3 Shapes","floor":35,"turns":2},{"damage":32,"enemies":"Mysterious Sphere","floor":36,"turns":2},{"damage":8,"enemies":"Orb Walker","floor":38,"turns":3},{"damage":13,"enemies":"Nemesis","floor":40,"turns":4},{"damage":7,"enemies":"Giant Head","floor":42,"turns":5},{"damage":16,"enemies":"Sphere and 2 Shapes","floor":44,"turns":4},{"damage":16,"enemies":"Maw","floor":47,"turns":6},{"damage":47,"enemies":"2 Orb Walkers","floor":48,"turns":4},{"damage":34,"enemies":"Donu and Deca","floor":50,"turns":6}],"event_choices":[{"event_name":"Scrap Ooze","player_choice":"success","floor":3.0,"damage_taken":7.0},{"event_name":"Golden Shrine","player_choice":"Pray","floor":4.0,"damage_taken":0.0},{"event_name":"Liars Game","player_choice":"disagreed","floor":5.0,"damage_taken":0.0},{"event_name":"Accursed Blacksmith","player_choice":"Rummage","floor":12.0,"damage_taken":0.0},{"event_name":"Cursed Tome","player_choice":"Obtained Book","floor":19.0,"damage_taken":0.0},{"event_name":"Mysterious Sphere","player_choice":"Fight","floor":36,"damage_taken":0},{"event_name":"Winding Halls","player_choice":"Embrace Madness","floor":37,"damage_taken":0}],"boss_relics":[],"potions_floor_spawned":[6,10,16,18,20,28,29,33,35,40,42,44],"seed_played":"-3606741939972005582","ascension_level":6,"is_trial":false}