{"gold_per_floor":[14,114,125,135,147,179,179,209,209,20,20,40,54,74,74,174,174,184,195,195,195,205,205],"floor_reached":23,"playtime":1526,"items_purged":["Strike_B"],"score":292,"play_id":"4695530d-512b-4da8-a26e-d2b4432ee575","local_time":"20180728122454","is_ascension_mode":true,"campfire_choices":[{"data":"Zap","floor":7,"key":"SMITH"},{"data":"Undo","floor":11,"key":"SMITH"},{"data":"Rip and Tear","floor":15,"key":"SMITH"}],"neow_cost":"NO_GOLD","seed_source_timestamp":5414664521170,"circlet_count":0,"master_deck":["Strike_B","Defend_B","Defend_B","Defend_B","Defend_B","Zap+1","Dualcast","Core Surge","Undo+1","Rip and Tear+1","Self Repair","Ball Lightning","Cold Snap","Conserve Battery","Self Repair","Cold Snap","Steam","Electrodynamics","Undo"],"relics":["Cracked Core","Darkstone Periapt","Smiling Mask","Singing Bowl","Empty Cage"],"potions_floor_usage":[8,18,23,23],"damage_taken":[{"damage":7,"enemies":"Jaw Worm","floor":1,"turns":2},{"damage":1,"enemies":"Cultist","floor":3,"turns":3},{"damage":0,"enemies":"2 Louse","floor":4,"turns":1},{"damage":8,"enemies":"Blue Slaver","floor":5,"turns":3},{"damage":32,"enemies":"Gremlin Nob","floor":6,"turns":4},{"damage":21,"enemies":"Lagavulin","floor":8,"turns":5},{"damage":0,"enemies":"Exordium Wildlife","floor":12,"turns":6},{"damage":24,"enemies":"Exordium Thugs","floor":13,"turns":5},{"damage":2,"enemies":"Looter","floor":14,"turns":3},{"damage":7,"enemies":"The Guardian","floor":16,"turns":14},{"damage":12,"enemies":"3 Byrds","floor":18,"turns":3},{"damage":21,"enemies":"2 Thieves","floor":19,"turns":4},{"damage":15,"enemies":"Centurion and Healer","floor":22,"turns":8},{"damage":50,"enemies":"Slavers","floor":23,"turns":4}],"seed_played":"-1143719165205208720","potions_obtained":[{"floor":3,"key":"SkillPotion"},{"floor":4,"key":"Ancient Potion"},{"floor":6,"key":"FearPotion"},{"floor":8,"key":"SneckoOil"},{"floor":21,"key":"Strength Potion"},{"floor":21,"key":"Strength Potion"},{"floor":21,"key":"Weak Potion"}],"is_trial":false,"path_per_floor":["M","?","M","M","M","E","R","E","T","$","R","M","M","M","R","B",null,"M","M","?","?","M"],"character_chosen":"DEFECT","items_purchased":["Self Repair","Cold Snap","Steam"],"campfire_rested":0,"item_purchase_floors":[10,10,10],"current_hp_per_floor":[61,61,60,60,59,34,34,20,20,20,20,36,28,35,35,42,71,68,61,45,45,46,0],"gold":205,"neow_bonus":"THREE_RARE_CARDS","is_prod":false,"is_daily":false,"chose_seed":false,"campfire_upgraded":3,"win_rate":0,"timestamp":1532760894,"path_taken":["M","?","M","M","?","E","R","E","T","?","R","?","M","M","R","BOSS","M","M","?","?","M","E"],"build_version":"2018-07-26","purchased_purges":1,"victory":false,"max_hp_per_floor":[75,75,75,75,75,75,75,75,75,75,75,77,79,81,81,81,81,83,83,88,88,90,90],"card_choices":[{"not_picked":["Meteor Strike","Thunder Strike"],"picked":"Core Surge","floor":0},{"not_picked":["Gash","Melter"],"picked":"Undo","floor":1},{"not_picked":["Steam","Tempest"],"picked":"Rip and Tear","floor":3},{"not_picked":["Fusion","BootSequence"],"picked":"Self Repair","floor":4},{"not_picked":["Coolheaded","Gash"],"picked":"Ball Lightning","floor":5},{"not_picked":["Coolheaded","Stack"],"picked":"Cold Snap","floor":6},{"not_picked":["Chill","Meteor Strike"],"picked":"Conserve Battery","floor":8},{"not_picked":["Streamline","Go for the Eyes","Barrage"],"picked":"Singing Bowl","floor":12},{"not_picked":["Force Field","Stack","Compile Driver"],"picked":"Singing Bowl","floor":13},{"not_picked":["Heatsinks","Reprogram","Redo"],"picked":"Singing Bowl","floor":14},{"not_picked":["Buffer","Creative AI"],"picked":"Electrodynamics","floor":16},{"not_picked":["Steam","Streamline","Coolheaded"],"picked":"Singing Bowl","floor":18},{"not_picked":["Skim+1","Barrage+1"],"picked":"Undo","floor":19},{"not_picked":["Steam+1","FTL","Fusion"],"picked":"Singing Bowl","floor":22}],"player_experience":342927,"relics_obtained":[{"floor":6,"key":"Darkstone Periapt"},{"floor":8,"key":"Smiling Mask"},{"floor":9,"key":"Singing Bowl"}],"event_choices":[{"event_name":"Golden Shrine","player_choice":"Pray","floor":2,"damage_taken":0},{"event_name":"Forgotten Altar","player_choice":"Shed Blood","floor":20,"damage_taken":0},{"event_name":"The Lab","player_choice":"Got Potions","floor":21,"damage_taken":0}],"is_beta":true,"boss_relics":[{"not_picked":["Lizard Tail","Ectoplasm"],"picked":"Empty Cage"}],"items_purged_floors":[10],"is_endless":false,"potions_floor_spawned":[3,4,6,8],"killed_by":"Slavers","ascension_level":6}