{"gold_per_floor":[110,110,129,140,158,158,192,192,218,231,265,265,148,148,148,225,225,239,239,289,307,318,318,351,351,351,148,148,148],"floor_reached":29,"playtime":1520,"items_purged":["Strike_G","Strike_G"],"score":652,"play_id":"26681713-d80c-4b37-a533-32e20feb89bd","local_time":"20190418123008","is_ascension_mode":true,"campfire_choices":[{"data":"Bouncing Flask","floor":6,"key":"SMITH"},{"data":"Neutralize","floor":8,"key":"SMITH"},{"data":"Burst","floor":12,"key":"SMITH"},{"floor":15,"key":"REST"},{"data":"Caltrops","floor":23,"key":"SMITH"},{"data":"Corpse Explosion","floor":25,"key":"SMITH"},{"data":"Neutralize","floor":28,"key":"SMITH"}],"neow_cost":"TEN_PERCENT_HP_LOSS","seed_source_timestamp":616877541803408,"circlet_count":0,"master_deck":["AscendersBane","Defend_G+1","Defend_G","Defend_G","Defend_G","Defend_G","Strike_G","Survivor","Neutralize+1","Neutralize+1","Predator","Bouncing Flask+1","Cloak And Dagger+1","Burst+1","Backstab","Caltrops+1","Corpse Explosion+1","Dark Shackles"],"special_seed":0,"relics":["Ring of the Snake","Blood Vial","Regal Pillow","PreservedInsect","War Paint","Sozu","Happy Flower","Centennial Puzzle"],"potions_floor_usage":[7,10,11,24],"damage_taken":[{"damage":0.0,"enemies":"Small Slimes","floor":1.0,"turns":6.0},{"damage":1.0,"enemies":"Cultist","floor":3.0,"turns":6.0},{"damage":0.0,"enemies":"Jaw Worm","floor":4.0,"turns":7.0},{"damage":3,"enemies":"Looter","floor":5,"turns":3},{"damage":0,"enemies":"Gremlin Nob","floor":7,"turns":3},{"damage":4,"enemies":"Exordium Wildlife","floor":10,"turns":3},{"damage":20,"enemies":"3 Sentries","floor":11,"turns":10},{"damage":0,"enemies":"The Guardian","floor":16,"turns":8},{"damage":1,"enemies":"Chosen","floor":18,"turns":4},{"damage":6,"enemies":"Shell Parasite","floor":21,"turns":5},{"damage":2,"enemies":"Centurion and Healer","floor":22,"turns":6},{"damage":11,"enemies":"Book of Stabbing","floor":24,"turns":4},{"damage":48,"enemies":"Slavers","floor":29,"turns":2}],"seed_played":"495228267385413955","potions_obtained":[{"floor":3.0,"key":"Poison Potion"},{"floor":5,"key":"AttackPotion"},{"floor":7,"key":"LiquidBronze"},{"floor":10,"key":"Poison Potion"}],"is_trial":false,"path_per_floor":["?","M","?","?","?","M"],"character_chosen":"THE_SILENT","items_purchased":["Caltrops","Dark Shackles"],"campfire_rested":1,"item_purchase_floors":[13,27],"current_hp_per_floor":[59,59,58,58,55,55,55,55,55,53,35,35,35,17,50,52,58,59,59,59,54,54,54,45,45,45,45,45,0],"gold":148,"neow_bonus":"REMOVE_TWO","is_prod":false,"is_daily":false,"chose_seed":false,"campfire_upgraded":6,"win_rate":0,"timestamp":1555608608,"path_taken":["M","?","?","M","M","R","E","R","T","M","E","R","$","?","R","BOSS","M","?","?","?","M","R","E","R","T","$","R","E"],"build_version":"2019-01-23","purchased_purges":2,"victory":false,"max_hp_per_floor":[60,60,60,60,60,60,60,60,60,60,60,60,60,60,60,60,60,60,60,60,60,60,60,60,60,60,60,60,60],"card_choices":[{"not_picked":["Bane","Dodge and Roll","Quick Slash"],"picked":"SKIP","floor":1.0},{"not_picked":["Quick Slash","Underhanded Strike","Slice"],"picked":"SKIP","floor":3.0},{"not_picked":["Sucker Punch","Crippling Poison"],"picked":"Predator","floor":4},{"not_picked":["Concentrate","Sucker Punch"],"picked":"Bouncing Flask","floor":5},{"not_picked":["Expertise","Bane"],"picked":"Cloak And Dagger","floor":7},{"not_picked":["Cloak And Dagger","Dodge and Roll"],"picked":"Burst","floor":10},{"not_picked":["Outmaneuver","Skewer"],"picked":"Backstab","floor":11},{"not_picked":["Venomology","Night Terror"],"picked":"Corpse Explosion","floor":16},{"not_picked":["Accuracy+1","Acrobatics","Heel Hook"],"picked":"SKIP","floor":18},{"not_picked":["Concentrate","Quick Slash","Prepared"],"picked":"SKIP","floor":21},{"not_picked":["Dagger Throw","Dodge and Roll","Quick Slash"],"picked":"SKIP","floor":22},{"not_picked":["Glass Knife","Endless Agony+1","Bane+1"],"picked":"SKIP","floor":24}],"player_experience":454567,"relics_obtained":[{"floor":7,"key":"Blood Vial"},{"floor":9,"key":"Regal Pillow"},{"floor":11,"key":"PreservedInsect"},{"floor":24,"key":"Happy Flower"},{"floor":26,"key":"Centennial Puzzle"}],"event_choices":[{"damage_healed":0.0,"max_hp_gain":0.0,"max_hp_loss":0.0,"gold_gain":0.0,"event_name":"Match and Keep!","player_choice":"1 cards matched","floor":2.0,"gold_loss":0.0,"damage_taken":0.0,"cards_obtained":["Neutralize"]},{"damage_healed":0,"gold_gain":0,"player_choice":"Success","damage_taken":18,"relics_obtained":["War Paint"],"max_hp_gain":0,"max_hp_loss":0,"event_name":"Scrap Ooze","floor":14,"gold_loss":0},{"damage_healed":0,"gold_gain":0,"player_choice":"Ignored","damage_taken":0,"max_hp_gain":0,"max_hp_loss":0,"event_name":"Ghosts","floor":19,"gold_loss":0},{"damage_healed":0,"gold_gain":50,"player_choice":"Stole From Cult","damage_taken":0,"max_hp_gain":0,"max_hp_loss":0,"event_name":"Nest","floor":20,"gold_loss":0}],"is_beta":false,"boss_relics":[{"not_picked":["Fusion Hammer","Calling Bell"],"picked":"Sozu"}],"items_purged_floors":[13,27],"is_endless":false,"potions_floor_spawned":[3,5,7,10,21,22],"killed_by":"Slavers","ascension_level":20}