{"gold_per_floor":[115,115,115,128,142,142,154,154,228,245,245,261,274,303,303,399,399,414,430,446,463,478,478,511,511,511,511],"floor_reached":27,"playtime":3032,"items_purged":[],"score":239,"play_id":"f790adb5-e1dc-496e-9989-58cf2ccb6968","local_time":"20190421160401","is_ascension_mode":false,"campfire_choices":[{"data":"Armaments","floor":6,"key":"SMITH"},{"data":"Entrench","floor":8,"key":"SMITH"},{"data":"Bloodletting","floor":15,"key":"SMITH"},{"data":"Armaments","floor":23,"key":"SMITH"},{"data":"Metallicize","floor":25,"key":"SMITH"}],"neow_cost":"","seed_source_timestamp":832059028917317,"circlet_count":0,"master_deck":["Strike_R","Strike_R","Strike_R","Strike_R","Strike_R","Defend_R","Defend_R","Defend_R","Defend_R","Bash","Body Slam+1","Armaments+1","Thunderclap","Entrench+1","Flex","Pommel Strike","Bloodletting+1","Shockwave","Demon Form","Metallicize+1","Shrug It Off","Anger","Armaments+1","Anger+1","Combust"],"relics":["Burning Blood","Orichalcum","Mercury Hourglass","Paper Frog","Coffee Dripper","Bottled Tornado","Matryoshka"],"potions_floor_usage":[16,16,24,27,27],"damage_taken":[{"damage":5,"enemies":"Jaw Worm","floor":1,"turns":4},{"damage":7,"enemies":"Small Slimes","floor":4,"turns":4},{"damage":1,"enemies":"Cultist","floor":5,"turns":3},{"damage":0,"enemies":"2 Fungi Beasts","floor":7,"turns":4},{"damage":15,"enemies":"Large Slime","floor":10,"turns":6},{"damage":4,"enemies":"Looter","floor":12,"turns":3},{"damage":6,"enemies":"Blue Slaver","floor":13,"turns":2},{"damage":11,"enemies":"Gremlin Nob","floor":14,"turns":3},{"damage":61,"enemies":"The Guardian","floor":16,"turns":11},{"damage":12,"enemies":"Shell Parasite","floor":18,"turns":4},{"damage":7,"enemies":"Chosen","floor":19,"turns":4},{"damage":33,"enemies":"Shelled Parasite and Fungi","floor":20,"turns":6},{"damage":20,"enemies":"Snecko","floor":21,"turns":6},{"damage":22,"enemies":"Snake Plant","floor":22,"turns":3},{"damage":14,"enemies":"Book of Stabbing","floor":24,"turns":5},{"damage":9,"enemies":"Sentry and Sphere","floor":27,"turns":3}],"seed_played":"-6271249856901801457","potions_obtained":[{"floor":4,"key":"Explosive Potion"},{"floor":5,"key":"SkillPotion"},{"floor":12,"key":"SpeedPotion"},{"floor":16,"key":"Strength Potion"},{"floor":18,"key":"Dexterity Potion"}],"is_trial":false,"path_per_floor":["?","?","M","?"],"character_chosen":"IRONCLAD","items_purchased":[],"campfire_rested":0,"item_purchase_floors":[],"current_hp_per_floor":[80,73,73,72,77,77,80,80,80,71,71,73,73,68,68,13,80,74,73,46,32,16,16,8,8,8,0],"gold":511,"neow_bonus":"","is_prod":false,"is_daily":false,"chose_seed":false,"campfire_upgraded":5,"win_rate":0.0,"timestamp":1555877041,"path_taken":["M","?","?","M","M","R","M","R","T","?","?","M","M","E","R","BOSS","M","M","M","M","M","R","E","R","T","M"],"build_version":"2019-01-23","purchased_purges":0,"victory":false,"max_hp_per_floor":[80,80,80,80,80,80,80,80,80,80,80,80,80,80,80,80,80,80,80,80,80,80,80,80,80,80,80],"card_choices":[{"not_picked":["Dual Wield","Sword Boomerang"],"picked":"Body Slam","floor":1},{"not_picked":["Hemokinesis","Clothesline"],"picked":"Armaments","floor":4},{"not_picked":["Rupture","Ghostly Armor"],"picked":"Thunderclap","floor":5},{"not_picked":["True Grit","Body Slam"],"picked":"Entrench","floor":7},{"not_picked":["Fiend Fire","Thunderclap"],"picked":"Flex","floor":10},{"not_picked":["Thunderclap","Disarm"],"picked":"Pommel Strike","floor":12},{"not_picked":["Twin Strike","Perfected Strike"],"picked":"Bloodletting","floor":13},{"not_picked":["Berserk","Pommel Strike"],"picked":"Shockwave","floor":14},{"not_picked":["Bludgeon","Double Tap"],"picked":"Demon Form","floor":16},{"not_picked":["Rampage","Twin Strike"],"picked":"Metallicize","floor":18},{"not_picked":["Searing Blow","Headbutt"],"picked":"Shrug It Off","floor":19},{"not_picked":["Shrug It Off","Body Slam"],"picked":"Anger","floor":20},{"not_picked":["Hemokinesis","Blood for Blood"],"picked":"Armaments","floor":21},{"not_picked":["Twin Strike","Perfected Strike"],"picked":"Anger+1","floor":22},{"not_picked":["Thunderclap","Sword Boomerang"],"picked":"Combust","floor":24}],"player_experience":0,"relics_obtained":[{"floor":9,"key":"Mercury Hourglass"},{"floor":14,"key":"Paper Frog"},{"floor":24,"key":"Bottled Tornado"},{"floor":26,"key":"Matryoshka"}],"event_choices":[{"damage_healed":0,"gold_gain":0,"player_choice":"Success","damage_taken":7,"relics_obtained":["Orichalcum"],"max_hp_gain":0,"max_hp_loss":0,"event_name":"Scrap Ooze","floor":2,"gold_loss":0},{"damage_healed":0,"gold_gain":0,"player_choice":"Upgraded","damage_taken":0,"max_hp_gain":0,"max_hp_loss":0,"event_name":"Upgrade Shrine","floor":3,"gold_loss":0,"cards_upgraded":["Body Slam"]},{"damage_healed":0,"gold_gain":0,"player_choice":"Leave","damage_taken":0,"max_hp_gain":0,"max_hp_loss":0,"event_name":"The Cleric","floor":11,"gold_loss":0}],"is_beta":false,"boss_relics":[{"not_picked":["Fusion Hammer","Cursed Key"],"picked":"Coffee Dripper"}],"items_purged_floors":[],"is_endless":false,"potions_floor_spawned":[4,5,12,13,16,18,20],"killed_by":"Sentry and Sphere","ascension_level":0}