{"gold_per_floor":[368,384,395,54,65,65,99,99,167,196,208,226,226,176,176,275,275,290,290,308,323,336,336,371,371,371,371,470,470,470,480,480,579,579,596,611,629,629],"floor_reached":38,"playtime":3484,"items_purged":[],"score":530,"play_id":"dbf32245-0880-44ae-a5d9-c60ff4e82585","local_time":"20190312175721","is_ascension_mode":true,"campfire_choices":[{"data":"Go for the Eyes","floor":6.0,"key":"SMITH"},{"floor":8.0,"key":"REST"},{"floor":13.0,"key":"REST"},{"data":"Coolheaded","floor":15.0,"key":"SMITH"},{"floor":23.0,"key":"REST"},{"data":"Genetic Algorithm","floor":25.0,"key":"SMITH"},{"data":"Conserve Battery","floor":27.0,"key":"SMITH"},{"data":"Seek","floor":32.0,"key":"SMITH"}],"neow_cost":"PERCENT_DAMAGE","seed_source_timestamp":0,"circlet_count":0,"master_deck":["Defend_B","Defend_B","Defend_B","Defend_B","Zap","Dualcast","Go for the Eyes+1","Conserve Battery","Streamline","Self Repair+1","Coolheaded+1","Compile Driver","Doom and Gloom","Sweeping Beam","Echo Form+1","Genetic Algorithm+1","Self Repair+1","Conserve Battery+1","Consume+1","Beam Cell","Reprogram","Heatsinks+1","Hologram+1","Glacier+1","Seek+1","BootSequence","Core Surge","Capacitor+1","Coolheaded+1"],"special_seed":0,"relics":["Cracked Core","Frozen Egg 2","Ice Cream","Matryoshka","Art of War","Orrery","Centennial Puzzle","Strawberry","Bottled Flame","Letter Opener","Runic Pyramid"],"potions_floor_usage":[],"damage_taken":[{"damage":1.0,"enemies":"Cultist","floor":1.0,"turns":3.0},{"damage":4.0,"enemies":"2 Louse","floor":2.0,"turns":3.0},{"damage":3.0,"enemies":"Small Slimes","floor":3.0,"turns":3.0},{"damage":11.0,"enemies":"Red Slaver","floor":5.0,"turns":4.0},{"damage":34.0,"enemies":"Gremlin Nob","floor":7.0,"turns":5.0},{"damage":33.0,"enemies":"3 Sentries","floor":10.0,"turns":9.0},{"damage":13.0,"enemies":"Gremlin Gang","floor":11.0,"turns":5.0},{"damage":0.0,"enemies":"Large Slime","floor":12.0,"turns":3.0},{"damage":34.0,"enemies":"The Guardian","floor":16.0,"turns":14.0},{"damage":22.0,"enemies":"3 Byrds","floor":18.0,"turns":5.0},{"damage":16.0,"enemies":"Spheric Guardian","floor":20.0,"turns":5.0},{"damage":49.0,"enemies":"Cultist and Chosen","floor":21.0,"turns":10.0},{"damage":21.0,"enemies":"Snecko","floor":22.0,"turns":9.0},{"damage":62.0,"enemies":"Book of Stabbing","floor":24.0,"turns":11.0},{"damage":21.0,"enemies":"Snake Plant","floor":31.0,"turns":6.0},{"damage":24.0,"enemies":"Automaton","floor":33.0,"turns":14.0},{"damage":32,"enemies":"3 Darklings","floor":35,"turns":9},{"damage":6,"enemies":"Orb Walker","floor":36,"turns":5},{"damage":3,"enemies":"Maw","floor":37,"turns":10},{"damage":0,"enemies":"3 Darklings","floor":38,"turns":1}],"seed_played":"-4798434428848573030","potions_obtained":[{"floor":2.0,"key":"EssenceOfSteel"},{"floor":12.0,"key":"SkillPotion"},{"floor":16.0,"key":"Explosive Potion"},{"floor":18.0,"key":"Ancient Potion"},{"floor":22.0,"key":"Dexterity Potion"},{"floor":35,"key":"Ancient Potion"},{"floor":36,"key":"Weak Potion"}],"is_trial":false,"path_per_floor":["M","M","M","$","M","R","E","R","T","E","M","M","R","?","R","B",null,"M","?","M","M","M","R","E","R","T","R","?","?","?","M","R","B",null,"M","M","M","M"],"character_chosen":"DEFECT","items_purchased":["Frozen Egg 2","Self Repair+1"],"campfire_rested":3,"item_purchase_floors":[4,4],"current_hp_per_floor":[49,45,42,42,41,41,17,39,39,16,13,23,45,45,45,21,62,50,50,54,25,44,66,44,44,51,51,51,51,51,70,70,66,78,82,82,82,82],"gold":629,"neow_bonus":"TWO_FIFTY_GOLD","is_prod":false,"is_daily":false,"chose_seed":false,"campfire_upgraded":5,"win_rate":0,"timestamp":1552409841,"path_taken":["M","M","M","$","M","R","E","R","T","E","M","?","R","?","R","BOSS","M","?","M","M","M","R","E","R","T","R","?","?","?","?","R","BOSS","M","M","?","M"],"build_version":"2019-01-23","purchased_purges":0,"victory":false,"max_hp_per_floor":[75,75,75,75,75,75,75,75,75,75,75,75,75,75,75,75,75,75,75,75,75,75,75,75,75,82,82,82,82,82,82,82,82,82,82,82,82,82],"card_choices":[{"not_picked":["Leap","White Noise"],"picked":"Go for the Eyes","floor":1.0},{"not_picked":["Streamline","Redo"],"picked":"Conserve Battery","floor":2.0},{"not_picked":["Beam Cell","Stack"],"picked":"Streamline","floor":3.0},{"not_picked":["Go for the Eyes","Steam"],"picked":"Coolheaded","floor":5.0},{"not_picked":["FTL","Hologram"],"picked":"Compile Driver","floor":7.0},{"not_picked":["Turbo","Reprogram"],"picked":"Doom and Gloom","floor":10.0},{"not_picked":["Thunder Strike","Aggregate","Double Energy"],"picked":"SKIP","floor":11.0},{"not_picked":["Tempest","Steam Power"],"picked":"Sweeping Beam","floor":12.0},{"not_picked":["Fission","Creative AI+1"],"picked":"Echo Form+1","floor":16.0},{"not_picked":["Reinforced Body","Hologram"],"picked":"Genetic Algorithm","floor":17.0},{"not_picked":["Ball Lightning","Redo"],"picked":"Self Repair+1","floor":17.0},{"not_picked":["Tempest","Leap"],"picked":"Conserve Battery","floor":17.0},{"not_picked":["Stack","Redo+1"],"picked":"Consume+1","floor":18.0},{"not_picked":["Gash","Redo"],"picked":"Heatsinks+1","floor":20.0},{"not_picked":["Streamline","Rebound"],"picked":"Hologram+1","floor":21.0},{"not_picked":["Conserve Battery","Turbo+1"],"picked":"Glacier+1","floor":22.0},{"not_picked":["Leap","Go for the Eyes+1"],"picked":"Seek","floor":24.0},{"not_picked":["Beam Cell","Turbo+1"],"picked":"BootSequence","floor":31.0},{"not_picked":["Hyperbeam","Echo Form+1"],"picked":"Core Surge","floor":33.0},{"not_picked":["Turbo","Beam Cell"],"picked":"Capacitor+1","floor":35},{"not_picked":["Cold Snap+1","Hologram+1"],"picked":"Coolheaded+1","floor":36},{"not_picked":["Redo+1","Fission","Scrape+1"],"picked":"SKIP","floor":37}],"player_experience":194754,"relics_obtained":[{"floor":7.0,"key":"Ice Cream"},{"floor":9.0,"key":"Matryoshka"},{"floor":10.0,"key":"Art of War"},{"floor":24.0,"key":"Centennial Puzzle"},{"floor":26.0,"key":"Strawberry"},{"floor":26.0,"key":"Bottled Flame"}],"event_choices":[{"cards_removed":["Strike_B"],"damage_healed":0.0,"max_hp_gain":0.0,"max_hp_loss":0.0,"gold_gain":0.0,"event_name":"The Cleric","player_choice":"Card Removal","floor":14.0,"gold_loss":50.0,"damage_taken":0.0},{"damage_healed":0.0,"max_hp_gain":0.0,"max_hp_loss":0.0,"gold_gain":0.0,"cards_transformed":["Strike_B","Strike_B"],"event_name":"Drug Dealer","player_choice":"Became Test Subject","floor":19.0,"gold_loss":0.0,"damage_taken":0.0,"cards_obtained":["Beam Cell","Reprogram"]},{"damage_healed":0.0,"max_hp_gain":0.0,"max_hp_loss":0.0,"gold_gain":99.0,"event_name":"Nest","player_choice":"Stole From Cult","floor":28.0,"gold_loss":0.0,"damage_taken":0.0},{"damage_healed":0.0,"max_hp_gain":0.0,"max_hp_loss":0.0,"gold_gain":0.0,"event_name":"The Mausoleum","player_choice":"Opened","floor":29.0,"gold_loss":0.0,"damage_taken":0.0,"relics_obtained":["Letter Opener"]},{"cards_removed":["Strike_B"],"damage_healed":0.0,"max_hp_gain":0.0,"max_hp_loss":0.0,"gold_gain":0.0,"event_name":"Purifier","player_choice":"Purged","floor":30.0,"gold_loss":0.0,"damage_taken":0.0}],"is_beta":false,"boss_relics":[{"not_picked":["Sozu","FrozenCore"],"picked":"Orrery"},{"not_picked":["Lizard Tail","Coffee Dripper"],"picked":"Runic Pyramid"}],"items_purged_floors":[],"is_endless":false,"potions_floor_spawned":[2,12,16,18,22,35,36],"killed_by":"3 Darklings","ascension_level":6}