{"gold_per_floor":[114,289,589,539,554,588,588,588,588,606,39,66,81,96,96,196,196,212,38,38,38,38,38,67,67,117,136,54,54,73,88,88,88],"floor_reached":33,"playtime":1811,"items_purged":["Strike_R"],"score":343,"play_id":"5f8e6c05-4780-43aa-933b-17eaed695cb7","local_time":"20190314151511","is_ascension_mode":true,"campfire_choices":[{"data":"Bash","floor":7,"key":"SMITH"},{"data":"Combust","floor":15,"key":"SMITH"},{"floor":23,"key":"REST"},{"data":"Sword Boomerang","floor":25,"key":"SMITH"},{"data":"Uppercut","floor":32,"key":"SMITH"}],"neow_cost":"NONE","seed_source_timestamp":727064241907,"circlet_count":0,"master_deck":["Strike_R","Strike_R","Defend_R+1","Defend_R","Defend_R","Defend_R","Bash+1","Twin Strike","Shrug It Off+1","Dropkick","Cleave","Impervious","Combust+1","Spot Weakness","Shrug It Off","Reaper","Feel No Pain","Sword Boomerang+1","Reaper","Hemokinesis","Shame","Uppercut+1","Corruption","Flame Barrier","Armaments"],"relics":["Burning Blood","NeowsBlessing","Old Coin","War Paint","Bird Faced Urn","PreservedInsect","Singing Bowl","Ice Cream","Philosopher\u0027s Stone","Oddly Smooth Stone","Omamori","Question Card","Vajra"],"potions_floor_usage":[24,24,24,33],"damage_taken":[{"damage":0,"enemies":"2 Louse","floor":1,"turns":1},{"damage":0,"enemies":"Small Slimes","floor":5,"turns":1},{"damage":0,"enemies":"Gremlin Nob","floor":6,"turns":1},{"damage":6,"enemies":"Cultist","floor":10,"turns":3},{"damage":21,"enemies":"Lagavulin","floor":12,"turns":6},{"damage":16,"enemies":"2 Fungi Beasts","floor":13,"turns":3},{"damage":6,"enemies":"Exordium Wildlife","floor":14,"turns":3},{"damage":33,"enemies":"Hexaghost","floor":16,"turns":9},{"damage":65,"enemies":"3 Byrds","floor":18,"turns":5},{"damage":36,"enemies":"Book of Stabbing","floor":24,"turns":4},{"damage":5,"enemies":"Chosen","floor":27,"turns":4},{"damage":0,"enemies":"Snecko","floor":30,"turns":4},{"damage":9,"enemies":"Snake Plant","floor":31,"turns":3},{"damage":75,"enemies":"Champ","floor":33,"turns":10}],"seed_played":"4079160562983150932","potions_obtained":[{"floor":6,"key":"Regen Potion"},{"floor":13,"key":"Swift Potion"},{"floor":14,"key":"Poison Potion"},{"floor":24,"key":"Weak Potion"}],"is_trial":false,"path_per_floor":["M","?","?","?","M","E","R","?","T","M","$","E","M","M","R","B",null,"M","$","?","?","$","R","E","R","T","M","$","?","M","M","R","B"],"character_chosen":"IRONCLAD","items_purchased":["PreservedInsect","Impervious","Singing Bowl","Sword Boomerang","Oddly Smooth Stone","Corruption"],"campfire_rested":1,"item_purchase_floors":[11,11,11,19,19,28],"current_hp_per_floor":[80,80,80,80,80,80,80,80,80,80,80,65,55,55,55,30,80,23,23,23,23,23,47,32,32,32,37,37,37,49,49,49,0],"gold":88,"neow_bonus":"THREE_ENEMY_KILL","is_prod":false,"is_daily":false,"chose_seed":false,"campfire_upgraded":4,"win_rate":0,"timestamp":1552572911,"path_taken":["M","?","?","?","M","E","R","?","T","M","$","E","M","M","R","BOSS","M","$","?","?","?","R","E","R","T","M","?","?","M","M","R","BOSS"],"build_version":"2019-01-23","purchased_purges":1,"victory":false,"max_hp_per_floor":[80,80,80,80,80,80,80,80,80,80,80,80,80,80,80,80,80,80,80,80,80,80,80,80,80,80,82,82,82,82,82,82,82],"card_choices":[{"not_picked":["Pommel Strike","Infernal Blade"],"picked":"Twin Strike","floor":1},{"not_picked":["Pommel Strike","Twin Strike"],"picked":"Shrug It Off","floor":5},{"not_picked":["Twin Strike","Heavy Blade"],"picked":"Dropkick","floor":6},{"not_picked":["Evolve","Clothesline"],"picked":"Cleave","floor":10},{"not_picked":["Bloodletting","Havoc"],"picked":"Combust","floor":12},{"not_picked":["Blood for Blood","Second Wind"],"picked":"Spot Weakness","floor":13},{"not_picked":["Headbutt","Body Slam"],"picked":"Shrug It Off","floor":14},{"not_picked":["Impervious","Exhume"],"picked":"Reaper","floor":16},{"not_picked":["Armaments","Bloodletting"],"picked":"Feel No Pain","floor":18},{"not_picked":["Cleave","Anger"],"picked":"Uppercut","floor":24},{"not_picked":["Second Wind","Uppercut","Blood for Blood","Clash+1"],"picked":"Singing Bowl","floor":27},{"not_picked":["Perfected Strike","Havoc","Armaments+1"],"picked":"Flame Barrier","floor":30},{"not_picked":["Uppercut","Wild Strike","Corruption"],"picked":"Armaments","floor":31}],"player_experience":203676,"relics_obtained":[{"floor":6,"key":"War Paint"},{"floor":9,"key":"Bird Faced Urn"},{"floor":12,"key":"Ice Cream"},{"floor":24,"key":"Question Card"},{"floor":26,"key":"Vajra"}],"event_choices":[{"damage_healed":0,"gold_gain":175,"player_choice":"AGREE","damage_taken":0,"max_hp_gain":0,"max_hp_loss":0,"event_name":"Liars Game","floor":2,"gold_loss":0,"cards_obtained":["Doubt"]},{"damage_healed":0,"gold_gain":0,"player_choice":"Box","damage_taken":0,"relics_obtained":["Old Coin"],"max_hp_gain":0,"max_hp_loss":0,"event_name":"Big Fish","floor":3,"gold_loss":0,"cards_obtained":["Regret"]},{"cards_removed":["Regret"],"damage_healed":0,"gold_gain":0,"player_choice":"Card Removal","damage_taken":0,"max_hp_gain":0,"max_hp_loss":0,"event_name":"The Cleric","floor":4,"gold_loss":50},{"cards_removed":["Doubt"],"damage_healed":0,"gold_gain":0,"player_choice":"Purged","damage_taken":0,"max_hp_gain":0,"max_hp_loss":0,"event_name":"Purifier","floor":8,"gold_loss":0},{"damage_healed":0,"gold_gain":0,"cards_transformed":["Strike_R","Strike_R"],"player_choice":"Became Test Subject","damage_taken":0,"max_hp_gain":0,"max_hp_loss":0,"event_name":"Drug Dealer","floor":20,"gold_loss":0,"cards_obtained":["Reaper","Hemokinesis"]},{"damage_healed":0,"gold_gain":0,"player_choice":"Stole Relic","damage_taken":0,"relics_obtained":["Omamori"],"max_hp_gain":0,"max_hp_loss":0,"event_name":"Addict","floor":21,"gold_loss":0,"cards_obtained":["Shame"]},{"damage_healed":0,"gold_gain":0,"player_choice":"Smashed Altar","damage_taken":0,"max_hp_gain":0,"max_hp_loss":0,"event_name":"Forgotten Altar","floor":29,"gold_loss":0,"cards_obtained":["Decay"]}],"is_beta":false,"boss_relics":[{"not_picked":["Velvet Choker","Pandora\u0027s Box"],"picked":"Philosopher\u0027s Stone"}],"items_purged_floors":[11],"is_endless":false,"potions_floor_spawned":[6,13,14,18,24],"killed_by":"Champ","ascension_level":3}