{"path_per_floor":["M","?","M","M","M","E","R","E","T","M","R","M","M","$","R","B",null,"M","M","?","$","M","R"],"character_chosen":"IRONCLAD","items_purchased":["Lee\u0027s Waffle","True Grit"],"gold_per_floor":[109,109,129,141,157,192,192,226,226,239,239,256,273,56,56,154,154,169,180,105,30,49,49],"floor_reached":24,"campfire_rested":3,"playtime":2025,"current_hp_per_floor":[76,76,76,80,57,9,33,12,12,12,36,38,22,89,89,50,79,39,11,11,11,12,39],"items_purged":["Strike_R"],"gold":49,"play_id":"fa8fb743-ea0d-4950-aab4-da09a74ebe66","is_prod":false,"is_daily":false,"is_ascension_mode":true,"campfire_upgraded":1,"path_taken":["M","?","M","M","M","E","R","E","T","M","R","M","M","$","R","BOSS","M","?","?","?","M","R","E"],"build_version":"2018-01-25-PROD3","purchased_purges":2,"victory":false,"master_deck":["Strike_R","Strike_R","Strike_R","Defend_R","Defend_R","Defend_R+1","Defend_R+1","Bash","Pommel Strike","Cleave","Thunderclap","Evolve","True Grit","Wild Strike","Feel No Pain","True Grit","Sentinel","Wild Strike","True Grit+1","Immolate","Cleave+1","Pummel","Wild Strike"],"max_hp_per_floor":[80,80,80,80,80,80,80,82,82,82,82,82,82,89,89,89,89,89,89,89,89,91,91],"relics":["Burning Blood","Dream Catcher","War Paint","Singing Bowl","Charon\u0027s Ashes","Lee\u0027s Waffle","White Beast Statue"],"card_choices":[{"not_picked":["Spot Weakness","Iron Wave"],"picked":"Pommel Strike"},{"not_picked":["Reckless Charge","Anger"],"picked":"Cleave"},{"not_picked":["Wild Strike","Headbutt"],"picked":"Thunderclap"},{"not_picked":["Clash","True Grit"],"picked":"Evolve"},{"not_picked":["Heavy Blade","Perfected Strike"],"picked":"True Grit"},{"not_picked":["Thunderclap","Shrug It Off"],"picked":"Wild Strike"},{"not_picked":["Clash","True Grit"],"picked":"Feel No Pain"},{"not_picked":["Heavy Blade","Flex"],"picked":"True Grit"},{"not_picked":["Wild Strike","Cleave"],"picked":"Sentinel"},{"not_picked":["Rupture","Dual Wield"],"picked":"Wild Strike"},{"not_picked":["Bludgeon","Exhume"],"picked":"Immolate"},{"not_picked":["Perfected Strike","Havoc"],"picked":"Cleave"},{"not_picked":["Flame Barrier","Searing Blow"],"picked":"Pummel"},{"not_picked":["Perfected Strike","Rampage"],"picked":"Wild Strike"}],"player_experience":307609,"potions_floor_usage":[8,16,22,24,24],"damage_taken":[{"damage":2,"enemies":"Small Slimes","floor":1,"turns":4},{"damage":6,"enemies":"Cultist","floor":3,"turns":3},{"damage":0,"enemies":"2 Louse","floor":4,"turns":3},{"damage":29,"enemies":"Gremlin Gang","floor":5,"turns":4},{"damage":54,"enemies":"Gremlin Nob","floor":6,"turns":5},{"damage":29,"enemies":"Lagavulin","floor":8,"turns":8},{"damage":6,"enemies":"3 Louse","floor":10,"turns":4},{"damage":4,"enemies":"Large Slime","floor":12,"turns":7},{"damage":22,"enemies":"Lots of Slimes","floor":13,"turns":4},{"damage":58,"enemies":"Slime Boss","floor":16,"turns":12},{"damage":46,"enemies":"3 Byrds","floor":18,"turns":6},{"damage":34,"enemies":"Shell Parasite","floor":19,"turns":13},{"damage":7,"enemies":"Centurion and Healer","floor":22,"turns":7},{"damage":49,"enemies":"Gremlin Leader","floor":24,"turns":6}],"event_choices":[{"event_name":"Liars Game","player_choice":"disagreed","floor":2,"damage_taken":0},{"event_name":"Beggar","player_choice":"Gave Gold","floor":20,"damage_taken":0}],"boss_relics":[{"not_picked":["Calling Bell","Runic Dome"],"picked":"White Beast Statue"}],"potions_floor_spawned":[1,6,8,12,13,18,19,22],"seed_played":"6675516572752586014","killed_by":"Gremlin Leader","ascension_level":8,"is_trial":false}