{"gold_per_floor":[114,134,134,134,60,60,75,75,75,102,102,102],"floor_reached":12,"playtime":298,"items_purged":[],"score":76,"play_id":"b62eb89f-6b4a-4b4d-b99e-5b9830bb21f1","local_time":"20190128181807","is_ascension_mode":false,"campfire_choices":[{"data":"Infinite Blades","floor":6,"key":"SMITH"},{"data":"Neutralize","floor":8,"key":"SMITH"}],"neow_cost":"NONE","seed_source_timestamp":436326460421984,"circlet_count":0,"master_deck":["Defend_G","Defend_G","Defend_G","Defend_G","Defend_G","Strike_G","Strike_G","Strike_G","Strike_G","Strike_G","Survivor","Neutralize+1","Infinite Blades+1","Bouncing Flask"],"relics":["Black Star","Singing Bowl","Matryoshka","Sundial"],"potions_floor_usage":[10],"damage_taken":[{"damage":3,"enemies":"Jaw Worm","floor":1,"turns":4},{"damage":6,"enemies":"Cultist","floor":2,"turns":4},{"damage":0,"enemies":"2 Louse","floor":7,"turns":3},{"damage":34,"enemies":"Lagavulin","floor":10,"turns":10},{"damage":27,"enemies":"3 Sentries","floor":12,"turns":4}],"seed_played":"3654145930919024108","potions_obtained":[{"floor":2,"key":"Energy Potion"},{"floor":7,"key":"FearPotion"}],"is_trial":false,"path_per_floor":["M","M","?","T","$","R","M","R","T","E","?","E"],"character_chosen":"THE_SILENT","items_purchased":["Infinite Blades"],"campfire_rested":0,"item_purchase_floors":[5],"current_hp_per_floor":[67,61,61,61,61,61,61,61,61,27,24,0],"gold":102,"neow_bonus":"BOSS_RELIC","is_prod":false,"is_daily":false,"chose_seed":false,"campfire_upgraded":2,"win_rate":0,"timestamp":1548717487,"path_taken":["M","M","?","?","$","R","?","R","T","E","?","E"],"build_version":"2019-01-23","purchased_purges":0,"victory":false,"max_hp_per_floor":[70,70,70,70,70,70,70,70,70,70,70,70],"card_choices":[{"not_picked":["Dagger Spray","Eviscerate","Flechettes"],"picked":"SKIP","floor":1},{"not_picked":["Calculated Gamble","Distraction","Heel Hook"],"picked":"SKIP","floor":2},{"not_picked":["Distraction","PiercingWail","Prepared"],"picked":"SKIP","floor":7},{"not_picked":["Dodge and Roll","Calculated Gamble"],"picked":"Bouncing Flask","floor":10}],"player_experience":176536,"relics_obtained":[{"floor":9,"key":"Singing Bowl"},{"floor":10,"key":"Matryoshka"},{"floor":10,"key":"Sundial"}],"event_choices":[{"damage_healed":0,"gold_gain":0,"player_choice":"Leave","damage_taken":0,"max_hp_gain":0,"max_hp_loss":0,"event_name":"The Cleric","floor":3,"gold_loss":0},{"damage_healed":0,"gold_gain":0,"player_choice":"Fled","damage_taken":3,"max_hp_gain":0,"max_hp_loss":0,"event_name":"Scrap Ooze","floor":11,"gold_loss":0}],"is_beta":false,"boss_relics":[],"items_purged_floors":[],"is_endless":false,"potions_floor_spawned":[2,7],"killed_by":"3 Sentries","ascension_level":0}