{"gold_per_floor":[117,136,136,152,169,169,169,186,209,243,258,11,30,43,43,115,115,129,48,48,68,68,68,97,97,97,127,143,143,155,189,189,189],"floor_reached":33,"playtime":2523,"items_purged":["Strike_G"],"score":618,"play_id":"1a397293-e8ac-4643-936e-2a8b0de10fdc","local_time":"20190125121050","is_ascension_mode":true,"campfire_choices":[{"data":"Neutralize","floor":6.0,"key":"SMITH"},{"floor":15.0,"key":"REST"},{"data":"Footwork","floor":23.0,"key":"SMITH"},{"floor":25.0,"key":"REST"},{"floor":29.0,"key":"REST"},{"floor":32,"key":"REST"}],"neow_cost":"NONE","seed_source_timestamp":4869104579652943,"circlet_count":0,"master_deck":["AscendersBane","Defend_G","Defend_G","Defend_G","Defend_G","Defend_G","Strike_G","Strike_G","Strike_G","Strike_G","Survivor","Neutralize+1","PiercingWail","PiercingWail","Footwork+1","Riddle With Holes+1","PiercingWail","Bullet Time","Poisoned Stab","Noxious Fumes","Dodge and Roll","Poisoned Stab","Dodge and Roll","Well Laid Plans","Noxious Fumes+1","Ghostly","Ghostly","Ghostly","Backflip+1","Crippling Poison","Die Die Die","Noxious Fumes","Backflip","Calculated Gamble"],"special_seed":0,"relics":["Ring of the Snake","Ancient Tea Set","Art of War","Cursed Key","Centennial Puzzle","Potion Belt","Letter Opener"],"potions_floor_usage":[31],"damage_taken":[{"damage":4.0,"enemies":"Small Slimes","floor":1.0,"turns":5.0},{"damage":1.0,"enemies":"2 Louse","floor":2.0,"turns":5.0},{"damage":0.0,"enemies":"Cultist","floor":4.0,"turns":5.0},{"damage":0.0,"enemies":"3 Louse","floor":5.0,"turns":7.0},{"damage":0.0,"enemies":"Large Slime","floor":8.0,"turns":7.0},{"damage":55.0,"enemies":"Gremlin Nob","floor":10.0,"turns":6.0},{"damage":0.0,"enemies":"2 Fungi Beasts","floor":11.0,"turns":5.0},{"damage":0.0,"enemies":"Red Slaver","floor":13.0,"turns":6.0},{"damage":3.0,"enemies":"Gremlin Gang","floor":14.0,"turns":2.0},{"damage":33.0,"enemies":"Slime Boss","floor":16.0,"turns":11.0},{"damage":19.0,"enemies":"Spheric Guardian","floor":18.0,"turns":6.0},{"damage":1.0,"enemies":"Shell Parasite","floor":21.0,"turns":7.0},{"damage":4.0,"enemies":"Slavers","floor":24.0,"turns":7.0},{"damage":24.0,"enemies":"Gremlin Leader","floor":27.0,"turns":8.0},{"damage":1.0,"enemies":"Snecko","floor":28.0,"turns":10.0},{"damage":0.0,"enemies":"Shelled Parasite and Fungi","floor":30.0,"turns":6.0},{"damage":19,"enemies":"Book of Stabbing","floor":31,"turns":6},{"damage":32,"enemies":"Automaton","floor":33,"turns":6}],"seed_played":"7746886574510784928","potions_obtained":[{"floor":4.0,"key":"LiquidBronze"},{"floor":5.0,"key":"SkillPotion"},{"floor":8.0,"key":"Regen Potion"},{"floor":11.0,"key":"GamblersBrew"},{"floor":14.0,"key":"Strength Potion"},{"floor":21.0,"key":"Ancient Potion"},{"floor":30.0,"key":"Weak Potion"},{"floor":31,"key":"Poison Potion"}],"is_trial":false,"path_per_floor":["M","M","?","M","M","R","?","M","T","E","M","$","M","M","R","B",null,"M","$","?","M","?","R","E","R","T","E","M","R","M","E","R","B"],"character_chosen":"THE_SILENT","items_purchased":["Noxious Fumes","Dodge and Roll","Poisoned Stab","GhostInAJar"],"campfire_rested":4,"item_purchase_floors":[12,12,12,19],"current_hp_per_floor":[61,60,60,60,60,60,60,60,60,20,20,20,20,17,38,5,55,36,36,36,35,27,27,23,35,35,11,10,22,22,3,15,0],"gold":189,"neow_bonus":"TEN_PERCENT_HP_BONUS","is_prod":false,"is_daily":false,"chose_seed":false,"campfire_upgraded":2,"win_rate":0,"timestamp":1548436250,"path_taken":["M","M","?","M","M","R","?","M","T","E","M","$","M","M","R","BOSS","M","$","?","M","?","R","E","R","T","E","M","R","M","E","R","BOSS"],"build_version":"2019-01-23","purchased_purges":1,"victory":false,"max_hp_per_floor":[72,72,72,72,72,72,72,72,72,72,72,72,72,72,72,72,72,72,72,36,36,41,41,41,41,41,41,41,41,41,41,41,41],"card_choices":[{"not_picked":["Prepared","Blur"],"picked":"PiercingWail","floor":1.0},{"not_picked":["Acrobatics","Expertise"],"picked":"PiercingWail","floor":2.0},{"not_picked":["Cloak And Dagger","PiercingWail"],"picked":"Footwork","floor":4.0},{"not_picked":["Endless Agony","Prepared"],"picked":"Riddle With Holes","floor":5.0},{"not_picked":["Riddle With Holes","Blade Dance"],"picked":"PiercingWail","floor":8.0},{"not_picked":["Quick Slash","Slice"],"picked":"Bullet Time","floor":10.0},{"not_picked":["Finisher","Backflip"],"picked":"Poisoned Stab","floor":11.0},{"not_picked":["Poisoned Stab","Blade Dance"],"picked":"Dodge and Roll","floor":13.0},{"not_picked":["Prepared","Poisoned Stab"],"picked":"Well Laid Plans","floor":14.0},{"not_picked":["PiercingWail","Deflect"],"picked":"Noxious Fumes+1","floor":18.0},{"not_picked":["Footwork","Accuracy"],"picked":"Backflip+1","floor":21.0},{"not_picked":["Sucker Punch","Underhanded Strike"],"picked":"Crippling Poison","floor":24.0},{"not_picked":["Escape Plan","Underhanded Strike"],"picked":"Die Die Die","floor":27.0},{"not_picked":["Prepared","Underhanded Strike"],"picked":"Noxious Fumes","floor":28.0},{"not_picked":["Deadly Poison","Blade Dance"],"picked":"Backflip","floor":30.0},{"not_picked":["Dagger Spray","Venomology"],"picked":"Calculated Gamble","floor":31}],"player_experience":669512,"relics_obtained":[{"floor":9.0,"key":"Ancient Tea Set"},{"floor":10.0,"key":"Art of War"},{"floor":24.0,"key":"Centennial Puzzle"},{"floor":27.0,"key":"Potion Belt"},{"floor":31,"key":"Letter Opener"}],"event_choices":[{"damage_healed":0.0,"max_hp_gain":0.0,"max_hp_loss":0.0,"gold_gain":0.0,"event_name":"Scrap Ooze","player_choice":"Fled","floor":3.0,"gold_loss":0.0,"damage_taken":0.0},{"damage_healed":0.0,"max_hp_gain":0.0,"max_hp_loss":0.0,"gold_gain":0.0,"event_name":"Upgrade Shrine","player_choice":"Upgraded","floor":7.0,"gold_loss":0.0,"damage_taken":0.0,"cards_upgraded":["Riddle With Holes"]},{"damage_healed":0.0,"max_hp_gain":0.0,"max_hp_loss":36.0,"gold_gain":0.0,"event_name":"Ghosts","player_choice":"Became a Ghost","floor":20.0,"gold_loss":0.0,"damage_taken":0.0,"cards_obtained":["Ghostly","Ghostly","Ghostly"]},{"damage_healed":0.0,"max_hp_gain":5.0,"max_hp_loss":0.0,"gold_gain":0.0,"event_name":"Forgotten Altar","player_choice":"Shed Blood","floor":22.0,"gold_loss":0.0,"damage_taken":13.0}],"is_beta":true,"boss_relics":[{"not_picked":["Lizard Tail","Ring of the Serpent"],"picked":"Cursed Key"}],"items_purged_floors":[12],"is_endless":false,"potions_floor_spawned":[4,5,8,11,14,21,30,31],"killed_by":"Automaton","ascension_level":20}