{"gold_per_floor":[116,116,129,142,142,171,171,186,211,227,227,240,252,281,281,356,356,372,312,325,72,84,84,84,84,84,84,98,20,20,45,45,121,121,131,231,278,291,291,304,329,342,369,381,396,396,10,10,10,10,10,10,10,40,40],"floor_reached":55,"playtime":3320,"items_purged":[],"score":1186,"play_id":"02a6d475-4dda-4804-8a87-953807bd0479","local_time":"20190407170358","is_ascension_mode":true,"campfire_choices":[{"data":"Neutralize","floor":7.0,"key":"SMITH"},{"data":"Terror","floor":11.0,"key":"SMITH"},{"floor":15.0,"key":"REST"},{"floor":23.0,"key":"REST"},{"floor":25.0,"key":"REST"},{"floor":32.0,"key":"REST"},{"floor":46.0,"key":"RECALL"},{"data":"Wraith Form v2","floor":49.0,"key":"SMITH"},{"data":"Footwork","floor":52.0,"key":"SMITH"}],"neow_cost":"NONE","seed_source_timestamp":3789774480499543,"circlet_count":0,"master_deck":["AscendersBane","Defend_G","Defend_G","Defend_G","Defend_G","Defend_G","Strike_G","Strike_G","Survivor","Neutralize+1","Terror+1","Quick Slash","Acrobatics","PiercingWail","Leg Sweep","Wraith Form v2+1","Dagger Throw","Quick Slash+1","Apotheosis","Footwork+1","Underhanded Strike","Tactician+1","Distraction","Concentrate","Blade Dance","Bullet Time","Skewer","Backflip+1","Quick Slash","Caltrops+1","Crippling Poison+1","Tactician","Quick Slash","Footwork","Predator+1"],"special_seed":0,"relics":["Ring of the Snake","NeowsBlessing","Oddly Smooth Stone","Orichalcum","Odd Mushroom","Snecko Eye","Enchiridion","Pantograph","Centennial Puzzle","Empty Cage","Ginger","Du-Vu Doll","War Paint","Blood Vial","Turnip","Ornamental Fan","Pen Nib"],"potions_floor_usage":[55,55],"damage_taken":[{"damage":0.0,"enemies":"2 Louse","floor":1.0,"turns":1.0},{"damage":0.0,"enemies":"Cultist","floor":3.0,"turns":1.0},{"damage":0.0,"enemies":"Small Slimes","floor":4.0,"turns":1.0},{"damage":24.0,"enemies":"Lagavulin","floor":6.0,"turns":9.0},{"damage":0.0,"enemies":"3 Louse","floor":8.0,"turns":4.0},{"damage":0.0,"enemies":"Looter","floor":10.0,"turns":3.0},{"damage":0.0,"enemies":"Exordium Wildlife","floor":12.0,"turns":4.0},{"damage":0.0,"enemies":"Blue Slaver","floor":13.0,"turns":5.0},{"damage":11.0,"enemies":"The Mushroom Lair","floor":14.0,"turns":7.0},{"damage":26.0,"enemies":"The Guardian","floor":16.0,"turns":20.0},{"damage":20.0,"enemies":"3 Byrds","floor":18.0,"turns":12.0},{"damage":0.0,"enemies":"2 Thieves","floor":19.0,"turns":4.0},{"damage":6.0,"enemies":"Snecko","floor":20.0,"turns":6.0},{"damage":21.0,"enemies":"3 Cultists","floor":22.0,"turns":9.0},{"damage":8.0,"enemies":"Shelled Parasite and Fungi","floor":28.0,"turns":9.0},{"damage":35.0,"enemies":"Champ","floor":33.0,"turns":13.0},{"damage":0.0,"enemies":"3 Darklings","floor":35.0,"turns":5.0},{"damage":0.0,"enemies":"Mind Bloom Boss Battle","floor":36.0,"turns":10.0},{"damage":14.0,"enemies":"2 Orb Walkers","floor":37.0,"turns":6.0},{"damage":0.0,"enemies":"Orb Walker","floor":38.0,"turns":2.0},{"damage":0.0,"enemies":"4 Shapes","floor":40.0,"turns":8.0},{"damage":19.0,"enemies":"Giant Head","floor":41.0,"turns":9.0},{"damage":0.0,"enemies":"Sphere and 2 Shapes","floor":42.0,"turns":3.0},{"damage":7.0,"enemies":"Spire Growth","floor":44.0,"turns":6.0},{"damage":0.0,"enemies":"Jaw Worm Horde","floor":45.0,"turns":4.0},{"damage":17.0,"enemies":"Time Eater","floor":50.0,"turns":14.0},{"damage":43.0,"enemies":"Shield and Spear","floor":54.0,"turns":11.0},{"damage":51,"enemies":"The Heart","floor":55,"turns":8}],"seed_played":"-4841573539678219154","potions_obtained":[{"floor":1.0,"key":"FearPotion"},{"floor":3.0,"key":"SteroidPotion"},{"floor":10.0,"key":"FearPotion"},{"floor":16.0,"key":"Block Potion"},{"floor":18.0,"key":"GhostInAJar"},{"floor":28.0,"key":"EntropicBrew"},{"floor":35.0,"key":"SkillPotion"},{"floor":38.0,"key":"SteroidPotion"},{"floor":41.0,"key":"Fire Potion"},{"floor":44.0,"key":"SpeedPotion"}],"is_trial":false,"path_per_floor":["M","?","M","M","?","E","R","M","T","M","R","M","M","?","R","B",null,"M","M","M","$","M","R","?","R","T","T","M","$","?","T","R","B",null,"M","?","?","M","?","M","E","M","T","M","M","R","$","T","R","B",null,"R","$","E","B"],"character_chosen":"THE_SILENT","items_purchased":["Apotheosis","Footwork","Distraction","Footwork","Turnip"],"campfire_rested":4,"item_purchase_floors":[21,21,29,47,47],"current_hp_per_floor":[59,59,59,59,59,35,35,35,35,35,35,35,35,24,43,17,54,34,34,28,28,7,26,5,24,24,24,16,16,16,16,35,25,56,56,66,52,52,52,52,33,33,33,28,30,30,30,30,30,40,60,60,60,19,0],"gold":40,"neow_bonus":"THREE_ENEMY_KILL","is_prod":false,"is_daily":false,"chose_seed":false,"campfire_upgraded":4,"win_rate":0,"timestamp":1554671038,"path_taken":["M","?","M","?","?","E","R","M","T","M","R","M","M","?","R","BOSS","M","M","M","$","M","R","?","R","T","?","M","$","?","?","R","BOSS","M","?","?","M","?","M","E","?","T","M","M","R","$","?","R","BOSS","R","$","E","BOSS"],"build_version":"2019-04-04","purchased_purges":0,"victory":false,"max_hp_per_floor":[66,66,66,66,66,66,66,66,66,66,66,66,66,66,66,66,66,66,66,66,66,66,66,66,66,66,66,66,66,66,66,66,66,66,66,66,66,66,66,66,66,66,66,66,66,66,66,66,66,66,66,66,66,66,66],"card_choices":[{"not_picked":["Tactician","Expertise"],"picked":"Terror","floor":1.0},{"not_picked":["Bane","Tactician","Deadly Poison"],"picked":"SKIP","floor":3.0},{"not_picked":["Escape Plan","Calculated Gamble"],"picked":"Quick Slash","floor":4.0},{"not_picked":["Concentrate","Blade Dance"],"picked":"Deflect","floor":6.0},{"not_picked":["Poisoned Stab","Distraction"],"picked":"Acrobatics","floor":8.0},{"not_picked":["Sucker Punch","Acrobatics"],"picked":"Endless Agony","floor":10.0},{"not_picked":["Slice","Deadly Poison"],"picked":"PiercingWail","floor":12.0},{"not_picked":["Slice","Underhanded Strike","Cloak And Dagger"],"picked":"SKIP","floor":13.0},{"not_picked":["Acrobatics","Riddle With Holes"],"picked":"Leg Sweep","floor":14.0},{"not_picked":["Tools of the Trade","Unload"],"picked":"Wraith Form v2","floor":16.0},{"not_picked":["Acrobatics","Backflip"],"picked":"Dagger Throw","floor":18.0},{"not_picked":["Blade Dance","Flying Knee"],"picked":"Quick Slash+1","floor":19.0},{"not_picked":["Deflect","Infinite Blades","PiercingWail"],"picked":"SKIP","floor":20.0},{"not_picked":["Skewer","Blade Dance"],"picked":"Underhanded Strike","floor":22.0},{"not_picked":["Flying Knee","PiercingWail"],"picked":"Tactician","floor":28.0},{"not_picked":["Tools of the Trade","Wraith Form v2"],"picked":"Bullet Time","floor":33.0},{"not_picked":["Dagger Spray+1","Blade Dance","Cloak And Dagger+1"],"picked":"SKIP","floor":35.0},{"not_picked":["Flying Knee","Acrobatics"],"picked":"Skewer","floor":36.0},{"not_picked":["Outmaneuver","Dagger Throw+1"],"picked":"Backflip","floor":38.0},{"not_picked":["Masterful Stab","Sucker Punch"],"picked":"Quick Slash","floor":40.0},{"not_picked":["Choke","Dagger Throw"],"picked":"Caltrops+1","floor":41.0},{"not_picked":["Masterful Stab+1","Blur+1"],"picked":"Crippling Poison+1","floor":42.0},{"not_picked":["Dagger Spray+1","Deflect"],"picked":"Tactician","floor":44.0},{"not_picked":["Skewer","Poisoned Stab+1"],"picked":"Quick Slash","floor":45.0},{"not_picked":["Dagger Spray","Dodge and Roll+1"],"picked":"Predator+1","floor":54.0}],"player_experience":917530,"relics_obtained":[{"floor":6.0,"key":"Oddly Smooth Stone"},{"floor":9.0,"key":"Orichalcum"},{"floor":14.0,"key":"Odd Mushroom"},{"floor":24.0,"key":"Enchiridion"},{"floor":26.0,"key":"Pantograph"},{"floor":31.0,"key":"Centennial Puzzle"},{"floor":36.0,"key":"Ginger"},{"floor":37.0,"key":"Du-Vu Doll"},{"floor":41.0,"key":"War Paint"},{"floor":43.0,"key":"Blood Vial"},{"floor":48.0,"key":"Ornamental Fan"},{"floor":54.0,"key":"Pen Nib"}],"event_choices":[{"cards_removed":["Strike_G"],"damage_healed":0.0,"max_hp_gain":0.0,"max_hp_loss":0.0,"gold_gain":0.0,"event_name":"Bonfire Elementals","player_choice":"Offered Basic","floor":2.0,"gold_loss":0.0,"damage_taken":0.0},{"damage_healed":0.0,"max_hp_gain":0.0,"max_hp_loss":0.0,"gold_gain":0.0,"event_name":"The Cleric","player_choice":"Leave","floor":5.0,"gold_loss":0.0,"damage_taken":0.0},{"damage_healed":0.0,"max_hp_gain":0.0,"max_hp_loss":0.0,"gold_gain":0.0,"event_name":"Mushrooms","player_choice":"Fought Mushrooms","floor":14.0,"gold_loss":0.0,"damage_taken":0.0},{"damage_healed":0.0,"max_hp_gain":0.0,"max_hp_loss":0.0,"gold_gain":0.0,"event_name":"Cursed Tome","player_choice":"Obtained Book","floor":24.0,"gold_loss":0.0,"damage_taken":21.0},{"damage_healed":0.0,"max_hp_gain":0.0,"max_hp_loss":0.0,"gold_gain":0.0,"cards_transformed":["Deflect","Endless Agony"],"event_name":"Drug Dealer","player_choice":"Became Test Subject","floor":30.0,"gold_loss":0.0,"damage_taken":0.0,"cards_obtained":["Concentrate","Blade Dance"]},{"damage_healed":0.0,"max_hp_gain":0.0,"max_hp_loss":0.0,"gold_gain":0.0,"event_name":"MindBloom","player_choice":"Fight","floor":36.0,"gold_loss":0.0,"damage_taken":0.0},{"damage_healed":0.0,"max_hp_gain":0.0,"max_hp_loss":0.0,"gold_gain":0.0,"event_name":"Mysterious Sphere","player_choice":"Fight","floor":37.0,"gold_loss":0.0,"damage_taken":0.0},{"damage_healed":0.0,"max_hp_gain":0.0,"max_hp_loss":0.0,"gold_gain":0.0,"event_name":"Match and Keep!","player_choice":"0 cards matched","floor":39.0,"gold_loss":0.0,"damage_taken":0.0,"cards_obtained":[]}],"is_beta":true,"boss_relics":[{"not_picked":["Ring of the Serpent","Black Star"],"picked":"Snecko Eye"},{"not_picked":["Runic Pyramid","Coffee Dripper"],"picked":"Empty Cage"}],"items_purged_floors":[],"is_endless":false,"potions_floor_spawned":[1,3,4,10,16,18,28,35,38,41,44],"killed_by":"The Heart","ascension_level":15}