{"gold_per_floor":[16,27,27,37,112,112,143,143,143,143,170,144,179,179],"floor_reached":14,"playtime":527,"items_purged":[],"score":196,"play_id":"378b778c-9eee-4fe1-ba2b-f58489841e46","local_time":"20190130162814","is_ascension_mode":true,"campfire_choices":[{"data":"Skewer","floor":6.0,"key":"SMITH"},{"floor":8.0,"key":"REST"},{"data":"Envenom","floor":10.0,"key":"SMITH"}],"neow_cost":"NO_GOLD","seed_source_timestamp":5320232012936304,"circlet_count":0,"master_deck":["AscendersBane","Defend_G","Defend_G","Defend_G","Defend_G","Defend_G","Strike_G","Strike_G","Strike_G","Strike_G","Strike_G","Survivor","Neutralize","Dagger Spray","Predator","Skewer+1","Envenom+1","Blade Dance"],"special_seed":0,"relics":["Ring of the Snake","Calipers","Matryoshka","Kunai","Centennial Puzzle","Snake Skull","Bronze Scales"],"potions_floor_usage":[],"damage_taken":[{"damage":6.0,"enemies":"Jaw Worm","floor":1.0,"turns":7.0},{"damage":1.0,"enemies":"Cultist","floor":2.0,"turns":4.0},{"damage":0.0,"enemies":"2 Louse","floor":4.0,"turns":2.0},{"damage":27.0,"enemies":"3 Sentries","floor":7.0,"turns":8.0},{"damage":5.0,"enemies":"Exordium Thugs","floor":12.0,"turns":4.0},{"damage":19.0,"enemies":"Gremlin Nob","floor":13.0,"turns":4.0},{"damage":10,"enemies":"Lots of Slimes","floor":14,"turns":2}],"seed_played":"-8493765115440124109","potions_obtained":[{"floor":2.0,"key":"SteroidPotion"},{"floor":7.0,"key":"Weak Potion"}],"is_trial":false,"path_per_floor":["M","M","?","M","?","R","E","R","T","R","T","M","E","M"],"character_chosen":"THE_SILENT","items_purchased":[],"campfire_rested":1,"item_purchase_floors":[],"current_hp_per_floor":[53,52,52,52,41,41,14,33,33,33,33,28,9,0],"gold":179,"neow_bonus":"ONE_RARE_RELIC","is_prod":false,"is_daily":false,"chose_seed":false,"campfire_upgraded":2,"win_rate":0,"timestamp":1548883694,"path_taken":["M","M","?","M","?","R","E","R","T","R","?","?","E","M"],"build_version":"2019-01-23","purchased_purges":0,"victory":false,"max_hp_per_floor":[66,66,66,66,66,66,66,66,66,66,66,66,66,66],"card_choices":[{"not_picked":["Flying Knee","Sucker Punch"],"picked":"Dagger Spray","floor":1.0},{"not_picked":["Flechettes","Bane"],"picked":"Predator","floor":2.0},{"not_picked":["Quick Slash","Distraction"],"picked":"Skewer","floor":4.0},{"not_picked":["Envenom","Reflex","Deadly Poison"],"picked":"SKIP","floor":7.0},{"not_picked":["Reflex","Deadly Poison"],"picked":"Envenom","floor":7.0},{"not_picked":["Outmaneuver","Tactician","Underhanded Strike"],"picked":"SKIP","floor":12.0},{"not_picked":["Riddle With Holes","Blade Dance","Quick Slash"],"picked":"SKIP","floor":13.0},{"not_picked":["Riddle With Holes","Quick Slash"],"picked":"Blade Dance","floor":13.0}],"player_experience":698369,"relics_obtained":[{"floor":7.0,"key":"Matryoshka"},{"floor":9.0,"key":"Kunai"},{"floor":9.0,"key":"Centennial Puzzle"},{"floor":11.0,"key":"Snake Skull"},{"floor":13.0,"key":"Bronze Scales"}],"event_choices":[{"damage_healed":0.0,"max_hp_gain":0.0,"max_hp_loss":0.0,"gold_gain":0.0,"event_name":"The Cleric","player_choice":"Leave","floor":3.0,"gold_loss":0.0,"damage_taken":0.0},{"damage_healed":0.0,"max_hp_gain":0.0,"max_hp_loss":0.0,"gold_gain":75.0,"event_name":"World of Goop","player_choice":"Gather Gold","floor":5.0,"gold_loss":0.0,"damage_taken":11.0}],"is_beta":true,"boss_relics":[],"items_purged_floors":[],"is_endless":false,"potions_floor_spawned":[2,7,12],"killed_by":"Lots of Slimes","ascension_level":20}