{"path_per_floor":["M","?","M","?","M","R","E","M","T","M","M","R","M","M","R","B",null,"M","M","M","?","M","R","M","R","T","E","R","M","M","M","R"],"character_chosen":"IRONCLAD","items_purchased":[],"gold_per_floor":[113,78,94,94,104,104,129,149,149,160,175,175,190,203,203,304,304,294,309,319,319,337,337,353,353,407,432,432,443,459,472,472],"floor_reached":33,"campfire_rested":2,"playtime":2100,"current_hp_per_floor":[57,77,79,63,69,69,35,10,10,16,17,41,47,48,48,26,67,40,42,40,40,46,46,44,44,44,43,43,45,12,16,40],"items_purged":[],"gold":472,"score":388,"play_id":"89794728-5e24-41b4-8eb5-0cfe06cf7f2c","is_prod":false,"is_daily":false,"is_ascension_mode":true,"campfire_upgraded":5,"path_taken":["M","?","M","?","M","R","E","M","T","?","?","R","M","M","R","BOSS","M","M","M","?","M","R","M","R","T","E","R","M","M","M","R","BOSS"],"build_version":"2018-02-08-PROD1","purchased_purges":0,"victory":false,"master_deck":["Strike_R+1","Strike_R+1","Strike_R+1","Strike_R+1","Strike_R+1","Defend_R+1","Defend_R+1","Defend_R+1","Defend_R+1","Bash","Iron Wave","Flame Barrier","Battle Trance","Whirlwind+1","Disarm+1","Shrug It Off","Flame Barrier","Evolve","Second Wind+1","Juggernaut+1","Armaments","Shrug It Off+1","Power Through","Entrench+1","Headbutt+1","Iron Wave","Iron Wave","Entrench+1"],"max_hp_per_floor":[80,80,80,80,80,80,80,80,80,80,80,80,80,80,80,80,80,80,80,80,80,80,80,80,80,80,80,80,80,80,80,80],"relics":["Burning Blood","Ancient Tea Set","Red Skull","Runic Cube","Juzu Bracelet","Du-Vu Doll"],"card_choices":[{"not_picked":["Rupture","Wild Strike"],"picked":"Iron Wave"},{"not_picked":["Clothesline","Power Through"],"picked":"Flame Barrier"},{"not_picked":["Wild Strike","Second Wind"],"picked":"Battle Trance"},{"not_picked":["Feel No Pain","Blood for Blood"],"picked":"Whirlwind"},{"not_picked":["Flex","Anger"],"picked":"Disarm"},{"not_picked":["Limit Break","Whirlwind"],"picked":"Shrug It Off"},{"not_picked":["Spot Weakness","Headbutt"],"picked":"Flame Barrier"},{"not_picked":["Cleave","Wild Strike"],"picked":"Evolve"},{"not_picked":["Wild Strike","Reaper"],"picked":"Second Wind"},{"not_picked":["Reaper","Bludgeon"],"picked":"Juggernaut"},{"not_picked":["Anger","Whirlwind"],"picked":"Armaments"},{"not_picked":["Twin Strike","Perfected Strike"],"picked":"Shrug It Off"},{"not_picked":["Wild Strike","Iron Wave"],"picked":"Power Through"},{"not_picked":["Corruption","Inflame"],"picked":"Entrench"},{"not_picked":["Anger","Perfected Strike"],"picked":"Headbutt"},{"not_picked":["Thunderclap","Searing Blow"],"picked":"Iron Wave"},{"not_picked":["Clash","Pommel Strike"],"picked":"Iron Wave"},{"not_picked":["Body Slam","Cleave"],"picked":"Entrench"}],"player_experience":324608,"potions_floor_usage":[31],"damage_taken":[{"damage":21.0,"enemies":"Blue Slaver","floor":1.0,"turns":3.0},{"damage":4.0,"enemies":"Jaw Worm","floor":3.0,"turns":5.0},{"damage":0.0,"enemies":"Small Slimes","floor":5.0,"turns":4.0},{"damage":40.0,"enemies":"Lagavulin","floor":7.0,"turns":8.0},{"damage":31.0,"enemies":"Exordium Thugs","floor":8.0,"turns":4.0},{"damage":0.0,"enemies":"Large Slime","floor":10.0,"turns":6.0},{"damage":5.0,"enemies":"Lots of Slimes","floor":11.0,"turns":2.0},{"damage":0.0,"enemies":"Gremlin Gang","floor":13.0,"turns":3.0},{"damage":5.0,"enemies":"3 Louse","floor":14.0,"turns":3.0},{"damage":28.0,"enemies":"The Guardian","floor":16.0,"turns":13.0},{"damage":33.0,"enemies":"2 Thieves","floor":18.0,"turns":4.0},{"damage":4.0,"enemies":"Shell Parasite","floor":19.0,"turns":11.0},{"damage":8.0,"enemies":"Snecko","floor":20.0,"turns":7.0},{"damage":0.0,"enemies":"Chosen and Byrds","floor":22.0,"turns":8.0},{"damage":8.0,"enemies":"Snake Plant","floor":24.0,"turns":7.0},{"damage":7.0,"enemies":"Slavers","floor":27.0,"turns":2.0},{"damage":4.0,"enemies":"Centurion and Healer","floor":29.0,"turns":22.0},{"damage":51.0,"enemies":"3 Cultists","floor":30.0,"turns":5.0},{"damage":2,"enemies":"Snecko","floor":31,"turns":7},{"damage":65,"enemies":"Automaton","floor":33,"turns":6}],"event_choices":[{"event_name":"The Cleric","player_choice":"Healed","floor":2.0,"damage_taken":0.0},{"event_name":"Shining Light","player_choice":"Entered Light","floor":4.0,"damage_taken":0.0},{"event_name":"Back to Basics","player_choice":"Simplicity","floor":21.0,"damage_taken":0.0}],"boss_relics":[],"potions_floor_spawned":[1,5,13,14,16,18,19,27,29,31],"seed_played":"-1947546892487376841","killed_by":"Automaton","ascension_level":8,"is_trial":false}