{"gold_per_floor":[118,268,193,77,77,102,102,137,216,12,25,25,25,25,25,99,99,116,150,150,161,178,178,197,207,207,207,217,217,251,251,251,328,328,340,340,356,368,381,412,412,429,429,529,529,149,167,182,182,182,182,182,98,123,123],"floor_reached":56,"playtime":3241,"items_purged":[],"score":1996,"play_id":"d39f3bf8-daad-451c-ace7-5fe907d3d280","local_time":"20190309222135","is_ascension_mode":true,"campfire_choices":[{"data":"Tools of the Trade","floor":7,"key":"SMITH"},{"data":"Noxious Fumes","floor":13,"key":"SMITH"},{"data":"Bouncing Flask","floor":15,"key":"SMITH"},{"floor":27,"key":"REST"},{"data":"Footwork","floor":29,"key":"SMITH"},{"data":"After Image","floor":32,"key":"SMITH"},{"data":"After Image","floor":45,"key":"SMITH"},{"floor":49,"key":"RECALL"},{"data":"Malaise","floor":52,"key":"SMITH"}],"neow_cost":"NONE","seed_source_timestamp":1307545370133959,"circlet_count":0,"master_deck":["AscendersBane","Defend_G+1","Defend_G+1","Defend_G+1","Defend_G+1","Defend_G+1","Survivor","Neutralize","Bouncing Flask+1","Noxious Fumes+1","PiercingWail","Tools of the Trade+1","PiercingWail","Malaise+1","Backflip","Corpse Explosion","Footwork+1","Acrobatics","Escape Plan+1","Cloak And Dagger","Calculated Gamble","After Image+1","Bite","Bite","Bite","Bite","Bite","After Image+1","Dash+1","Skewer+1","Malaise","Wraith Form v2","Leg Sweep+1","Footwork","Crippling Poison","Blind","PiercingWail"],"relics":["Ring of the Snake","NeowsBlessing","Strawberry","Oddly Smooth Stone","TwistedFunnel","Dream Catcher","Velvet Choker","Red Mask","Shuriken","Omamori","Cursed Key","Kunai","Ornamental Fan","Turnip","Gambling Chip","Dead Branch"],"potions_floor_usage":[5,19,55],"damage_taken":[{"damage":0,"enemies":"Cultist","floor":1,"turns":1},{"damage":0,"enemies":"Lagavulin","floor":6,"turns":1},{"damage":0,"enemies":"Gremlin Nob","floor":8,"turns":1},{"damage":2,"enemies":"2 Louse","floor":11,"turns":2},{"damage":43,"enemies":"Slime Boss","floor":16,"turns":12},{"damage":9,"enemies":"2 Thieves","floor":18,"turns":4},{"damage":26,"enemies":"Masked Bandits","floor":19,"turns":6},{"damage":0,"enemies":"Spheric Guardian","floor":21,"turns":3},{"damage":5,"enemies":"Shelled Parasite and Fungi","floor":22,"turns":6},{"damage":0,"enemies":"Snake Plant","floor":24,"turns":5},{"damage":7,"enemies":"Cultist and Chosen","floor":25,"turns":5},{"damage":6,"enemies":"Sentry and Sphere","floor":28,"turns":4},{"damage":2,"enemies":"Slavers","floor":30,"turns":4},{"damage":38,"enemies":"Champ","floor":33,"turns":16},{"damage":0,"enemies":"3 Shapes","floor":35,"turns":4},{"damage":1,"enemies":"Orb Walker","floor":37,"turns":4},{"damage":0,"enemies":"4 Shapes","floor":38,"turns":3},{"damage":9,"enemies":"3 Darklings","floor":39,"turns":5},{"damage":10,"enemies":"Nemesis","floor":40,"turns":13},{"damage":0,"enemies":"Jaw Worm Horde","floor":42,"turns":2},{"damage":1,"enemies":"Mind Bloom Boss Battle","floor":44,"turns":9},{"damage":0,"enemies":"Maw","floor":47,"turns":9},{"damage":0,"enemies":"Writhing Mass","floor":48,"turns":10},{"damage":18,"enemies":"Awakened One","floor":50,"turns":26},{"damage":11,"enemies":"Shield and Spear","floor":54,"turns":10},{"damage":55,"enemies":"The Heart","floor":55,"turns":17}],"seed_played":"1970522708387348795","potions_obtained":[{"floor":5,"key":"Fruit Juice"},{"floor":5,"key":"LiquidBronze"},{"floor":8,"key":"Explosive Potion"},{"floor":21,"key":"FearPotion"},{"floor":24,"key":"SpeedPotion"},{"floor":28,"key":"Dexterity Potion"},{"floor":37,"key":"Swift Potion"}],"is_trial":false,"path_per_floor":["M","?","?","$","?","E","R","E","T","$","M","T","R","?","R","B",null,"M","?","?","M","M","?","M","M","T","R","M","R","E","?","R","B",null,"M","?","M","M","M","E","?","M","T","?","R","$","M","M","R","B",null,"R","$","E","B",null],"character_chosen":"THE_SILENT","items_purchased":["Noxious Fumes","PiercingWail","TwistedFunnel","Gambling Chip","Footwork","Blind"],"campfire_rested":1,"item_purchase_floors":[4,4,10,46,46,53],"current_hp_per_floor":[59,59,59,59,64,71,71,71,71,71,69,69,69,74,74,31,70,61,35,35,35,30,30,30,23,23,47,41,41,39,39,39,29,51,58,50,57,58,53,50,50,50,50,55,55,55,55,55,55,55,55,55,55,52,13],"gold":123,"neow_bonus":"THREE_ENEMY_KILL","is_prod":false,"is_daily":false,"chose_seed":false,"campfire_upgraded":7,"win_rate":0,"timestamp":1552188095,"path_taken":["M","?","?","$","?","E","R","E","T","$","?","?","R","?","R","BOSS","M","?","?","M","M","?","M","M","T","R","M","R","E","?","R","BOSS","M","?","?","M","M","E","?","M","T","?","R","$","M","M","R","BOSS","R","$","E","BOSS"],"build_version":"2019-02-06","purchased_purges":0,"victory":true,"max_hp_per_floor":[66,66,66,66,71,78,78,78,78,78,78,78,78,83,83,83,83,83,83,83,83,83,83,83,83,83,83,83,83,83,58,58,58,58,58,58,58,58,58,58,55,55,55,55,55,55,55,55,55,55,55,55,55,55,55],"card_choices":[{"not_picked":["Dodge and Roll","Prepared"],"picked":"Bouncing Flask","floor":1},{"not_picked":["Backflip","Distraction"],"picked":"Tools of the Trade","floor":6},{"not_picked":["Outmaneuver","Flying Knee","Expertise"],"picked":"SKIP","floor":8},{"not_picked":["Cloak And Dagger","Flying Knee"],"picked":"PiercingWail","floor":11},{"not_picked":["Unload","Bullet Time"],"picked":"Malaise","floor":16},{"not_picked":["Dagger Throw","Concentrate"],"picked":"Backflip","floor":18},{"not_picked":["Flying Knee+1","All Out Attack"],"picked":"Corpse Explosion","floor":19},{"not_picked":["Backflip","Blade Dance"],"picked":"Footwork","floor":21},{"not_picked":["Caltrops","Flying Knee"],"picked":"Acrobatics","floor":22},{"not_picked":["Dagger Spray","Finisher"],"picked":"Escape Plan+1","floor":24},{"not_picked":["Blade Dance","A Thousand Cuts"],"picked":"Cloak And Dagger","floor":25},{"not_picked":["Prepared","Tactician"],"picked":"Calculated Gamble","floor":27},{"not_picked":["Slice","Blade Dance","Deflect"],"picked":"SKIP","floor":28},{"not_picked":["Dagger Spray","Predator"],"picked":"After Image","floor":30},{"not_picked":["Glass Knife","Night Terror"],"picked":"After Image","floor":33},{"not_picked":["PiercingWail","Sucker Punch"],"picked":"Dash+1","floor":35},{"not_picked":["Sucker Punch","Outmaneuver","Heel Hook"],"picked":"SKIP","floor":37},{"not_picked":["PiercingWail","Distraction"],"picked":"Skewer+1","floor":38},{"not_picked":["Concentrate","Blade Dance","Dagger Spray+1"],"picked":"SKIP","floor":39},{"not_picked":["Cloak And Dagger+1","Slice"],"picked":"Malaise","floor":40},{"not_picked":["Outmaneuver","PiercingWail"],"picked":"Wraith Form v2","floor":42},{"not_picked":["Deadly Poison","All Out Attack"],"picked":"Leg Sweep+1","floor":44},{"not_picked":["Blade Dance","Dagger Spray","Sucker Punch"],"picked":"SKIP","floor":47},{"not_picked":["Dagger Spray","Escape Plan"],"picked":"Crippling Poison","floor":48},{"not_picked":["Phantasmal Killer","Riddle With Holes"],"picked":"PiercingWail","floor":54}],"player_experience":786629,"relics_obtained":[{"floor":6,"key":"Strawberry"},{"floor":8,"key":"Oddly Smooth Stone"},{"floor":12,"key":"Dream Catcher"},{"floor":19,"key":"Red Mask"},{"floor":26,"key":"Shuriken"},{"floor":30,"key":"Omamori"},{"floor":40,"key":"Kunai"},{"floor":43,"key":"Ornamental Fan"},{"floor":44,"key":"Turnip"},{"floor":54,"key":"Dead Branch"}],"event_choices":[{"damage_healed":0,"gold_gain":150,"player_choice":"AGREE","damage_taken":0,"max_hp_gain":0,"max_hp_loss":0,"event_name":"Liars Game","floor":2,"gold_loss":0,"cards_obtained":["Doubt"]},{"cards_removed":["Doubt"],"damage_healed":0,"gold_gain":0,"player_choice":"Card Removal","damage_taken":0,"max_hp_gain":0,"max_hp_loss":0,"event_name":"The Cleric","floor":3,"gold_loss":75},{"damage_healed":0,"gold_gain":0,"player_choice":"Got Potions","damage_taken":0,"max_hp_gain":0,"max_hp_loss":0,"event_name":"Lab","floor":5,"gold_loss":0},{"damage_healed":0,"gold_gain":0,"player_choice":"Donut","damage_taken":0,"max_hp_gain":5,"max_hp_loss":0,"event_name":"Big Fish","floor":14,"gold_loss":0},{"damage_healed":0,"gold_gain":0,"player_choice":"Fought Bandits","damage_taken":0,"max_hp_gain":0,"max_hp_loss":0,"event_name":"Masked Bandits","floor":19,"gold_loss":0},{"damage_healed":0,"gold_gain":0,"player_choice":"Ignored","damage_taken":0,"max_hp_gain":0,"max_hp_loss":0,"event_name":"The Mausoleum","floor":20,"gold_loss":0},{"damage_healed":0,"gold_gain":0,"player_choice":"Simplicity","damage_taken":0,"max_hp_gain":0,"max_hp_loss":0,"event_name":"Back to Basics","floor":23,"gold_loss":0,"cards_upgraded":["Defend_G","Defend_G","Defend_G","Defend_G","Defend_G","Strike_G","Strike_G","Strike_G","Strike_G","Strike_G"]},{"damage_healed":0,"gold_gain":0,"player_choice":"Became a vampire","damage_taken":0,"max_hp_gain":0,"max_hp_loss":25,"event_name":"Vampires","floor":31,"gold_loss":0,"cards_obtained":["Bite","Bite","Bite","Bite","Bite"]},{"damage_healed":0,"gold_gain":0,"player_choice":"Damaged","damage_taken":8,"max_hp_gain":0,"max_hp_loss":0,"event_name":"Wheel of Change","floor":36,"gold_loss":0},{"damage_healed":0,"gold_gain":0,"player_choice":"Max HP","damage_taken":0,"max_hp_gain":0,"max_hp_loss":3,"event_name":"Winding Halls","floor":41,"gold_loss":0},{"damage_healed":0,"gold_gain":0,"player_choice":"Fight","damage_taken":0,"max_hp_gain":0,"max_hp_loss":0,"event_name":"MindBloom","floor":44,"gold_loss":0}],"is_beta":true,"boss_relics":[{"not_picked":["Eternal Feather","HoveringKite"],"picked":"Velvet Choker"},{"not_picked":["Astrolabe","White Beast Statue"],"picked":"Cursed Key"}],"items_purged_floors":[],"is_endless":false,"potions_floor_spawned":[8,21,24,28,33,37,39,42,47,48],"ascension_level":15}