{"gold_per_floor":[110,1,14,14,33,33,63,63,138,172,172,187,187,202,202,281,281,292,27,27,42,55,85,85,120,147,147,147,172,172,186,186,257,257,271,271,284,32,52,52,72,72,72,72,104,121,121,152,152,152,152,152,18,18],"floor_reached":54,"playtime":3435,"items_purged":["Strike_B","Decay","Bite"],"score":1360,"play_id":"b3f1ba8a-3d40-430a-ae16-b33079f20470","local_time":"20190401102458","is_ascension_mode":true,"campfire_choices":[{"data":"Go for the Eyes","floor":6.0,"key":"SMITH"},{"data":"Defragment","floor":8.0,"key":"SMITH"},{"data":"Zap","floor":15.0,"key":"SMITH"},{"floor":24.0,"key":"REST"},{"data":"Creative AI","floor":28.0,"key":"SMITH"},{"data":"Coolheaded","floor":30.0,"key":"SMITH"},{"data":"Recycle","floor":32.0,"key":"SMITH"},{"data":"Redo","floor":40.0,"key":"SMITH"},{"floor":44.0,"key":"RECALL"},{"data":"Capacitor","floor":49.0,"key":"SMITH"},{"data":"Seek","floor":52.0,"key":"SMITH"}],"neow_cost":"NONE","seed_source_timestamp":3246878248816070,"circlet_count":0,"master_deck":["AscendersBane","Defend_B","Defend_B","Defend_B","Defend_B","Zap+1","Dualcast","Chill+1","Defragment+1","BootSequence+1","Recycle+1","Go for the Eyes+1","FTL","Hyperbeam","Self Repair","Creative AI+1","Echo Form","Coolheaded+1","Bite","Bite","Bite","Bite","Cold Snap+1","Redo+1","Coolheaded","Seek+1","Sweeping Beam+1","Electrodynamics","Doom and Gloom","Conserve Battery","Coolheaded+1","Capacitor+1","Loop+1","Dark Shackles"],"special_seed":0,"relics":["Cracked Core","NeowsBlessing","War Paint","Mercury Hourglass","Boot","Symbiotic Virus","Cursed Key","Potion Belt","Art of War","Omamori","MutagenicStrength","Turnip","White Beast Statue","DataDisk","Bag of Marbles","Smiling Mask"],"potions_floor_usage":[54,54,54],"damage_taken":[{"damage":0.0,"enemies":"Small Slimes","floor":1.0,"turns":1.0},{"damage":0.0,"enemies":"Cultist","floor":3.0,"turns":1.0},{"damage":0.0,"enemies":"Jaw Worm","floor":5.0,"turns":1.0},{"damage":15.0,"enemies":"Gremlin Nob","floor":7.0,"turns":4.0},{"damage":6.0,"enemies":"3 Sentries","floor":10.0,"turns":6.0},{"damage":0.0,"enemies":"Blue Slaver","floor":12.0,"turns":2.0},{"damage":0.0,"enemies":"Exordium Thugs","floor":14.0,"turns":2.0},{"damage":37.0,"enemies":"The Guardian","floor":16.0,"turns":11.0},{"damage":12.0,"enemies":"Shell Parasite","floor":18.0,"turns":5.0},{"damage":13.0,"enemies":"2 Thieves","floor":21.0,"turns":4.0},{"damage":15.0,"enemies":"Snake Plant","floor":22.0,"turns":4.0},{"damage":35.0,"enemies":"Gremlin Leader","floor":23.0,"turns":6.0},{"damage":21.0,"enemies":"Slavers","floor":25.0,"turns":7.0},{"damage":9.0,"enemies":"Book of Stabbing","floor":29.0,"turns":5.0},{"damage":13.0,"enemies":"Centurion and Healer","floor":31.0,"turns":11.0},{"damage":48.0,"enemies":"Collector","floor":33.0,"turns":11.0},{"damage":0.0,"enemies":"3 Shapes","floor":35.0,"turns":5.0},{"damage":39.0,"enemies":"3 Darklings","floor":37.0,"turns":6.0},{"damage":0.0,"enemies":"4 Shapes","floor":39.0,"turns":15.0},{"damage":15.0,"enemies":"Transient","floor":41.0,"turns":5.0},{"damage":12.0,"enemies":"Reptomancer","floor":45.0,"turns":9.0},{"damage":12.0,"enemies":"Jaw Worm Horde","floor":46.0,"turns":5.0},{"damage":22.0,"enemies":"Nemesis","floor":48.0,"turns":11.0},{"damage":40.0,"enemies":"Awakened One","floor":50.0,"turns":19.0},{"damage":59,"enemies":"Shield and Spear","floor":54,"turns":5}],"seed_played":"1837797148325806946","potions_obtained":[{"floor":1.0,"key":"SkillPotion"},{"floor":3.0,"key":"Fire Potion"},{"floor":4.0,"key":"Block Potion"},{"floor":16.0,"key":"Fire Potion"},{"floor":21.0,"key":"Poison Potion"},{"floor":23.0,"key":"Fire Potion"},{"floor":31.0,"key":"Poison Potion"},{"floor":33.0,"key":"Dexterity Potion"},{"floor":35.0,"key":"Fire Potion"},{"floor":37.0,"key":"PowerPotion"},{"floor":39.0,"key":"SteroidPotion"},{"floor":41.0,"key":"SpeedPotion"},{"floor":45.0,"key":"Fire Potion"},{"floor":46.0,"key":"AttackPotion"},{"floor":48.0,"key":"SneckoOil"}],"is_trial":false,"path_per_floor":["M","$","M","?","M","R","E","R","T","E","T","M","?","M","R","B",null,"M","$","?","M","M","E","R","E","T","?","R","E","R","M","R","B",null,"M","?","M","$","M","R","M","$","T","R","E","M","?","E","R","B",null,"R","$","E"],"character_chosen":"DEFECT","items_purchased":["Defragment","BootSequence","Echo Form","Coolheaded","DataDisk","Dark Shackles"],"campfire_rested":1,"item_purchase_floors":[2,2,19,19,38,53],"current_hp_per_floor":[64,64,64,64,64,64,49,49,49,43,43,43,43,50,50,20,58,53,53,49,49,47,31,45,36,36,36,36,42,42,49,49,33,45,49,49,16,16,49,49,47,47,47,47,49,49,47,47,47,47,47,47,47,0],"gold":18,"neow_bonus":"THREE_ENEMY_KILL","is_prod":false,"is_daily":false,"chose_seed":false,"campfire_upgraded":9,"win_rate":0,"timestamp":1554128698,"path_taken":["M","$","M","?","?","R","E","R","T","E","?","M","?","M","R","BOSS","M","$","?","M","M","E","R","E","T","?","R","E","R","M","R","BOSS","M","?","M","$","M","R","M","?","T","R","E","?","?","E","R","BOSS","R","$","E"],"build_version":"2019-03-15","purchased_purges":3,"victory":false,"max_hp_per_floor":[71,71,71,71,71,71,71,71,71,71,71,71,71,71,71,71,71,71,71,49,49,49,49,49,49,49,49,49,49,49,49,49,49,49,49,49,49,49,49,49,49,49,49,49,49,49,47,47,47,47,47,47,47,47],"card_choices":[{"not_picked":["Hologram","Conserve Battery"],"picked":"Chill","floor":1.0},{"not_picked":["Hologram","Sweeping Beam"],"picked":"Recycle","floor":3.0},{"not_picked":["Hologram","Consume"],"picked":"Go for the Eyes","floor":5.0},{"not_picked":["Skim","Auto Shields"],"picked":"FTL","floor":7.0},{"not_picked":["Sweeping Beam","Hologram"],"picked":"Hyperbeam","floor":10.0},{"not_picked":["Turbo","Consume"],"picked":"Self Repair","floor":12.0},{"not_picked":["Redo","Rip and Tear","Streamline"],"picked":"SKIP","floor":14.0},{"not_picked":["Rainbow","Thunder Strike"],"picked":"Creative AI","floor":16.0},{"not_picked":["Cold Snap","Redo","Ball Lightning"],"picked":"SKIP","floor":18.0},{"not_picked":["Steam","Redo","Stack"],"picked":"SKIP","floor":21.0},{"not_picked":["Go for the Eyes","Beam Cell"],"picked":"Cold Snap+1","floor":22.0},{"not_picked":["Double Energy","Chill"],"picked":"Redo","floor":23.0},{"not_picked":["Tempest","Steam"],"picked":"Coolheaded","floor":25.0},{"not_picked":["Reboot","Sunder"],"picked":"Seek","floor":29.0},{"not_picked":["Steam Power","Streamline"],"picked":"Sweeping Beam+1","floor":31.0},{"not_picked":["Fission","All For One"],"picked":"Electrodynamics","floor":33.0},{"not_picked":["Darkness","Recycle"],"picked":"Doom and Gloom","floor":35.0},{"not_picked":["Rip and Tear","Self Repair+1"],"picked":"Conserve Battery","floor":37.0},{"not_picked":["Streamline+1","Cold Snap","Turbo+1"],"picked":"SKIP","floor":39.0},{"not_picked":["Undo","Ball Lightning"],"picked":"Coolheaded+1","floor":41.0},{"not_picked":["Cold Snap","BootSequence"],"picked":"Capacitor","floor":45.0},{"not_picked":["Storm+1","Ball Lightning","Auto Shields+1"],"picked":"SKIP","floor":46.0},{"not_picked":["Conserve Battery+1","Rainbow"],"picked":"Loop+1","floor":48.0}],"player_experience":880271,"relics_obtained":[{"floor":7.0,"key":"War Paint"},{"floor":9.0,"key":"Mercury Hourglass"},{"floor":10.0,"key":"Boot"},{"floor":11.0,"key":"Symbiotic Virus"},{"floor":23.0,"key":"Potion Belt"},{"floor":25.0,"key":"Art of War"},{"floor":26.0,"key":"Omamori"},{"floor":29.0,"key":"Turnip"},{"floor":45.0,"key":"Bag of Marbles"},{"floor":48.0,"key":"Smiling Mask"}],"event_choices":[{"damage_healed":0.0,"max_hp_gain":0.0,"max_hp_loss":0.0,"gold_gain":0.0,"event_name":"Lab","player_choice":"Got Potions","floor":4.0,"gold_loss":0.0,"damage_taken":0.0},{"damage_healed":0.0,"max_hp_gain":0.0,"max_hp_loss":0.0,"gold_gain":0.0,"event_name":"Liars Game","player_choice":"Ignored","floor":13.0,"gold_loss":0.0,"damage_taken":0.0},{"damage_healed":0.0,"max_hp_gain":0.0,"max_hp_loss":22.0,"gold_gain":0.0,"event_name":"Vampires","player_choice":"Became a vampire","floor":20.0,"gold_loss":0.0,"damage_taken":0.0,"cards_obtained":["Bite","Bite","Bite","Bite","Bite"]},{"damage_healed":0.0,"max_hp_gain":0.0,"max_hp_loss":0.0,"gold_gain":0.0,"event_name":"Drug Dealer","player_choice":"Inject Mutagens","floor":27.0,"gold_loss":0.0,"damage_taken":0.0,"relics_obtained":["MutagenicStrength"]},{"damage_healed":0.0,"max_hp_gain":0.0,"max_hp_loss":0.0,"gold_gain":0.0,"event_name":"SecretPortal","player_choice":"Ignored","floor":36.0,"gold_loss":0.0,"damage_taken":0.0},{"damage_healed":0.0,"max_hp_gain":0.0,"max_hp_loss":2.0,"gold_gain":0.0,"event_name":"Winding Halls","player_choice":"Max HP","floor":47.0,"gold_loss":0.0,"damage_taken":0.0}],"is_beta":true,"boss_relics":[{"not_picked":["Lizard Tail","Philosopher\u0027s Stone"],"picked":"Cursed Key"},{"not_picked":["Runic Dome","Astrolabe"],"picked":"White Beast Statue"}],"items_purged_floors":[19,38,53],"is_endless":false,"potions_floor_spawned":[1,3,5,16,21,23,31,33,35,37,39,41,45,46,48],"killed_by":"Shield and Spear","ascension_level":15}