{"gold_per_floor":[14,32,32,48,64,74,99,112,186,186,221,97,97,111,111,212,212,230,248,248,97,112,124,136,136,136,136,148,148,148,176,176,276,276,291,68,68,88,100,134,134,165,165,177,73,73,73,73,73,73],"floor_reached":51,"playtime":3782,"items_purged":["Strike_B","Streamline"],"score":813,"play_id":"15aaf48a-5e4f-487b-959e-8b7756a5b2ed","local_time":"20190226224723","is_ascension_mode":true,"campfire_choices":[{"data":"Sunder","floor":13.0,"key":"SMITH"},{"floor":15.0,"key":"REST"},{"floor":27,"key":"REST"},{"floor":29,"key":"REST"},{"floor":32,"key":"DIG"},{"data":"Blizzard","floor":41,"key":"SMITH"},{"data":"Defragment","floor":46,"key":"SMITH"},{"data":"Chill","floor":49,"key":"SMITH"}],"neow_cost":"NO_GOLD","seed_source_timestamp":6486613571826,"circlet_count":0,"master_deck":["Defend_B","Defend_B","Defend_B","Zap","Dualcast+1","Echo Form+1","Cold Snap","Compile Driver","Storm","Reinforced Body","Chill+1","Sunder+1","Conserve Battery","Glacier","Glacier","Amplify","Ball Lightning","Consume","White Noise","Recycle+1","Self Repair","Double Energy+1","Consume+1","Electrodynamics","Coolheaded+1","Defragment+1","Scrape","Heatsinks+1","Coolheaded+1","Blizzard+1","Hologram+1","Undo+1","Coolheaded+1","Writhe"],"special_seed":0,"relics":["Cracked Core","Centennial Puzzle","Cables","Smiling Mask","Snecko Eye","Toxic Egg 2","Shovel","War Paint","Inserter","Art of War","Anchor","Question Card","Prayer Wheel"],"potions_floor_usage":[31,33,40,40,40,50],"damage_taken":[{"damage":4.0,"enemies":"Small Slimes","floor":1.0,"turns":4.0},{"damage":0.0,"enemies":"Cultist","floor":2.0,"turns":4.0},{"damage":5.0,"enemies":"Jaw Worm","floor":4.0,"turns":3.0},{"damage":14.0,"enemies":"Blue Slaver","floor":5.0,"turns":4.0},{"damage":14.0,"enemies":"Red Slaver","floor":6.0,"turns":4.0},{"damage":8.0,"enemies":"Lagavulin","floor":7.0,"turns":7.0},{"damage":2.0,"enemies":"2 Fungi Beasts","floor":8.0,"turns":4.0},{"damage":24.0,"enemies":"Gremlin Nob","floor":11.0,"turns":4.0},{"damage":4.0,"enemies":"Exordium Thugs","floor":14.0,"turns":5.0},{"damage":6.0,"enemies":"The Guardian","floor":16.0,"turns":9.0},{"damage":18.0,"enemies":"2 Thieves","floor":18.0,"turns":3.0},{"damage":5.0,"enemies":"Shell Parasite","floor":19.0,"turns":4.0},{"damage":14.0,"enemies":"Snecko","floor":22.0,"turns":3.0},{"damage":24,"enemies":"Chosen and Byrds","floor":23,"turns":5},{"damage":0,"enemies":"Cultist and Chosen","floor":24,"turns":6},{"damage":23,"enemies":"Shelled Parasite and Fungi","floor":28,"turns":6},{"damage":6,"enemies":"Book of Stabbing","floor":31,"turns":6},{"damage":0,"enemies":"Champ","floor":33,"turns":9},{"damage":3,"enemies":"Orb Walker","floor":35,"turns":4},{"damage":16,"enemies":"3 Darklings","floor":38,"turns":2},{"damage":26,"enemies":"Transient","floor":39,"turns":5},{"damage":1,"enemies":"Reptomancer","floor":40,"turns":6},{"damage":10,"enemies":"Giant Head","floor":42,"turns":10},{"damage":0,"enemies":"4 Shapes","floor":44,"turns":2},{"damage":9,"enemies":"Awakened One","floor":50,"turns":12}],"seed_played":"-5546872583329562992","potions_obtained":[{"floor":2.0,"key":"Poison Potion"},{"floor":5.0,"key":"FearPotion"},{"floor":6.0,"key":"SpeedPotion"},{"floor":19.0,"key":"FocusPotion"},{"floor":22.0,"key":"Fruit Juice"},{"floor":23,"key":"FearPotion"},{"floor":28,"key":"SkillPotion"},{"floor":31,"key":"Swift Potion"},{"floor":33,"key":"Fire Potion"},{"floor":35,"key":"LiquidBronze"},{"floor":39,"key":"Energy Potion"},{"floor":40,"key":"FocusPotion"}],"is_trial":false,"path_per_floor":["M","M","?","M","M","M","E","M","T","?","E","$","R","M","R","B",null,"M","M","?","$","M","M","M","?","T","R","M","R","?","E","R","B",null,"M","$","?","M","M","E","R","E","T","M","$","R","?","?","R","B",null],"character_chosen":"DEFECT","items_purchased":["Glacier","Consume","White Noise","Defragment","Art of War","Coolheaded+1"],"campfire_rested":3,"item_purchase_floors":[12,21,21,36,36,45],"current_hp_per_floor":[71,71,71,66,52,38,30,28,28,53,29,29,29,25,47,41,75,57,52,52,52,43,19,19,19,19,43,27,51,51,59,59,66,80,80,80,80,71,45,44,44,41,41,48,48,48,68,68,68,59],"gold":73,"neow_bonus":"THREE_RARE_CARDS","is_prod":false,"is_daily":false,"chose_seed":false,"campfire_upgraded":4,"win_rate":0,"timestamp":1551217643,"path_taken":["M","M","?","?","M","M","E","M","T","?","E","$","R","M","R","BOSS","M","M","?","$","?","M","M","?","T","R","M","R","?","E","R","BOSS","M","$","?","M","?","E","R","E","T","M","$","R","?","?","R","BOSS"],"build_version":"2019-01-23","purchased_purges":2,"victory":true,"max_hp_per_floor":[75,75,75,75,75,75,75,75,75,75,75,75,75,75,75,75,75,75,75,75,75,80,80,80,80,80,80,80,80,80,80,80,80,80,80,80,80,80,80,80,80,80,80,80,80,80,80,80,80,80],"card_choices":[{"not_picked":["Rainbow","Buffer"],"picked":"Echo Form","floor":0.0},{"not_picked":["Go for the Eyes","Streamline"],"picked":"Cold Snap","floor":1.0},{"not_picked":["Scrape","Hologram"],"picked":"Compile Driver","floor":2.0},{"not_picked":["Barrage","Turbo"],"picked":"Streamline","floor":4.0},{"not_picked":["Fusion","Hologram"],"picked":"Storm","floor":5.0},{"not_picked":["Barrage","Steam Power"],"picked":"Reinforced Body","floor":6.0},{"not_picked":["Thunder Strike","Multi-Cast"],"picked":"Chill","floor":7.0},{"not_picked":["Turbo","Stack"],"picked":"Sunder","floor":8.0},{"not_picked":["Darkness","Sunder"],"picked":"Conserve Battery","floor":11.0},{"not_picked":["Steam Power","Streamline"],"picked":"Glacier","floor":14.0},{"not_picked":["Machine Learning","Multi-Cast"],"picked":"Amplify","floor":16.0},{"not_picked":["Sweeping Beam+1","Lockon"],"picked":"Ball Lightning","floor":18.0},{"not_picked":["Barrage","Steam","Melter+1"],"picked":"SKIP","floor":19.0},{"not_picked":["Doom and Gloom","Rebound+1","Steam"],"picked":"SKIP","floor":22.0},{"not_picked":["Gash","Cold Snap","Scrape+1"],"picked":"SKIP","floor":23},{"not_picked":["Go for the Eyes+1","Leap"],"picked":"Recycle","floor":24},{"not_picked":["FTL+1","Compile Driver"],"picked":"Double Energy+1","floor":28},{"not_picked":["Sweeping Beam","Leap+1"],"picked":"Consume+1","floor":31},{"not_picked":["Thunder Strike","Buffer"],"picked":"Electrodynamics","floor":33},{"not_picked":["Go for the Eyes+1","Leap+1"],"picked":"Coolheaded+1","floor":35},{"not_picked":["Barrage","Turbo+1"],"picked":"Heatsinks+1","floor":38},{"not_picked":["Leap+1","Sweeping Beam+1"],"picked":"Coolheaded+1","floor":39},{"not_picked":["Cold Snap","Amplify+1"],"picked":"Blizzard","floor":40},{"not_picked":["Cold Snap+1","Go for the Eyes","Rebound"],"picked":"SKIP","floor":42},{"not_picked":["Turbo+1","Heatsinks+1","Go for the Eyes"],"picked":"Hologram+1","floor":44},{"not_picked":["Sunder","Coolheaded+1","Turbo+1"],"picked":"Undo+1","floor":44}],"player_experience":145473,"relics_obtained":[{"floor":7.0,"key":"Centennial Puzzle"},{"floor":9.0,"key":"Cables"},{"floor":11.0,"key":"Smiling Mask"},{"floor":26,"key":"Toxic Egg 2"},{"floor":31,"key":"Shovel"},{"floor":32,"key":"War Paint"},{"floor":40,"key":"Anchor"},{"floor":42,"key":"Question Card"},{"floor":43,"key":"Prayer Wheel"}],"event_choices":[{"damage_healed":0.0,"max_hp_gain":0.0,"max_hp_loss":0.0,"gold_gain":0.0,"event_name":"Accursed Blacksmith","player_choice":"Forge","floor":3.0,"gold_loss":0.0,"damage_taken":0.0,"cards_upgraded":["Echo Form"]},{"damage_healed":25.0,"max_hp_gain":0.0,"max_hp_loss":0.0,"gold_gain":0.0,"event_name":"Big Fish","player_choice":"Banana","floor":10.0,"gold_loss":0.0,"damage_taken":0.0},{"cards_removed":["Strike_B"],"damage_healed":0.0,"max_hp_gain":0.0,"max_hp_loss":0.0,"gold_gain":0.0,"event_name":"Purifier","player_choice":"Purged","floor":20.0,"gold_loss":0.0,"damage_taken":0.0},{"damage_healed":0,"gold_gain":0,"player_choice":"Read","damage_taken":0,"max_hp_gain":0,"max_hp_loss":0,"event_name":"The Library","floor":25,"gold_loss":0,"cards_obtained":["Self Repair"]},{"cards_removed":["Strike_B"],"damage_healed":0,"gold_gain":0,"player_choice":"Elegance","damage_taken":0,"max_hp_gain":0,"max_hp_loss":0,"event_name":"Back to Basics","floor":30,"gold_loss":0},{"damage_healed":0,"gold_gain":0,"cards_transformed":["Strike_B"],"player_choice":"Transformed","damage_taken":0,"max_hp_gain":0,"max_hp_loss":0,"event_name":"Transmorgrifier","floor":37,"gold_loss":0,"cards_obtained":["Scrape"]},{"damage_healed":20,"gold_gain":0,"player_choice":"Writhe","damage_taken":0,"max_hp_gain":0,"max_hp_loss":0,"event_name":"Winding Halls","floor":47,"gold_loss":0,"cards_obtained":["Writhe"]},{"cards_removed":["Defend_B"],"damage_healed":0,"gold_gain":0,"player_choice":"Removed Skill","damage_taken":0,"max_hp_gain":0,"max_hp_loss":0,"event_name":"Falling","floor":48,"gold_loss":0}],"is_beta":false,"boss_relics":[{"not_picked":["Sozu","Eternal Feather"],"picked":"Snecko Eye"},{"not_picked":["Astrolabe","Cursed Key"],"picked":"Inserter"}],"items_purged_floors":[12,45],"is_endless":false,"potions_floor_spawned":[2,5,6,19,22,23,28,31,33,35,39,40],"ascension_level":2}