{"gold_per_floor":[119,99,119,194,194,205,231,76,76,93,124,124,124,0,0,101,151,171,185,210,225,100,100,100],"floor_reached":24,"playtime":2297,"items_purged":["Strike_G","Defend_G","Strike_G"],"score":204,"play_id":"adf27c98-91e4-4d12-b00c-268e85e44ebd","local_time":"20190404113152","is_ascension_mode":false,"campfire_choices":[{"floor":13,"key":"REST"},{"floor":15,"key":"REST"},{"floor":23,"key":"REST"}],"neow_cost":"NONE","seed_source_timestamp":1213100781401409,"circlet_count":0,"master_deck":["Defend_G","Defend_G","Defend_G","Strike_G","Strike_G","Strike_G","Survivor","Neutralize","Finisher","Footwork","Finisher","Dagger Spray","Infinite Blades+1","Acrobatics","Slice+1","Blade Dance","Unload","Blade Dance","Infinite Blades+1","Quick Slash+1","Slice","Prepared"],"relics":["Eternal Feather","StoneCalendar","Bottled Flame","The Specimen","Tiny House","Red Mask"],"potions_floor_usage":[3,7,7,7,10,10,11,11,11,16,19,20,21,24],"damage_taken":[{"damage":2,"enemies":"2 Louse","floor":1,"turns":4},{"damage":2,"enemies":"Cultist","floor":3,"turns":4},{"damage":0,"enemies":"Jaw Worm","floor":6,"turns":3},{"damage":21,"enemies":"Lagavulin","floor":7,"turns":7},{"damage":12,"enemies":"2 Fungi Beasts","floor":10,"turns":3},{"damage":19,"enemies":"Gremlin Nob","floor":11,"turns":3},{"damage":18,"enemies":"Slime Boss","floor":16,"turns":7},{"damage":27,"enemies":"2 Thieves","floor":18,"turns":4},{"damage":14,"enemies":"Shell Parasite","floor":19,"turns":4},{"damage":23,"enemies":"Masked Bandits","floor":20,"turns":3},{"damage":12,"enemies":"Snecko","floor":21,"turns":5},{"damage":55,"enemies":"Book of Stabbing","floor":24,"turns":5}],"seed_played":"-1944887799946410871","potions_obtained":[{"floor":1,"key":"Fruit Juice"},{"floor":2,"key":"EntropicBrew"},{"floor":10,"key":"GamblersBrew"},{"floor":11,"key":"GamblersBrew"},{"floor":16,"key":"SpeedPotion"},{"floor":17,"key":"Regen Potion"},{"floor":18,"key":"Strength Potion"},{"floor":21,"key":"Fire Potion"}],"is_trial":false,"path_per_floor":["M","?","M","?","?","M","E","$","T","M","E","?","R","$","R","B",null,"M","M","?","M","$","R","E"],"character_chosen":"THE_SILENT","items_purchased":["Infinite Blades","Blade Dance"],"campfire_rested":3,"item_purchase_floors":[8,14],"current_hp_per_floor":[68,68,71,60,53,53,32,32,32,20,1,1,32,32,63,45,80,53,51,28,16,16,52,0],"gold":100,"neow_bonus":"BOSS_RELIC","is_prod":false,"is_daily":false,"chose_seed":false,"campfire_upgraded":0,"win_rate":1,"timestamp":1554373912,"path_taken":["M","?","?","?","?","M","E","$","T","M","E","?","R","?","R","BOSS","M","M","?","M","$","R","E"],"build_version":"2019-01-23","purchased_purges":3,"victory":false,"max_hp_per_floor":[70,70,75,75,75,75,75,75,75,75,75,75,75,75,75,75,80,80,80,80,80,80,80,80],"card_choices":[{"not_picked":["Noxious Fumes","Flechettes"],"picked":"Finisher","floor":1},{"not_picked":["Bane","Sucker Punch"],"picked":"Footwork","floor":3},{"not_picked":["Noxious Fumes","Bane"],"picked":"Finisher","floor":6},{"not_picked":["Caltrops","Deadly Poison"],"picked":"Dagger Spray","floor":7},{"not_picked":["Escape Plan","Poisoned Stab"],"picked":"Acrobatics","floor":10},{"not_picked":["Skewer","Backflip"],"picked":"Slice","floor":11},{"not_picked":["Malaise","Venomology"],"picked":"Unload","floor":16},{"not_picked":["Outmaneuver","Backflip"],"picked":"Blade Dance","floor":17},{"not_picked":["Blade Dance","Noxious Fumes"],"picked":"Infinite Blades+1","floor":18},{"not_picked":["Skewer","Blur"],"picked":"Quick Slash+1","floor":19},{"not_picked":["Flying Knee","Dash"],"picked":"Slice","floor":20},{"not_picked":["Dagger Throw+1","Expertise"],"picked":"Prepared","floor":21}],"player_experience":32539,"relics_obtained":[{"floor":7,"key":"StoneCalendar"},{"floor":9,"key":"Bottled Flame"},{"floor":11,"key":"The Specimen"},{"floor":20,"key":"Red Mask"}],"event_choices":[{"damage_healed":0,"gold_gain":0,"player_choice":"Bought 1 Potion","damage_taken":0,"max_hp_gain":0,"max_hp_loss":0,"event_name":"The Woman in Blue","floor":2,"gold_loss":0},{"damage_healed":0,"gold_gain":75,"player_choice":"Gather Gold","damage_taken":11,"max_hp_gain":0,"max_hp_loss":0,"event_name":"World of Goop","floor":4,"gold_loss":0},{"cards_removed":["Defend_G"],"damage_healed":0,"gold_gain":0,"player_choice":"Card Removal","damage_taken":7,"max_hp_gain":0,"max_hp_loss":0,"event_name":"Golden Wing","floor":5,"gold_loss":0},{"damage_healed":0,"gold_gain":0,"player_choice":"Grow","damage_taken":0,"max_hp_gain":0,"max_hp_loss":0,"event_name":"Living Wall","floor":12,"gold_loss":0,"cards_upgraded":["Infinite Blades"]},{"damage_healed":0,"gold_gain":0,"player_choice":"Fought Bandits","damage_taken":0,"max_hp_gain":0,"max_hp_loss":0,"event_name":"Masked Bandits","floor":20,"gold_loss":0}],"is_beta":false,"boss_relics":[{"not_picked":["Ectoplasm","Busted Crown"],"picked":"Tiny House"}],"items_purged_floors":[8,14,22],"is_endless":false,"potions_floor_spawned":[1,10,11,16,18,21],"killed_by":"Book of Stabbing","ascension_level":0}