{"gold_per_floor":[110,185,204,204,221,254,267,301,301,301,301,22,22,22,22,99,99,110,124,141,141,152,152,182,182,182,212,231,231,506,518,518,594,594,610,832,852,852,233,233,249,282,282,294,294,304,304,320,320,320,320,320,320,16,45,45],"floor_reached":56,"playtime":4359,"items_purged":[],"score":1864,"play_id":"f6939462-52dc-4949-ae5b-78b8075c840c","local_time":"20190128203143","is_ascension_mode":true,"campfire_choices":[{"floor":11.0,"key":"REST"},{"data":"Fission","floor":13.0,"key":"SMITH"},{"data":"Capacitor","floor":15.0,"key":"SMITH"},{"data":"Rainbow","floor":23.0,"key":"SMITH"},{"data":"Zap","floor":25.0,"key":"SMITH"},{"floor":32.0,"key":"REST"},{"data":"Apotheosis","floor":40.0,"key":"SMITH"},{"floor":47.0,"key":"RECALL"},{"data":"Dualcast","floor":49.0,"key":"SMITH"},{"data":"Machine Learning","floor":53,"key":"SMITH"}],"neow_cost":"NONE","seed_source_timestamp":5157192360879454,"circlet_count":0,"master_deck":["AscendersBane","Strike_B+1","Strike_B+1","Strike_B+1","Defend_B+1","Defend_B+1","Defend_B+1","Zap+1","Dualcast+1","White Noise","Cold Snap","Capacitor+1","Chill","Compile Driver","Fission+1","Machine Learning+1","Conserve Battery+1","Undo","Rainbow+1","Sweeping Beam","Stack","Hologram+1","Skim","Buffer+1","Doom and Gloom+1","Loop+1","Apotheosis+1","Echo Form+1","Stack+1","Thinking Ahead+1","Redo+1","Stack+1","Capacitor+1","BootSequence+1","Compile Driver","Force Field+1"],"special_seed":0,"relics":["Cracked Core","Incense Burner","Bird Faced Urn","Ginger","Shuriken","Symbiotic Virus","Nuclear Battery","Frozen Egg 2","Omamori","Red Mask","Anchor","Runic Pyramid","Happy Flower","Strawberry","Toxic Egg 2","Dodecahedron"],"potions_floor_usage":[55,56,56],"damage_taken":[{"damage":0.0,"enemies":"Small Slimes","floor":1.0,"turns":4.0},{"damage":0.0,"enemies":"2 Louse","floor":3.0,"turns":2.0},{"damage":0.0,"enemies":"Jaw Worm","floor":5.0,"turns":4.0},{"damage":16.0,"enemies":"Lagavulin","floor":6.0,"turns":8.0},{"damage":1.0,"enemies":"Blue Slaver","floor":7.0,"turns":4.0},{"damage":29.0,"enemies":"Gremlin Nob","floor":8.0,"turns":4.0},{"damage":2.0,"enemies":"Hexaghost","floor":16.0,"turns":9.0},{"damage":2.0,"enemies":"Spheric Guardian","floor":18.0,"turns":4.0},{"damage":6.0,"enemies":"2 Thieves","floor":19.0,"turns":3.0},{"damage":17.0,"enemies":"Snake Plant","floor":20.0,"turns":7.0},{"damage":2.0,"enemies":"Centurion and Healer","floor":22.0,"turns":10.0},{"damage":41.0,"enemies":"Gremlin Leader","floor":24.0,"turns":7.0},{"damage":16.0,"enemies":"Masked Bandits","floor":27.0,"turns":5.0},{"damage":0.0,"enemies":"Cultist and Chosen","floor":28.0,"turns":8.0},{"damage":0.0,"enemies":"Sentry and Sphere","floor":31.0,"turns":6.0},{"damage":68.0,"enemies":"Automaton","floor":33.0,"turns":16.0},{"damage":0.0,"enemies":"3 Shapes","floor":35.0,"turns":5.0},{"damage":0.0,"enemies":"Orb Walker","floor":37.0,"turns":3.0},{"damage":0.0,"enemies":"3 Darklings","floor":41.0,"turns":7.0},{"damage":36.0,"enemies":"Reptomancer","floor":42.0,"turns":11.0},{"damage":0.0,"enemies":"Spire Growth","floor":44.0,"turns":4.0},{"damage":0.0,"enemies":"Writhing Mass","floor":46.0,"turns":7.0},{"damage":0.0,"enemies":"Sphere and 2 Shapes","floor":48.0,"turns":8.0},{"damage":96.0,"enemies":"Awakened One","floor":50.0,"turns":30.0},{"damage":17,"enemies":"Donu and Deca","floor":51,"turns":12},{"damage":28,"enemies":"Shield and Spear","floor":55,"turns":12},{"damage":79,"enemies":"The Heart","floor":56,"turns":9}],"seed_played":"7696829006370527444","potions_obtained":[{"floor":3.0,"key":"Swift Potion"},{"floor":8.0,"key":"FocusPotion"},{"floor":18.0,"key":"Ancient Potion"},{"floor":22.0,"key":"Regen Potion"},{"floor":24.0,"key":"Dexterity Potion"},{"floor":28.0,"key":"PowerPotion"},{"floor":35.0,"key":"EssenceOfSteel"},{"floor":42.0,"key":"Dexterity Potion"},{"floor":55,"key":"Energy Potion"}],"is_trial":false,"path_per_floor":["M","?","M","?","M","E","M","E","T","T","R","$","R","$","R","B",null,"M","M","M","?","M","R","E","R","T","?","M","?","?","M","R","B",null,"M","?","M","?","$","R","M","E","T","M","?","M","R","M","R","B","B",null,"R","$","E","B"],"character_chosen":"DEFECT","items_purchased":["Symbiotic Virus","Apotheosis","Happy Flower","Strawberry","FocusPotion","Capacitor+1","BootSequence+1","Compile Driver","GamblersBrew"],"campfire_rested":2,"item_purchase_floors":[12,39,39,39,39,54,54,54,54],"current_hp_per_floor":[64,53,53,58,58,42,41,12,12,12,34,34,34,34,34,36,66,70,68,57,57,61,61,35,35,35,23,29,29,29,35,57,21,62,68,68,74,74,81,81,83,51,51,57,57,69,69,83,83,63,62,78,78,78,65,0],"gold":45,"neow_bonus":"REMOVE_CARD","is_prod":false,"is_daily":false,"chose_seed":false,"campfire_upgraded":7,"win_rate":0,"timestamp":1548725503,"path_taken":["M","?","M","?","M","E","M","E","T","?","R","$","R","?","R","BOSS","M","?","M","?","M","R","E","R","T","?","M","?","?","?","R","BOSS","M","?","M","?","$","R","M","E","T","M","?","M","R","M","R","BOSS","BOSS","R","$","E","BOSS"],"build_version":"2019-01-23","purchased_purges":0,"victory":false,"max_hp_per_floor":[71,71,71,76,76,76,76,76,76,76,76,76,76,76,76,76,76,76,76,76,76,76,76,76,76,76,76,76,76,76,76,76,76,76,76,76,76,76,83,83,83,83,83,83,83,83,83,83,83,83,83,83,83,83,83,83],"card_choices":[{"not_picked":["Conserve Battery","Reprogram"],"picked":"White Noise","floor":1.0},{"not_picked":["Turbo","Tempest"],"picked":"Cold Snap","floor":3.0},{"not_picked":["Recycle","Steam Power"],"picked":"Capacitor","floor":5.0},{"not_picked":["Steam Power","Turbo"],"picked":"Chill","floor":6.0},{"not_picked":["Double Energy","Reinforced Body"],"picked":"Compile Driver","floor":7.0},{"not_picked":["Doom and Gloom","Heatsinks"],"picked":"Fission","floor":8.0},{"not_picked":["Amplify","Meteor Strike"],"picked":"Machine Learning","floor":16.0},{"not_picked":["Auto Shields","Tempest"],"picked":"Conserve Battery+1","floor":18.0},{"not_picked":["Storm","Force Field"],"picked":"Undo","floor":19.0},{"not_picked":["Barrage","Ball Lightning"],"picked":"Rainbow","floor":20.0},{"not_picked":["Rebound","Double Energy"],"picked":"Sweeping Beam","floor":22.0},{"not_picked":["Turbo","Aggregate"],"picked":"Stack","floor":24.0},{"not_picked":["White Noise","Stack"],"picked":"Hologram+1","floor":27.0},{"not_picked":["Aggregate","Gash"],"picked":"Skim","floor":28.0},{"not_picked":["Rebound","Beam Cell","Steam Power"],"picked":"SKIP","floor":31.0},{"not_picked":["Multi-Cast","Reboot"],"picked":"Buffer+1","floor":33.0},{"not_picked":["Gash","Melter"],"picked":"Doom and Gloom+1","floor":35.0},{"not_picked":["Streamline","Reinforced Body"],"picked":"Loop+1","floor":37.0},{"not_picked":["Conserve Battery","Gash+1","Leap"],"picked":"SKIP","floor":41.0},{"not_picked":["Machine Learning+1","Ball Lightning"],"picked":"Echo Form+1","floor":42.0},{"not_picked":["Turbo+1","Cold Snap"],"picked":"Stack+1","floor":44.0},{"not_picked":["Dramatic Entrance","Mind Blast"],"picked":"Thinking Ahead+1","floor":45.0},{"not_picked":["Coolheaded+1","Stack+1"],"picked":"Redo+1","floor":46.0},{"not_picked":["Self Repair+1","Conserve Battery+1"],"picked":"Stack+1","floor":48.0},{"not_picked":["Fusion+1","Skim+1"],"picked":"Force Field+1","floor":55}],"player_experience":692866,"relics_obtained":[{"floor":6.0,"key":"Incense Burner"},{"floor":8.0,"key":"Bird Faced Urn"},{"floor":9.0,"key":"Ginger"},{"floor":10.0,"key":"Shuriken"},{"floor":24.0,"key":"Frozen Egg 2"},{"floor":26.0,"key":"Omamori"},{"floor":27.0,"key":"Red Mask"},{"floor":42.0,"key":"Toxic Egg 2"},{"floor":55,"key":"Dodecahedron"}],"event_choices":[{"damage_healed":0.0,"max_hp_gain":0.0,"max_hp_loss":0.0,"gold_gain":75.0,"event_name":"World of Goop","player_choice":"Gather Gold","floor":2.0,"gold_loss":0.0,"damage_taken":11.0},{"damage_healed":0.0,"max_hp_gain":5.0,"max_hp_loss":0.0,"gold_gain":0.0,"event_name":"Big Fish","player_choice":"Donut","floor":4.0,"gold_loss":0.0,"damage_taken":0.0},{"damage_healed":0.0,"max_hp_gain":0.0,"max_hp_loss":0.0,"gold_gain":0.0,"event_name":"Back to Basics","player_choice":"Simplicity","floor":21.0,"gold_loss":0.0,"damage_taken":0.0,"cards_upgraded":["Strike_B","Strike_B","Strike_B","Defend_B","Defend_B","Defend_B","Defend_B"]},{"damage_healed":0.0,"max_hp_gain":0.0,"max_hp_loss":0.0,"gold_gain":0.0,"event_name":"Masked Bandits","player_choice":"Fought Bandits","floor":27.0,"gold_loss":0.0,"damage_taken":0.0},{"damage_healed":0.0,"max_hp_gain":0.0,"max_hp_loss":0.0,"gold_gain":0.0,"event_name":"Addict","player_choice":"Stole Relic","floor":29.0,"gold_loss":0.0,"damage_taken":0.0,"relics_obtained":["Anchor"],"cards_obtained":["Shame"]},{"damage_healed":0.0,"max_hp_gain":0.0,"max_hp_loss":0.0,"gold_gain":275.0,"event_name":"Golden Shrine","player_choice":"Desecrate","floor":30.0,"gold_loss":0.0,"damage_taken":0.0,"cards_obtained":["Regret"]},{"damage_healed":0.0,"max_hp_gain":0.0,"max_hp_loss":0.0,"gold_gain":222.0,"event_name":"Tomb of Lord Red Mask","player_choice":"Wore Mask","floor":36.0,"gold_loss":0.0,"damage_taken":0.0},{"cards_removed":["Defend_B"],"damage_healed":0.0,"max_hp_gain":0.0,"max_hp_loss":0.0,"gold_gain":0.0,"event_name":"Falling","player_choice":"Removed Skill","floor":38.0,"gold_loss":0.0,"damage_taken":0.0},{"damage_healed":0.0,"max_hp_gain":0.0,"max_hp_loss":0.0,"gold_gain":0.0,"event_name":"SensoryStone","player_choice":"Memory 1","floor":45.0,"gold_loss":0.0,"damage_taken":0.0}],"is_beta":true,"boss_relics":[{"not_picked":["FrozenCore","Philosopher\u0027s Stone"],"picked":"Nuclear Battery"},{"not_picked":["Orrery","Fusion Hammer"],"picked":"Runic Pyramid"}],"items_purged_floors":[],"is_endless":false,"potions_floor_spawned":[3,8,18,22,24,28,35,42,44,55],"killed_by":"The Heart","ascension_level":20}