{"gold_per_floor":[119,131,146,160,174,201,201,27,81,92,118,118,136,152,152,252,252,271,186,197,197,213,241,241,254,254,254,78,109,128,139,139,243,243,262,276,293,293,114,114,129,159,182,198,212,212,247,74,74,74],"floor_reached":51,"playtime":21339,"items_purged":["Strike_R","Strike_R","Defend_R"],"score":890,"play_id":"22c11f90-6ef3-41f1-97a7-cc072405c8d4","local_time":"20181202024106","is_ascension_mode":false,"campfire_choices":[{"data":"Whirlwind","floor":7,"key":"SMITH"},{"data":"Shockwave","floor":15,"key":"SMITH"},{"data":"Whirlwind","floor":24,"key":"SMITH"},{"data":"Body Slam","floor":32,"key":"SMITH"},{"data":"Barricade","floor":40,"key":"SMITH"},{"data":"True Grit","floor":46,"key":"SMITH"},{"floor":49,"key":"REST"}],"neow_cost":"NONE","seed_source_timestamp":688439711239104,"circlet_count":0,"master_deck":["Strike_R+1","Strike_R+1","Defend_R","Defend_R","Defend_R+1","Bash","Whirlwind+1","Shockwave","Corruption","True Grit+1","Shrug It Off","True Grit+1","Shrug It Off","Pommel Strike","Offering","Shockwave+1","Whirlwind+1","Impervious","Shrug It Off","Twin Strike+1","Power Through+1","Feed","Cleave+1","Pommel Strike","Flame Barrier+1","Bludgeon","Body Slam+1","Barricade+1","Armaments+1","Clothesline+1","Headbutt+1","Battle Trance","Battle Trance","Feel No Pain+1","Reaper","Armaments+1","Entrench+1"],"relics":["Burning Blood","Pen Nib","Vajra","Bag of Marbles","Kunai","Velvet Choker","Happy Flower","Bag of Preparation","Meat on the Bone","Whetstone","Mark of Pain","War Paint","Orichalcum","Oddly Smooth Stone"],"potions_floor_usage":[6,6,6,33,33,45,50,50,50],"damage_taken":[{"damage":3,"enemies":"Cultist","floor":1,"turns":5},{"damage":4,"enemies":"2 Louse","floor":2,"turns":3},{"damage":0,"enemies":"Small Slimes","floor":3,"turns":3},{"damage":9,"enemies":"2 Fungi Beasts","floor":4,"turns":3},{"damage":5,"enemies":"Red Slaver","floor":5,"turns":4},{"damage":11,"enemies":"Lagavulin","floor":6,"turns":8},{"damage":14,"enemies":"Blue Slaver","floor":10,"turns":3},{"damage":6,"enemies":"3 Sentries","floor":11,"turns":3},{"damage":0,"enemies":"Looter","floor":13,"turns":3},{"damage":3,"enemies":"3 Louse","floor":14,"turns":3},{"damage":18,"enemies":"The Guardian","floor":16,"turns":11},{"damage":9,"enemies":"Shell Parasite","floor":18,"turns":4},{"damage":10,"enemies":"2 Thieves","floor":20,"turns":3},{"damage":6,"enemies":"Centurion and Healer","floor":22,"turns":3},{"damage":0,"enemies":"Gremlin Leader","floor":23,"turns":6},{"damage":3,"enemies":"Sentry and Sphere","floor":25,"turns":3},{"damage":6,"enemies":"Book of Stabbing","floor":29,"turns":3},{"damage":10,"enemies":"Snecko","floor":30,"turns":4},{"damage":0,"enemies":"Snake Plant","floor":31,"turns":2},{"damage":37,"enemies":"Champ","floor":33,"turns":12},{"damage":12,"enemies":"3 Shapes","floor":35,"turns":1},{"damage":6,"enemies":"Orb Walker","floor":36,"turns":4},{"damage":30,"enemies":"Maw","floor":37,"turns":7},{"damage":5,"enemies":"Sphere and 2 Shapes","floor":41,"turns":4},{"damage":0,"enemies":"Nemesis","floor":42,"turns":9},{"damage":21,"enemies":"Writhing Mass","floor":44,"turns":3},{"damage":6,"enemies":"Spire Growth","floor":45,"turns":4},{"damage":0,"enemies":"Giant Head","floor":47,"turns":9},{"damage":23,"enemies":"Awakened One","floor":50,"turns":13}],"seed_played":"-7945247231983479910","potions_obtained":[{"floor":2,"key":"Energy Potion"},{"floor":3,"key":"Block Potion"},{"floor":4,"key":"Fire Potion"},{"floor":6,"key":"BloodPotion"},{"floor":18,"key":"LiquidBronze"},{"floor":22,"key":"Block Potion"},{"floor":29,"key":"Strength Potion"},{"floor":33,"key":"LiquidBronze"},{"floor":37,"key":"SkillPotion"},{"floor":47,"key":"Ancient Potion"}],"is_trial":false,"path_per_floor":["M","M","M","M","M","E","R","$","T","M","E","?","M","M","R","B",null,"M","?","M","?","M","E","R","M","T","?","$","E","M","M","R","B",null,"M","M","M","?","$","R","M","E","T","M","M","R","E","$","R","B",null],"character_chosen":"IRONCLAD","items_purchased":["Vajra","Shrug It Off","Pommel Strike","Flame Barrier","Battle Trance","Dexterity Potion"],"campfire_rested":1,"item_purchase_floors":[8,8,28,28,39,48],"current_hp_per_floor":[88,88,88,85,86,81,81,81,81,73,73,66,72,75,75,63,88,85,85,81,81,81,87,87,91,91,91,91,91,90,94,94,63,94,88,88,67,67,67,67,71,80,80,65,70,70,85,85,103,101],"gold":74,"neow_bonus":"TEN_PERCENT_HP_BONUS","is_prod":false,"is_daily":false,"chose_seed":false,"campfire_upgraded":6,"win_rate":0.0,"timestamp":1543736466,"path_taken":["M","M","M","?","M","E","R","$","T","M","E","?","M","M","R","BOSS","M","?","M","?","?","E","R","M","T","?","$","E","M","M","R","BOSS","M","M","M","?","$","R","?","E","T","M","M","R","E","$","R","BOSS"],"build_version":"2018-11-15","purchased_purges":3,"victory":true,"max_hp_per_floor":[88,88,88,88,88,88,88,88,88,88,88,88,88,88,88,88,88,88,88,88,88,88,88,88,91,91,91,91,91,94,94,94,94,94,94,94,97,97,97,97,100,103,103,103,103,103,103,103,103,103],"card_choices":[{"not_picked":["Body Slam","Dual Wield"],"picked":"Whirlwind","floor":1},{"not_picked":["Cleave","Seeing Red"],"picked":"Shockwave","floor":2},{"not_picked":["Hemokinesis","True Grit"],"picked":"Corruption","floor":3},{"not_picked":["Power Through","Perfected Strike"],"picked":"True Grit","floor":4},{"not_picked":["Armaments","Infernal Blade"],"picked":"Shrug It Off","floor":5},{"not_picked":["Fiend Fire","Thunderclap"],"picked":"True Grit","floor":6},{"not_picked":["Flex","Perfected Strike"],"picked":"Pommel Strike","floor":10},{"not_picked":["Twin Strike","True Grit"],"picked":"Offering","floor":11},{"not_picked":["Armaments","Flex"],"picked":"Shockwave","floor":13},{"not_picked":["Sword Boomerang","Clothesline"],"picked":"Whirlwind","floor":14},{"not_picked":["Dark Embrace","Berserk"],"picked":"Impervious","floor":16},{"not_picked":["Pommel Strike","Cleave"],"picked":"Shrug It Off","floor":18},{"not_picked":["Sword Boomerang","Fire Breathing"],"picked":"Twin Strike+1","floor":20},{"not_picked":["Perfected Strike","Reckless Charge"],"picked":"Power Through+1","floor":22},{"not_picked":["Headbutt","Seeing Red+1"],"picked":"Feed","floor":23},{"not_picked":["Clash","Corruption"],"picked":"Cleave+1","floor":25},{"not_picked":["Reckless Charge","Body Slam"],"picked":"Bludgeon","floor":29},{"not_picked":["Power Through","Thunderclap","Cleave"],"picked":"SKIP","floor":30},{"not_picked":["Anger","Thunderclap"],"picked":"Body Slam","floor":31},{"not_picked":["Bludgeon","Double Tap"],"picked":"Barricade","floor":33},{"not_picked":["Pommel Strike","Perfected Strike"],"picked":"Armaments+1","floor":35},{"not_picked":["Perfected Strike","Flex+1"],"picked":"Clothesline+1","floor":36},{"not_picked":["Perfected Strike","Flex"],"picked":"Headbutt+1","floor":37},{"not_picked":["Reckless Charge+1","Cleave"],"picked":"Feel No Pain+1","floor":41},{"not_picked":["Pommel Strike","Clash"],"picked":"Reaper","floor":42},{"not_picked":["Pommel Strike","Warcry"],"picked":"Armaments+1","floor":44},{"not_picked":["Pommel Strike","Flex+1","Clash"],"picked":"SKIP","floor":45},{"not_picked":["Twin Strike+1","Dropkick"],"picked":"Entrench+1","floor":47}],"player_experience":0,"relics_obtained":[{"floor":6,"key":"Pen Nib"},{"floor":9,"key":"Bag of Marbles"},{"floor":11,"key":"Kunai"},{"floor":23,"key":"Bag of Preparation"},{"floor":26,"key":"Meat on the Bone"},{"floor":29,"key":"Whetstone"},{"floor":42,"key":"War Paint"},{"floor":43,"key":"Orichalcum"},{"floor":47,"key":"Oddly Smooth Stone"}],"event_choices":[{"cards_removed":["Strike_R"],"damage_healed":0,"gold_gain":0,"player_choice":"Card Removal","damage_taken":7,"max_hp_gain":0,"max_hp_loss":0,"event_name":"Golden Wing","floor":12,"gold_loss":0},{"damage_healed":0,"gold_gain":0,"player_choice":"Obtained Relic","damage_taken":0,"relics_obtained":["Happy Flower"],"max_hp_gain":0,"max_hp_loss":0,"event_name":"Addict","floor":19,"gold_loss":85},{"damage_healed":0,"gold_gain":0,"player_choice":"Upgraded","damage_taken":0,"max_hp_gain":0,"max_hp_loss":0,"event_name":"Upgrade Shrine","floor":21,"gold_loss":0,"cards_upgraded":["True Grit"]},{"damage_healed":0,"gold_gain":0,"player_choice":"Ignored","damage_taken":0,"max_hp_gain":0,"max_hp_loss":0,"event_name":"Beggar","floor":27,"gold_loss":0},{"damage_healed":0,"gold_gain":0,"player_choice":"1 cards matched","damage_taken":0,"max_hp_gain":0,"max_hp_loss":0,"event_name":"Match and Keep!","floor":38,"gold_loss":0,"cards_obtained":["Battle Trance"]}],"is_beta":false,"boss_relics":[{"not_picked":["Astrolabe","Empty Cage"],"picked":"Velvet Choker"},{"not_picked":["Philosopher\u0027s Stone","Black Blood"],"picked":"Mark of Pain"}],"items_purged_floors":[28,39,48],"is_endless":false,"potions_floor_spawned":[2,3,4,6,18,22,29,30,33,37,42,47],"ascension_level":0}