{"path_per_floor":["M","M","?","?","M","R","$","M","T","R","$","E","$","M","R","B",null,"M","M","M","$"],"character_chosen":"DEFECT","items_purchased":["Molten Egg 2","Chill","Gash+1"],"gold_per_floor":[110,128,278,203,216,216,216,234,283,283,45,72,33,47,47,122,122,135,151,169,22,22],"floor_reached":22,"campfire_rested":1,"playtime":631,"item_purchase_floors":[11,13,21],"current_hp_per_floor":[64,62,62,62,58,58,58,47,47,47,47,26,26,24,45,24,59,48,22,13,13,0],"items_purged":["Strike_B"],"gold":22,"score":326,"play_id":"7883ede8-2e72-4823-aa53-af6e362c869f","local_time":"20180520180120","is_prod":false,"is_daily":false,"chose_seed":false,"is_ascension_mode":true,"campfire_upgraded":2,"timestamp":1526810480,"campfire_choices":[{"data":"Gash","floor":6,"key":"SMITH"},{"data":"Zap","floor":10,"key":"SMITH"},{"floor":15,"key":"REST"}],"path_taken":["M","M","?","?","M","R","$","M","T","R","$","E","?","?","R","BOSS","M","M","M","$","M"],"build_version":"2018-05-18","seed_source_timestamp":884117440851247,"purchased_purges":1,"victory":false,"master_deck":["Strike_B","Strike_B","Strike_B","Defend_B","Defend_B","Defend_B","Defend_B","Zap+1","Dualcast+1","AscendersBane","Gash+1","Doom and Gloom","Skim","Undo+1","Go for the Eyes+1","Chill","Axe Kick+1","Machine Learning","Hologram+1","Aggregate","Leap+1","Gash+1"],"max_hp_per_floor":[71,71,71,71,71,71,71,71,71,71,71,71,71,71,71,71,71,71,71,71,71,71],"relics":["Cracked Core","War Paint","Molten Egg 2","Bag of Preparation","Runic Dome"],"card_choices":[{"not_picked":["Ball Lightning","Coolheaded"],"picked":"Gash","floor":1},{"not_picked":["Streamline","Barrage"],"picked":"Doom and Gloom","floor":2},{"not_picked":["Cold Snap","Reprogram"],"picked":"Skim","floor":5},{"not_picked":["Cold Snap","Force Field"],"picked":"Undo","floor":8},{"not_picked":["Turbo","Skim"],"picked":"Go for the Eyes+1","floor":12},{"not_picked":["Sunder+1","Recycle"],"picked":"Axe Kick+1","floor":14},{"not_picked":["Rainbow","Hyperbeam+1"],"picked":"Machine Learning","floor":16},{"not_picked":["Steam","Stack"],"picked":"Hologram+1","floor":18},{"not_picked":["Streamline+1","Blizzard+1"],"picked":"Aggregate","floor":19},{"not_picked":["Reprogram","Storm"],"picked":"Leap+1","floor":20}],"player_experience":1034062,"potions_floor_usage":[],"damage_taken":[{"damage":0,"enemies":"Small Slimes","floor":1,"turns":3},{"damage":2,"enemies":"Jaw Worm","floor":2,"turns":3},{"damage":4,"enemies":"2 Louse","floor":5,"turns":2},{"damage":11,"enemies":"2 Fungi Beasts","floor":8,"turns":4},{"damage":21,"enemies":"Gremlin Nob","floor":12,"turns":4},{"damage":2,"enemies":"Large Slime","floor":14,"turns":6},{"damage":21,"enemies":"Hexaghost","floor":16,"turns":11},{"damage":11,"enemies":"Spheric Guardian","floor":18,"turns":4},{"damage":26,"enemies":"2 Thieves","floor":19,"turns":4},{"damage":9,"enemies":"Centurion and Healer","floor":20,"turns":8},{"damage":17,"enemies":"Snecko","floor":22,"turns":3}],"relics_obtained":[{"floor":9,"key":"War Paint"},{"floor":12,"key":"Bag of Preparation"}],"event_choices":[{"event_name":"Liars Game","player_choice":"agreed","floor":3,"damage_taken":0},{"event_name":"The Cleric","player_choice":"Card Removal","floor":4,"damage_taken":0}],"boss_relics":[{"not_picked":["Black Star","Philosopher\u0027s Stone"],"picked":"Runic Dome"}],"items_purged_floors":[21],"potions_floor_spawned":[5,8,14,16,19],"seed_played":"-325575650613153949","killed_by":"Snecko","ascension_level":15,"potions_obtained":[{"floor":5,"key":"SpeedPotion"},{"floor":8,"key":"Swift Potion"},{"floor":14,"key":"SkillPotion"},{"floor":16,"key":"GamblersBrew"}],"is_trial":false}