{"gold_per_floor":[109,109,109,124,143,143,187,187,210,57,57,76,76,99,99,189,189,212,212,225,225,240,240,260,279,279,302,340,340,255,25,25,115,115,128,28,28,51,384,384,384,180,180,208,226,226,236,10,10,10,10],"floor_reached":51,"playtime":2908,"items_purged":["Strike_G","Strike_G","Sucker Punch","Parasite"],"score":1465,"play_id":"d5de9a30-6e6a-4a1a-9116-6acbadf8e01f","local_time":"20190421103601","is_ascension_mode":true,"campfire_choices":[{"data":"Bouncing Flask","floor":6,"key":"SMITH"},{"data":"Noxious Fumes","floor":11,"key":"SMITH"},{"data":"Malaise","floor":13,"key":"SMITH"},{"data":"Neutralize","floor":15,"key":"SMITH"},{"data":"Noxious Fumes","floor":23,"key":"SMITH"},{"data":"Crippling Poison","floor":29,"key":"SMITH"},{"data":"Cloak And Dagger","floor":32,"key":"SMITH"},{"data":"Backflip","floor":40,"key":"SMITH"},{"floor":46,"key":"REST"},{"floor":49,"key":"REST"}],"neow_cost":"TEN_PERCENT_HP_LOSS","seed_source_timestamp":867866657594110,"circlet_count":0,"master_deck":["AscendersBane","Defend_G","Defend_G","Defend_G","Defend_G","Defend_G","Survivor","Neutralize+1","Bouncing Flask+1","Malaise+1","Cloak And Dagger+1","Dagger Spray","Noxious Fumes+1","After Image+1","Blur","Crippling Poison+1","Noxious Fumes+1","Envenom+1","Terror+1","Backflip+1","Dark Shackles","Catalyst","Bouncing Flask+1","Cloak And Dagger","Noxious Fumes+1"],"special_seed":0,"relics":["Ring of the Snake","Mercury Hourglass","Pen Nib","Boot","Cursed Key","Anchor","Potion Belt","Frozen Egg 2","Lee\u0027s Waffle","Sozu","Shuriken"],"potions_floor_usage":[4,16,18,24,28,33],"damage_taken":[{"damage":2.0,"enemies":"2 Louse","floor":1.0,"turns":4.0},{"damage":9,"enemies":"Small Slimes","floor":4,"turns":5},{"damage":0,"enemies":"Cultist","floor":5,"turns":4},{"damage":11,"enemies":"Lagavulin","floor":7,"turns":8},{"damage":1,"enemies":"Exordium Thugs","floor":12,"turns":5},{"damage":0,"enemies":"Exordium Wildlife","floor":14,"turns":2},{"damage":0,"enemies":"The Guardian","floor":16,"turns":10},{"damage":3,"enemies":"Shell Parasite","floor":18,"turns":6},{"damage":0,"enemies":"3 Byrds","floor":20,"turns":4},{"damage":1,"enemies":"Centurion and Healer","floor":22,"turns":8},{"damage":1,"enemies":"Snake Plant","floor":24,"turns":5},{"damage":2,"enemies":"3 Cultists","floor":25,"turns":4},{"damage":0,"enemies":"Centurion and Healer","floor":27,"turns":6},{"damage":20,"enemies":"Book of Stabbing","floor":28,"turns":7},{"damage":11,"enemies":"Champ","floor":33,"turns":13},{"damage":18,"enemies":"3 Darklings","floor":35,"turns":5},{"damage":0,"enemies":"3 Shapes","floor":38,"turns":4},{"damage":15,"enemies":"Giant Head","floor":44,"turns":8},{"damage":9,"enemies":"Jaw Worm Horde","floor":45,"turns":4},{"damage":0,"enemies":"Writhing Mass","floor":47,"turns":5},{"damage":40,"enemies":"Time Eater","floor":50,"turns":13},{"damage":8,"enemies":"Donu and Deca","floor":51,"turns":4}],"seed_played":"-4618323241081731321","potions_obtained":[{"floor":1.0,"key":"AttackPotion"},{"floor":7,"key":"PowerPotion"},{"floor":12,"key":"Fire Potion"},{"floor":16,"key":"Ancient Potion"},{"floor":22,"key":"Swift Potion"},{"floor":25,"key":"Block Potion"},{"floor":27,"key":"Regen Potion"}],"is_trial":false,"path_per_floor":["?","?","M","T","$","?","M","?","M","?","?","M","?","?","$"],"character_chosen":"THE_SILENT","items_purchased":["Noxious Fumes","Lee\u0027s Waffle","Catalyst","Noxious Fumes+1"],"campfire_rested":2,"item_purchase_floors":[10,31,42,48],"current_hp_per_floor":[57,54,54,45,45,45,34,34,34,34,34,33,33,33,33,33,49,46,46,46,46,45,45,44,42,42,42,37,37,37,61,61,50,58,40,40,40,40,40,40,40,40,40,25,16,34,34,34,51,11,3],"gold":10,"neow_bonus":"REMOVE_TWO","is_prod":false,"is_daily":false,"chose_seed":false,"campfire_upgraded":8,"win_rate":0,"timestamp":1555860961,"path_taken":["M","?","?","M","?","R","E","?","T","?","R","M","R","M","R","BOSS","M","?","?","?","M","R","M","M","T","?","E","R","?","$","R","BOSS","M","$","?","?","?","R","?","?","T","E","M","R","M","$","R","BOSS","BOSS"],"build_version":"2019-01-23","purchased_purges":4,"victory":false,"max_hp_per_floor":[60,54,54,54,54,54,54,54,54,54,54,54,54,54,54,54,54,54,54,54,54,54,54,54,54,54,54,54,54,54,61,61,61,61,61,61,61,61,61,61,61,61,61,61,61,61,61,58,58,58,58],"card_choices":[{"not_picked":["Eviscerate","Sucker Punch"],"picked":"Bouncing Flask","floor":1.0},{"not_picked":["Deflect","Terror","Quick Slash"],"picked":"SKIP","floor":4},{"not_picked":["Finisher","Deflect"],"picked":"Cloak And Dagger","floor":5},{"not_picked":["Sucker Punch","Tactician"],"picked":"Dagger Spray","floor":7},{"not_picked":["Predator","Flying Knee","Calculated Gamble"],"picked":"SKIP","floor":12},{"not_picked":["Predator","Flying Knee","Calculated Gamble"],"picked":"SKIP","floor":12},{"not_picked":["Accuracy","Heel Hook","Expertise"],"picked":"SKIP","floor":14},{"not_picked":["Tools of the Trade","Die Die Die"],"picked":"After Image","floor":16},{"not_picked":["Deadly Poison","Accuracy"],"picked":"Blur","floor":18},{"not_picked":["Calculated Gamble","Quick Slash"],"picked":"Crippling Poison","floor":20},{"not_picked":["Backflip","Deflect+1"],"picked":"Noxious Fumes","floor":22},{"not_picked":["Skewer+1","Slice","A Thousand Cuts"],"picked":"SKIP","floor":24},{"not_picked":["Concentrate","Accuracy","Flechettes"],"picked":"SKIP","floor":25},{"not_picked":["Bouncing Flask","Masterful Stab","Dagger Throw"],"picked":"SKIP","floor":27},{"not_picked":["Bane","Underhanded Strike","Dagger Throw"],"picked":"SKIP","floor":28},{"not_picked":["Glass Knife","Grand Finale"],"picked":"Envenom+1","floor":33},{"not_picked":["Acrobatics","Dodge and Roll+1"],"picked":"Terror+1","floor":35},{"not_picked":["Escape Plan","PiercingWail+1"],"picked":"Backflip","floor":38},{"not_picked":["Secret Technique","Flash of Steel"],"picked":"Dark Shackles","floor":41},{"not_picked":["Distraction+1","Dagger Throw","Bane"],"picked":"SKIP","floor":44},{"not_picked":["Outmaneuver","Acrobatics+1"],"picked":"Bouncing Flask+1","floor":45},{"not_picked":["Acrobatics","PiercingWail"],"picked":"Cloak And Dagger","floor":47}],"player_experience":473355,"relics_obtained":[{"floor":7,"key":"Mercury Hourglass"},{"floor":8,"key":"Pen Nib"},{"floor":9,"key":"Boot"},{"floor":28,"key":"Potion Belt"},{"floor":44,"key":"Shuriken"}],"event_choices":[{"damage_healed":0.0,"max_hp_gain":0.0,"max_hp_loss":6.0,"gold_gain":0.0,"event_name":"Golden Idol","player_choice":"Lose Max HP","floor":2.0,"gold_loss":0.0,"damage_taken":0.0,"relics_obtained":["Golden Idol"]},{"damage_healed":0.0,"max_hp_gain":0.0,"max_hp_loss":0.0,"gold_gain":0.0,"event_name":"Match and Keep!","player_choice":"1 cards matched","floor":3.0,"gold_loss":0.0,"damage_taken":0.0,"cards_obtained":["Malaise"]},{"damage_healed":0,"gold_gain":0,"player_choice":"Upgraded","damage_taken":0,"max_hp_gain":0,"max_hp_loss":0,"event_name":"Upgrade Shrine","floor":19,"gold_loss":0,"cards_upgraded":["After Image"]},{"damage_healed":0,"gold_gain":0,"player_choice":"Gave Potion","damage_taken":0,"relics_obtained":["Anchor"],"max_hp_gain":0,"max_hp_loss":0,"event_name":"WeMeetAgain","floor":21,"gold_loss":0},{"damage_healed":0,"gold_gain":0,"player_choice":"Obtained Relic","damage_taken":0,"relics_obtained":["Frozen Egg 2"],"max_hp_gain":0,"max_hp_loss":0,"event_name":"Addict","floor":30,"gold_loss":85},{"damage_healed":0,"gold_gain":0,"cards_transformed":["Strike_G"],"player_choice":"Transformed","damage_taken":0,"max_hp_gain":0,"max_hp_loss":0,"event_name":"Transmorgrifier","floor":37,"gold_loss":0,"cards_obtained":["Sucker Punch"]},{"damage_healed":0,"gold_gain":333,"player_choice":"Gave Idol","damage_taken":0,"max_hp_gain":0,"max_hp_loss":0,"event_name":"The Moai Head","floor":39,"relics_lost":["Golden Idol"],"gold_loss":0},{"damage_healed":0,"gold_gain":0,"player_choice":"Memory 1","damage_taken":0,"max_hp_gain":0,"max_hp_loss":0,"event_name":"SensoryStone","floor":41,"gold_loss":0}],"is_beta":false,"boss_relics":[{"not_picked":["Tiny House","Calling Bell"],"picked":"Cursed Key"},{"not_picked":["Philosopher\u0027s Stone","Eternal Feather"],"picked":"Sozu"}],"items_purged_floors":[10,36,42,48],"is_endless":false,"potions_floor_spawned":[1,7,12,14,16,22,25,27,35,44,45],"killed_by":"Donu and Deca","ascension_level":20}