{"gold_per_floor":[110,86,106,130,43,43,53,86,86,86,86,100,176,176,176,176],"floor_reached":16,"playtime":370,"items_purged":[],"score":113,"play_id":"8b82f3f8-e2bf-4982-9c6f-80c6059a5c78","local_time":"20190421154020","is_ascension_mode":true,"campfire_choices":[{"floor":6,"key":"REST"},{"floor":10,"key":"REST"},{"floor":15,"key":"RECALL"}],"neow_cost":"NONE","seed_source_timestamp":167304258040654,"circlet_count":0,"master_deck":["Defend_G","Defend_G","Defend_G","Defend_G+1","Defend_G+1","Strike_G","Strike_G","Strike_G","Strike_G","Strike_G","Survivor","Neutralize","Footwork","Cloak And Dagger","Cloak And Dagger","Footwork+1"],"relics":["Black Star","War Paint","Frozen Egg 2","Regal Pillow","Gremlin Horn","WingedGreaves"],"potions_floor_usage":[],"damage_taken":[{"damage":3,"enemies":"Jaw Worm","floor":1,"turns":4},{"damage":11,"enemies":"2 Louse","floor":3,"turns":4},{"damage":5,"enemies":"Small Slimes","floor":7,"turns":5},{"damage":33,"enemies":"Gremlin Nob","floor":8,"turns":6},{"damage":0,"enemies":"2 Fungi Beasts","floor":12,"turns":6},{"damage":38,"enemies":"Slime Boss","floor":16,"turns":7}],"seed_played":"-8707714426059091961","potions_obtained":[{"floor":8,"key":"GamblersBrew"}],"is_trial":false,"path_per_floor":["M","?","M","T","$","R","M","E","T","R","?","M","T","?","R","B"],"character_chosen":"THE_SILENT","items_purchased":["Footwork","Cloak And Dagger"],"campfire_rested":2,"item_purchase_floors":[5,5],"current_hp_per_floor":[67,67,56,56,56,70,65,32,32,68,68,68,68,56,56,18],"gold":176,"neow_bonus":"BOSS_RELIC","is_prod":false,"is_daily":false,"chose_seed":false,"campfire_upgraded":0,"win_rate":0,"timestamp":1555875620,"path_taken":["M","?","M","?","$","R","?","E","T","R","?","M","?","?","R","BOSS"],"build_version":"2019-01-23","purchased_purges":0,"victory":false,"max_hp_per_floor":[70,70,70,70,70,70,70,70,70,70,70,70,70,70,70,70],"card_choices":[{"not_picked":["Acrobatics","Dagger Spray","Underhanded Strike"],"picked":"SKIP","floor":1},{"not_picked":["Deadly Poison","Heel Hook","Dodge and Roll"],"picked":"SKIP","floor":3},{"not_picked":["Deflect","Terror","Cloak And Dagger"],"picked":"SKIP","floor":7},{"not_picked":["Deflect","Terror"],"picked":"Cloak And Dagger","floor":7},{"not_picked":["Poisoned Stab","Skewer","Sucker Punch"],"picked":"SKIP","floor":8},{"not_picked":["Underhanded Strike","Choke"],"picked":"Footwork+1","floor":12}],"player_experience":194426,"relics_obtained":[{"floor":4,"key":"War Paint"},{"floor":8,"key":"Frozen Egg 2"},{"floor":8,"key":"Regal Pillow"},{"floor":13,"key":"Gremlin Horn"}],"event_choices":[{"damage_healed":0,"gold_gain":0,"player_choice":"Left Gold","damage_taken":0,"max_hp_gain":0,"max_hp_loss":0,"event_name":"World of Goop","floor":2,"gold_loss":24},{"damage_healed":0,"gold_gain":0,"player_choice":"Ignored","damage_taken":0,"max_hp_gain":0,"max_hp_loss":0,"event_name":"Golden Idol","floor":11,"gold_loss":0},{"damage_healed":0,"gold_gain":0,"player_choice":"Success","damage_taken":12,"relics_obtained":["WingedGreaves"],"max_hp_gain":0,"max_hp_loss":0,"event_name":"Scrap Ooze","floor":14,"gold_loss":0}],"is_beta":false,"boss_relics":[],"items_purged_floors":[],"is_endless":false,"potions_floor_spawned":[8],"killed_by":"Slime Boss","ascension_level":3}