{"gold_per_floor":[117,117,42,60,60,85,85,85,136,147,147,97,114,124,124,220,220,230,230,329,349,361,361,373,401,401,401,415,427,27,27,27,27],"floor_reached":33,"playtime":795,"items_purged":["Defend_B"],"score":342,"play_id":"d8fc72c7-e209-40fc-9d6c-68b9e9fa3a58","local_time":"20190127123142","is_ascension_mode":false,"campfire_choices":[{"floor":7,"key":"RECALL"},{"data":"Zap","floor":11,"key":"SMITH"},{"floor":15,"key":"REST"},{"floor":23,"key":"REST"},{"floor":27,"key":"REST"},{"floor":32,"key":"REST"}],"neow_cost":"NONE","seed_source_timestamp":328641223186974,"circlet_count":0,"master_deck":["Strike_B","Strike_B","Strike_B","Defend_B","Defend_B","Defend_B","Zap+1","Dualcast","Sweeping Beam","Gash","Defragment+1","Loop+1","Self Repair+1","Reboot","Defragment+1","Gash","White Noise","Amplify","White Noise","Gash"],"relics":["Cracked Core","NeowsBlessing","Frozen Egg 2","Potion Belt","Fusion Hammer","Bronze Scales","Omamori","Bottled Tornado","Strawberry"],"potions_floor_usage":[16,16,16,16,25,25],"damage_taken":[{"damage":0,"enemies":"2 Louse","floor":1,"turns":1},{"damage":0,"enemies":"Jaw Worm","floor":4,"turns":1},{"damage":0,"enemies":"3 Sentries","floor":6,"turns":1},{"damage":0,"enemies":"Small Slimes","floor":10,"turns":2},{"damage":16,"enemies":"Exordium Thugs","floor":13,"turns":5},{"damage":6,"enemies":"3 Louse","floor":14,"turns":3},{"damage":0,"enemies":"Slime Boss","floor":16,"turns":4},{"damage":10,"enemies":"Chosen","floor":18,"turns":4},{"damage":20,"enemies":"3 Byrds","floor":21,"turns":3},{"damage":20,"enemies":"Snecko","floor":22,"turns":4},{"damage":27,"enemies":"Snake Plant","floor":24,"turns":4},{"damage":23,"enemies":"Book of Stabbing","floor":25,"turns":6},{"damage":15,"enemies":"Chosen and Byrds","floor":28,"turns":4},{"damage":12,"enemies":"Sentry and Sphere","floor":29,"turns":3},{"damage":90,"enemies":"Collector","floor":33,"turns":7}],"seed_played":"-8549841758335789006","potions_obtained":[{"floor":6,"key":"AttackPotion"},{"floor":10,"key":"FocusPotion"},{"floor":13,"key":"Energy Potion"},{"floor":14,"key":"Fire Potion"},{"floor":22,"key":"SkillPotion"},{"floor":24,"key":"AttackPotion"},{"floor":25,"key":"Weak Potion"},{"floor":31,"key":"Ancient Potion"},{"floor":31,"key":"SneckoOil"},{"floor":31,"key":"SteroidPotion"}],"is_trial":false,"path_per_floor":["M","?","$","M","T","E","R","$","T","M","R","?","M","M","R","B",null,"M","?","?","M","M","R","M","E","T","R","M","M","$","?","R","B"],"character_chosen":"DEFECT","items_purchased":["Bottled Tornado","Strawberry"],"campfire_rested":4,"item_purchase_floors":[30,30],"current_hp_per_floor":[75,75,75,75,75,75,75,75,75,75,75,75,59,53,75,75,75,75,75,75,65,55,75,58,55,55,75,70,58,65,65,82,0],"gold":27,"neow_bonus":"THREE_ENEMY_KILL","is_prod":false,"is_daily":false,"chose_seed":false,"campfire_upgraded":1,"win_rate":0,"timestamp":1548610302,"path_taken":["M","?","$","M","?","E","R","$","T","M","R","?","M","M","R","BOSS","M","?","?","M","M","R","M","E","T","R","M","M","$","?","R","BOSS"],"build_version":"2019-01-23","purchased_purges":1,"victory":false,"max_hp_per_floor":[75,75,75,75,75,75,75,75,75,75,75,75,75,75,75,75,75,75,75,75,75,75,75,75,75,75,75,75,75,82,82,82,82],"card_choices":[{"not_picked":["Cold Snap","Turbo"],"picked":"Sweeping Beam","floor":1},{"not_picked":["Beam Cell","Steam","Double Energy"],"picked":"SKIP","floor":4},{"not_picked":["Heatsinks","Blizzard"],"picked":"Gash","floor":6},{"not_picked":["Turbo","Streamline"],"picked":"Defragment+1","floor":10},{"not_picked":["Reinforced Body","Consume"],"picked":"Loop+1","floor":13},{"not_picked":["Scrape","Hologram"],"picked":"Self Repair+1","floor":14},{"not_picked":["Hyperbeam","All For One"],"picked":"Reboot","floor":16},{"not_picked":["Barrage","Sweeping Beam+1","Ball Lightning"],"picked":"SKIP","floor":18},{"not_picked":["Hello World+1","Coolheaded"],"picked":"Gash","floor":21},{"not_picked":["Steam","Hologram","Turbo+1"],"picked":"SKIP","floor":22},{"not_picked":["Barrage","Sweeping Beam"],"picked":"White Noise","floor":24},{"not_picked":["Barrage","Beam Cell"],"picked":"Amplify","floor":25},{"not_picked":["Sunder+1","Sweeping Beam"],"picked":"White Noise","floor":28},{"not_picked":["Lockon","Cold Snap"],"picked":"Gash","floor":29}],"player_experience":163866,"relics_obtained":[{"floor":6,"key":"Frozen Egg 2"},{"floor":9,"key":"Potion Belt"},{"floor":25,"key":"Bronze Scales"},{"floor":26,"key":"Omamori"}],"event_choices":[{"damage_healed":0,"gold_gain":0,"player_choice":"Ignored","damage_taken":0,"max_hp_gain":0,"max_hp_loss":0,"event_name":"Liars Game","floor":2,"gold_loss":0},{"cards_removed":["Strike_B"],"damage_healed":0,"gold_gain":0,"player_choice":"Card Removal","damage_taken":0,"max_hp_gain":0,"max_hp_loss":0,"event_name":"The Cleric","floor":12,"gold_loss":50},{"damage_healed":0,"gold_gain":0,"player_choice":"Read","damage_taken":0,"max_hp_gain":0,"max_hp_loss":0,"event_name":"The Library","floor":19,"gold_loss":0,"cards_obtained":["Defragment"]},{"damage_healed":0,"gold_gain":99,"player_choice":"Stole From Cult","damage_taken":0,"max_hp_gain":0,"max_hp_loss":0,"event_name":"Nest","floor":20,"gold_loss":0},{"damage_healed":0,"gold_gain":0,"player_choice":"Got Potions","damage_taken":0,"max_hp_gain":0,"max_hp_loss":0,"event_name":"Lab","floor":31,"gold_loss":0}],"is_beta":false,"boss_relics":[{"not_picked":["Inserter","Cursed Key"],"picked":"Fusion Hammer"}],"items_purged_floors":[3],"is_endless":false,"potions_floor_spawned":[6,10,13,14,22,24,25],"killed_by":"Collector","ascension_level":0}