{"gold_per_floor":[112,187,204,223,237,237,237,257,257,275,285,285],"floor_reached":12,"playtime":383,"items_purged":[],"score":130,"play_id":"a9b86f80-133f-486b-99c5-ac9136780deb","local_time":"20190413064805","is_ascension_mode":true,"campfire_choices":[{"data":"Zap","floor":6,"key":"SMITH"}],"neow_cost":"PERCENT_DAMAGE","seed_source_timestamp":165486567978818,"circlet_count":0,"master_deck":["AscendersBane","Strike_B","Strike_B","Strike_B","Strike_B","Defend_B","Defend_B","Defend_B","Defend_B","Zap+1","Dualcast","All For One","Gash","Sunder","Go for the Eyes","Leap"],"relics":["Cracked Core","Blue Candle"],"potions_floor_usage":[8,10],"damage_taken":[{"damage":1,"enemies":"Cultist","floor":1,"turns":3},{"damage":0,"enemies":"Small Slimes","floor":3,"turns":3},{"damage":7,"enemies":"Jaw Worm","floor":4,"turns":3},{"damage":0,"enemies":"3 Louse","floor":5,"turns":3},{"damage":11,"enemies":"Lots of Slimes","floor":8,"turns":3},{"damage":7,"enemies":"Exordium Thugs","floor":10,"turns":4},{"damage":5,"enemies":"Gremlin Gang","floor":11,"turns":4},{"damage":0,"enemies":"3 Sentries","floor":12,"turns":1}],"seed_played":"-593029249570668571","potions_obtained":[{"floor":5,"key":"Swift Potion"},{"floor":7,"key":"Dexterity Potion"},{"floor":11,"key":"SteroidPotion"}],"is_trial":false,"path_per_floor":["?","?"],"character_chosen":"DEFECT","items_purchased":[],"campfire_rested":0,"item_purchase_floors":[],"current_hp_per_floor":[45,34,34,27,27,27,27,16,16,9,4,4],"gold":285,"neow_bonus":"THREE_RARE_CARDS","is_prod":false,"is_daily":false,"chose_seed":false,"campfire_upgraded":1,"win_rate":0,"timestamp":1555156085,"path_taken":["M","?","M","M","M","R","?","M","T","M","M","E"],"build_version":"2019-01-23","purchased_purges":0,"victory":false,"max_hp_per_floor":[71,71,71,71,71,71,71,71,71,71,71,71],"card_choices":[{"not_picked":["Multi-Cast","Meteor Strike"],"picked":"All For One","floor":0},{"not_picked":["Compile Driver","Redo","Heatsinks"],"picked":"SKIP","floor":1},{"not_picked":["Turbo","Barrage"],"picked":"Gash","floor":3},{"not_picked":["Conserve Battery","Recycle"],"picked":"Sunder","floor":4},{"not_picked":["Chaos","Chill"],"picked":"Go for the Eyes","floor":5},{"not_picked":["Hologram","Stack","Go for the Eyes"],"picked":"SKIP","floor":8},{"not_picked":["Turbo","Stack","Aggregate"],"picked":"SKIP","floor":10},{"not_picked":["Blizzard","Steam Power"],"picked":"Leap","floor":11}],"player_experience":396298,"relics_obtained":[{"floor":9,"key":"Blue Candle"}],"event_choices":[{"damage_healed":0,"gold_gain":75,"player_choice":"Gather Gold","damage_taken":11,"max_hp_gain":0,"max_hp_loss":0,"event_name":"World of Goop","floor":2,"gold_loss":0},{"damage_healed":0,"gold_gain":0,"player_choice":"Got Potions","damage_taken":0,"max_hp_gain":0,"max_hp_loss":0,"event_name":"Lab","floor":7,"gold_loss":0}],"is_beta":false,"boss_relics":[],"items_purged_floors":[],"is_endless":false,"potions_floor_spawned":[5,11],"killed_by":"3 Sentries","ascension_level":15}