{"gold_per_floor":[360,46,61,26,43,75,75,88,170,182,182],"floor_reached":11,"playtime":364,"items_purged":[],"score":131,"play_id":"f240d2ff-1f78-483e-b7ec-d76f37689ddd","local_time":"20190401090851","is_ascension_mode":true,"campfire_choices":[{"floor":7,"key":"REST"}],"neow_cost":"CURSE","seed_source_timestamp":3246498053831450,"circlet_count":0,"master_deck":["AscendersBane","Strike_B","Strike_B","Strike_B","Strike_B","Defend_B","Defend_B","Defend_B","Defend_B","Zap","Dualcast","Parasite","Hologram","Ball Lightning","Capacitor","Echo Form","Sunder"],"relics":["Cracked Core","Dead Branch","Shovel","Mercury Hourglass"],"potions_floor_usage":[],"damage_taken":[{"damage":0,"enemies":"2 Louse","floor":1,"turns":2},{"damage":4,"enemies":"Jaw Worm","floor":3,"turns":4},{"damage":4,"enemies":"Small Slimes","floor":5,"turns":3},{"damage":46,"enemies":"Lagavulin","floor":6,"turns":6},{"damage":5,"enemies":"Red Slaver","floor":8,"turns":5},{"damage":15,"enemies":"3 Louse","floor":10,"turns":2},{"damage":54,"enemies":"Gremlin Nob","floor":11,"turns":4}],"seed_played":"5945358948592029678","potions_obtained":[],"is_trial":false,"path_per_floor":["M","$","M","?","M","E","R","M","T","M","E"],"character_chosen":"DEFECT","items_purchased":["Dead Branch"],"campfire_rested":1,"item_purchase_floors":[2],"current_hp_per_floor":[64,64,60,71,67,21,42,37,37,22,0],"gold":182,"neow_bonus":"TWO_FIFTY_GOLD","is_prod":false,"is_daily":false,"chose_seed":false,"campfire_upgraded":0,"win_rate":0,"timestamp":1554124131,"path_taken":["M","$","M","?","M","E","R","M","T","M","E"],"build_version":"2019-03-15","purchased_purges":0,"victory":false,"max_hp_per_floor":[71,71,71,71,71,71,71,71,71,71,71],"card_choices":[{"not_picked":["Turbo","Rebound"],"picked":"Hologram","floor":1},{"not_picked":["Aggregate","Turbo"],"picked":"Ball Lightning","floor":3},{"not_picked":["Turbo","Hologram"],"picked":"Capacitor","floor":5},{"not_picked":["Sweeping Beam","Genetic Algorithm"],"picked":"Echo Form","floor":6},{"not_picked":["Stack","Reprogram"],"picked":"Sunder","floor":8},{"not_picked":["Streamline","Lockon","Barrage"],"picked":"SKIP","floor":10}],"player_experience":879907,"relics_obtained":[{"floor":6,"key":"Shovel"},{"floor":9,"key":"Mercury Hourglass"}],"event_choices":[{"damage_healed":17,"gold_gain":0,"player_choice":"Healed","damage_taken":0,"max_hp_gain":0,"max_hp_loss":0,"event_name":"The Cleric","floor":4,"gold_loss":35}],"is_beta":true,"boss_relics":[],"items_purged_floors":[],"is_endless":false,"potions_floor_spawned":[],"killed_by":"Gremlin Nob","ascension_level":15}