{"path_per_floor":["M","?","M","M","?","R","?","R","T","E","R","E","M","M","R","B",null,"M","M","?","M","$","R","M","R","T","?","T","R","?","E","R"],"character_chosen":"IRONCLAD","items_purchased":["Gambling Chip","Bludgeon"],"gold_per_floor":[109,184,194,212,212,212,177,177,230,265,265,295,307,320,320,423,423,433,453,453,469,24,24,38,38,61,61,61,61,61,86,86],"floor_reached":33,"campfire_rested":4,"playtime":3186,"current_hp_per_floor":[35,24,30,24,24,48,68,68,68,35,59,25,29,33,57,18,65,55,62,47,31,31,31,35,35,35,35,35,35,64,50,77],"items_purged":[],"gold":86,"play_id":"c109b415-43ba-4b14-a718-d305cbbf04f9","is_prod":false,"is_daily":false,"is_ascension_mode":true,"campfire_upgraded":4,"path_taken":["M","?","M","M","?","R","?","R","T","E","R","E","M","M","R","BOSS","M","M","?","M","$","R","M","R","T","?","?","R","?","E","R","BOSS"],"build_version":"2018-01-25-PROD3","purchased_purges":0,"victory":false,"master_deck":["Strike_R","Strike_R","Strike_R","Strike_R","Strike_R","Defend_R","Defend_R","Defend_R","Defend_R","Bash","Offering+1","Armaments+1","Thunderclap","Pommel Strike","Pommel Strike","Flex+1","Flex","Feed","Twin Strike+1","Headbutt","Battle Trance+1","Bludgeon+1","Shrug It Off+1"],"max_hp_per_floor":[80,80,80,80,80,80,80,80,80,80,80,80,80,80,80,80,80,80,83,88,88,88,88,88,88,88,88,88,88,88,91,91],"relics":["Burning Blood","Tiny Chest","Blood Vial","Art of War","Sozu","Gambling Chip","Bag of Marbles","Centennial Puzzle","Shuriken"],"card_choices":[{"not_picked":["Impervious","Double Tap"],"picked":"Offering"},{"not_picked":["Shockwave","Iron Wave"],"picked":"Armaments"},{"not_picked":["Burning Pact","Warcry"],"picked":"Thunderclap"},{"not_picked":["Headbutt","Perfected Strike"],"picked":"Pommel Strike"},{"not_picked":["Barricade","Sword Boomerang"],"picked":"Pommel Strike"},{"not_picked":["Perfected Strike","Armaments"],"picked":"Flex"},{"not_picked":["Anger","Twin Strike"],"picked":"Flex"},{"not_picked":["Limit Break","Fiend Fire"],"picked":"Feed"},{"not_picked":["Warcry","Armaments"],"picked":"Twin Strike"},{"not_picked":["Clothesline","Havoc"],"picked":"Headbutt"},{"not_picked":["Sword Boomerang","Shrug It Off"],"picked":"Battle Trance"},{"not_picked":["Brutality","Heavy Blade"],"picked":"Shrug It Off"}],"player_experience":215013,"potions_floor_usage":[10,16,16],"damage_taken":[{"damage":11,"enemies":"Jaw Worm","floor":1,"turns":2},{"damage":0,"enemies":"2 Louse","floor":3,"turns":3},{"damage":12,"enemies":"Blue Slaver","floor":4,"turns":2},{"damage":39,"enemies":"3 Sentries","floor":10,"turns":5},{"damage":42,"enemies":"Lagavulin","floor":12,"turns":6},{"damage":4,"enemies":"Looter","floor":13,"turns":2},{"damage":4,"enemies":"2 Fungi Beasts","floor":14,"turns":3},{"damage":47,"enemies":"Hexaghost","floor":16,"turns":9},{"damage":18,"enemies":"Shell Parasite","floor":18,"turns":3},{"damage":4,"enemies":"Chosen","floor":19,"turns":3},{"damage":24,"enemies":"Snake Plant","floor":21,"turns":3},{"damage":4,"enemies":"Snecko","floor":24,"turns":2},{"damage":25,"enemies":"Slavers","floor":31,"turns":4},{"damage":97,"enemies":"Champ","floor":33,"turns":8}],"event_choices":[{"event_name":"World of Goop","player_choice":"Gather Gold","floor":2,"damage_taken":0},{"event_name":"The Woman in Blue","player_choice":"Bought 0 Potions","floor":5,"damage_taken":0},{"event_name":"The Cleric","player_choice":"Healed","floor":7,"damage_taken":0},{"event_name":"Forgotten Altar","player_choice":"Shed Blood","floor":20,"damage_taken":0},{"event_name":"Addict","player_choice":"Ignored","floor":27,"damage_taken":0},{"event_name":"The Library","player_choice":"Heal","floor":30,"damage_taken":0}],"boss_relics":[{"not_picked":["Question Card","Astrolabe"],"picked":"Sozu"}],"potions_floor_spawned":[1,3,12,16,18,21],"seed_played":"-7603723301048196748","killed_by":"Champ","ascension_level":5,"is_trial":false}