{"path_per_floor":["M","M","?","?","$","E","M","E","T","R","$","E","R","M","R","B",null,"M","?","$","T","M","R","E","T","T","R","?","$","T","T","R","B",null,"M","?","?","$","M","R","E","R","T","E","$","M","?","?","R","B"],"character_chosen":"DEFECT","items_purchased":["Singing Bowl","Explosive Potion","Bag of Preparation","Deep Breath","Glacier","Oddly Smooth Stone"],"gold_per_floor":[112,125,225,225,21,82,100,131,155,155,155,180,180,196,196,296,296,315,315,68,68,84,84,110,163,163,163,163,10,35,35,35,130,130,140,140,140,140,157,157,182,182,206,232,85,101,101,147,147,147],"floor_reached":51,"campfire_rested":6,"playtime":2059,"current_hp_per_floor":[79,79,79,72,72,35,35,19,19,43,43,10,34,36,61,33,84,59,59,59,59,49,49,9,9,9,34,34,34,34,34,59,59,86,77,77,66,66,66,66,78,78,78,69,69,71,61,44,79,38],"items_purged":["Strike_B"],"gold":147,"score":1065,"play_id":"03e69cd6-52c9-4eff-8fd5-76589f10ad53","local_time":"20180502132422","is_prod":false,"is_daily":false,"chose_seed":false,"is_ascension_mode":true,"campfire_upgraded":3,"timestamp":1525238662,"path_taken":["M","M","?","?","$","E","?","E","T","R","?","E","R","M","R","BOSS","M","?","$","?","M","R","E","?","T","R","?","?","?","?","R","BOSS","M","?","?","$","M","R","E","R","T","E","$","M","?","?","R","BOSS"],"build_version":"2018-05-01","seed_source_timestamp":0,"purchased_purges":1,"victory":true,"master_deck":["Strike_B","Strike_B+1","Strike_B+1","Defend_B","Defend_B","Defend_B","Defend_B","Zap+1","Dualcast","Sunder","Capacitor+1","Prime","Loop","Go for the Eyes","Chaos","Echo Form","Coolheaded+1","Buffer","Deep Breath+1","Seek","Storm","Glacier","Seek","Madness","Madness","Turbo+1","Capacitor+1","Apotheosis","Secret Technique","Dark Shackles"],"max_hp_per_floor":[82,82,82,82,82,82,82,82,82,82,82,82,82,84,84,84,84,84,84,84,84,86,86,86,86,86,86,86,86,86,86,86,86,86,88,88,88,88,88,88,100,100,100,100,100,102,102,118,118,118],"relics":["Cracked Core","DataDisk","Singing Bowl","Tiny Chest","Anchor","Whetstone","Dead Branch","Sozu","Bag of Preparation","Bronze Scales","Blue Candle","Orichalcum","Symbiotic Virus","Bag of Marbles","Bottled Tornado","Philosopher\u0027s Stone","Pear","Lantern","Happy Flower","Oddly Smooth Stone","Mango"],"card_choices":[{"not_picked":["Genetic Algorithm","Hologram"],"picked":"Sunder","floor":1.0},{"not_picked":["Hologram","Rebound"],"picked":"Capacitor","floor":2.0},{"not_picked":["Loop","Streamline"],"picked":"Prime","floor":6.0},{"not_picked":["Barrage","Streamline"],"picked":"Loop","floor":7.0},{"not_picked":["Sunder","Impulse"],"picked":"Go for the Eyes","floor":8.0},{"not_picked":["Beam Cell","Stack"],"picked":"Chaos","floor":12.0},{"not_picked":["Biased Cognition","Meteor Strike"],"picked":"Echo Form","floor":16.0},{"not_picked":["Barrage","Skim"],"picked":"Coolheaded","floor":18.0},{"not_picked":["Capacitor","Sweeping Beam"],"picked":"Seek","floor":24.0},{"not_picked":["Echo Form","Machine Learning"],"picked":"Seek","floor":33.0},{"not_picked":["Leap","Blizzard"],"picked":"Turbo","floor":39.0},{"not_picked":["Ball Lightning","Rebound"],"picked":"Capacitor","floor":44.0},{"not_picked":["Panache","Purity"],"picked":"Apotheosis","floor":47},{"not_picked":["Mind Blast","Blind"],"picked":"Secret Technique","floor":47},{"not_picked":["Bandage Up","Swift Strike"],"picked":"Dark Shackles","floor":47}],"player_experience":927135,"potions_floor_usage":[50],"damage_taken":[{"damage":3.0,"enemies":"2 Louse","floor":1.0,"turns":3.0},{"damage":0.0,"enemies":"Cultist","floor":2.0,"turns":2.0},{"damage":37.0,"enemies":"Lagavulin","floor":6.0,"turns":8.0},{"damage":0.0,"enemies":"Small Slimes","floor":7.0,"turns":3.0},{"damage":16.0,"enemies":"3 Sentries","floor":8.0,"turns":6.0},{"damage":33.0,"enemies":"Lagavulin","floor":12.0,"turns":7.0},{"damage":0.0,"enemies":"Looter","floor":14.0,"turns":2.0},{"damage":28.0,"enemies":"Slime Boss","floor":16.0,"turns":7.0},{"damage":25.0,"enemies":"Spheric Guardian","floor":18.0,"turns":4.0},{"damage":12.0,"enemies":"2 Thieves","floor":22.0,"turns":3.0},{"damage":40.0,"enemies":"Book of Stabbing","floor":24.0,"turns":6.0},{"damage":0.0,"enemies":"Automaton","floor":33.0,"turns":10.0},{"damage":11.0,"enemies":"Flame Bruiser 1 Orb","floor":35.0,"turns":7.0},{"damage":0.0,"enemies":"Orb Walker","floor":39.0,"turns":3.0},{"damage":0.0,"enemies":"Giant Head","floor":41.0,"turns":9.0},{"damage":16.0,"enemies":"2 Orb Walkers","floor":44.0,"turns":5.0},{"damage":0,"enemies":"Sphere and 2 Shapes","floor":46,"turns":2},{"damage":33,"enemies":"Mysterious Sphere","floor":48,"turns":4},{"damage":64,"enemies":"Awakened One","floor":50,"turns":12}],"event_choices":[{"event_name":"Golden Shrine","player_choice":"Pray","floor":3.0,"damage_taken":0.0},{"event_name":"Scrap Ooze","player_choice":"success","floor":4.0,"damage_taken":7.0},{"event_name":"The Library","player_choice":"Read","floor":19.0,"damage_taken":0.0},{"event_name":"Match and Keep!","player_choice":"1 cards matched","floor":28.0,"damage_taken":0.0},{"event_name":"Tomb of Lord Red Mask","player_choice":"Ignored","floor":36.0,"damage_taken":0.0},{"event_name":"Winding Halls","player_choice":"Embrace Madness","floor":37.0,"damage_taken":0.0},{"event_name":"SensoryStone","player_choice":"Memory 3","floor":47,"damage_taken":0},{"event_name":"Mysterious Sphere","player_choice":"Fight","floor":48,"damage_taken":0}],"boss_relics":[],"potions_floor_spawned":[1,7,18,22,39,46],"seed_played":"-1148927405637566048","ascension_level":4,"is_trial":false}