{"gold_per_floor":[110,124,23,23,23,48,78,78,78,52,95,123,135,147,159,171],"floor_reached":16,"playtime":381,"items_purged":["Defend_G"],"score":106,"play_id":"d14487dc-7b32-49f6-85a6-c22e0ea7a576","local_time":"20190128182553","is_ascension_mode":false,"campfire_choices":[{"data":"After Image","floor":8,"key":"SMITH"},{"floor":15,"key":"REST"}],"neow_cost":"NONE","seed_source_timestamp":436709835282586,"circlet_count":0,"master_deck":["Defend_G","Defend_G","Defend_G","Defend_G","Strike_G","Strike_G","Strike_G","Strike_G","Strike_G","Survivor","Neutralize","Blade Dance","Cloak And Dagger","After Image+1","Escape Plan","Parasite"],"relics":["Ring of the Snake","Mercury Hourglass","Matryoshka","MawBank","Frozen Egg 2","Bag of Marbles"],"potions_floor_usage":[11,16],"damage_taken":[{"damage":0,"enemies":"Cultist","floor":1,"turns":4},{"damage":1,"enemies":"Jaw Worm","floor":2,"turns":4},{"damage":17,"enemies":"3 Sentries","floor":6,"turns":8},{"damage":15,"enemies":"Lagavulin","floor":11,"turns":5},{"damage":0,"enemies":"Small Slimes","floor":12,"turns":3},{"damage":21,"enemies":"Slime Boss","floor":16,"turns":4}],"seed_played":"1293979401193274336","potions_obtained":[{"floor":2,"key":"Poison Potion"},{"floor":12,"key":"Dexterity Potion"}],"is_trial":false,"path_per_floor":["M","M","$","?","$","E","?","R","T","?","E","M","?","?","R","B"],"character_chosen":"THE_SILENT","items_purchased":["Cloak And Dagger"],"campfire_rested":1,"item_purchase_floors":[3],"current_hp_per_floor":[77,76,76,69,69,52,52,52,52,52,37,37,37,56,77,56],"gold":171,"neow_bonus":"TEN_PERCENT_HP_BONUS","is_prod":false,"is_daily":false,"chose_seed":false,"campfire_upgraded":1,"win_rate":0,"timestamp":1548717953,"path_taken":["M","M","?","?","$","E","?","R","T","?","E","M","?","?","R","BOSS"],"build_version":"2019-01-23","purchased_purges":1,"victory":false,"max_hp_per_floor":[77,77,77,77,77,77,77,77,77,77,77,77,77,77,77,77],"card_choices":[{"not_picked":["Flying Knee","Riddle With Holes"],"picked":"Blade Dance","floor":1},{"not_picked":["Crippling Poison","Caltrops","Outmaneuver"],"picked":"SKIP","floor":2},{"not_picked":["Blur","Prepared"],"picked":"After Image","floor":6},{"not_picked":["Prepared","Masterful Stab","Flying Knee"],"picked":"SKIP","floor":11},{"not_picked":["Acrobatics","Underhanded Strike"],"picked":"Escape Plan","floor":12}],"player_experience":176834,"relics_obtained":[{"floor":6,"key":"Matryoshka"},{"floor":9,"key":"MawBank"},{"floor":9,"key":"Frozen Egg 2"},{"floor":11,"key":"Bag of Marbles"}],"event_choices":[{"damage_healed":0,"gold_gain":0,"player_choice":"Success","damage_taken":7,"relics_obtained":["Mercury Hourglass"],"max_hp_gain":0,"max_hp_loss":0,"event_name":"Scrap Ooze","floor":4,"gold_loss":0},{"damage_healed":0,"gold_gain":30,"player_choice":"Searched \u00271\u0027 times","damage_taken":0,"max_hp_gain":0,"max_hp_loss":0,"event_name":"Dead Adventurer","floor":7,"gold_loss":0},{"damage_healed":0,"gold_gain":0,"player_choice":"Left Gold","damage_taken":0,"max_hp_gain":0,"max_hp_loss":0,"event_name":"World of Goop","floor":10,"gold_loss":38},{"damage_healed":0,"gold_gain":0,"player_choice":"Ignored","damage_taken":0,"max_hp_gain":0,"max_hp_loss":0,"event_name":"Golden Wing","floor":13,"gold_loss":0},{"damage_healed":19,"gold_gain":0,"player_choice":"Healed and dodged fight","damage_taken":0,"max_hp_gain":0,"max_hp_loss":0,"event_name":"Mushrooms","floor":14,"gold_loss":0,"cards_obtained":["Parasite"]}],"is_beta":false,"boss_relics":[],"items_purged_floors":[3],"is_endless":false,"potions_floor_spawned":[2,12],"killed_by":"Slime Boss","ascension_level":0}