{"path_per_floor":["M","?","M","?","M","M","R","M","T","M","?","?","$","M","R","B",null,"M","M","?","?","?","E","R","E","T"],"character_chosen":"IRONCLAD","items_purchased":["Mummified Hand","Metallicize"],"gold_per_floor":[111,186,203,203,218,238,238,254,279,294,294,469,58,71,71,170,170,186,203,118,118,118,153,153,180,206],"floor_reached":27,"campfire_rested":1,"playtime":3236,"current_hp_per_floor":[59,48,49,33,39,35,35,34,34,33,33,33,33,39,63,58,75,62,68,68,68,68,48,48,10,10],"items_purged":["Doubt"],"gold":206,"play_id":"6f321e29-fbaa-41dc-963f-dd6982de1275","is_prod":false,"is_daily":false,"is_ascension_mode":true,"campfire_upgraded":2,"path_taken":["M","?","M","?","?","M","R","M","T","M","?","?","$","M","R","BOSS","M","M","?","?","?","E","R","E","T","?"],"build_version":"2018-02-01-PROD3","purchased_purges":1,"victory":false,"master_deck":["Strike_R","Strike_R","Strike_R+1","Strike_R+1","Strike_R","Defend_R","Defend_R","Defend_R","Defend_R","Bash+1","Pommel Strike","True Grit+1","Inflame","Sword Boomerang+1","True Grit+1","Pommel Strike","Ghostly Armor","Metallicize","Feel No Pain","Limit Break+1","Body Slam","Shrug It Off","Evolve+1","Bloodletting","Flex"],"max_hp_per_floor":[80,80,80,80,80,80,80,80,80,80,80,80,80,80,80,80,80,80,80,80,80,80,80,80,80,80],"relics":["Burning Blood","Whetstone","Blue Candle","Mummified Hand","Mark of Pain","Charon\u0027s Ashes","Paper Frog","War Paint","Art of War","Singing Bowl"],"card_choices":[{"not_picked":["Thunderclap","Cleave"],"picked":"Pommel Strike"},{"not_picked":["Sever Soul","Heavy Blade"],"picked":"True Grit"},{"not_picked":["Thunderclap","Carnage"],"picked":"Inflame"},{"not_picked":["Pommel Strike","Twin Strike"],"picked":"Sword Boomerang"},{"not_picked":["Thunderclap","Pommel Strike"],"picked":"True Grit"},{"not_picked":["Clothesline","Heavy Blade"],"picked":"Pommel Strike"},{"not_picked":["Rupture","True Grit"],"picked":"Ghostly Armor"},{"not_picked":["Warcry","Clash"],"picked":"Feel No Pain"},{"not_picked":["Dark Embrace","Bludgeon"],"picked":"Limit Break"},{"not_picked":["Pommel Strike","Cleave"],"picked":"Body Slam"},{"not_picked":["Pommel Strike","Disarm"],"picked":"Shrug It Off"},{"not_picked":["Evolve","Thunderclap"],"picked":"Bloodletting"},{"not_picked":["Corruption","Dropkick"],"picked":"Flex"}],"player_experience":283675,"potions_floor_usage":[16,23,23,25,27],"damage_taken":[{"damage":19.0,"enemies":"Small Slimes","floor":1.0,"turns":4.0},{"damage":5.0,"enemies":"2 Louse","floor":3.0,"turns":3.0},{"damage":0.0,"enemies":"Jaw Worm","floor":5.0,"turns":4.0},{"damage":10.0,"enemies":"Large Slime","floor":6.0,"turns":4.0},{"damage":7.0,"enemies":"2 Fungi Beasts","floor":8.0,"turns":3.0},{"damage":7.0,"enemies":"Exordium Thugs","floor":10.0,"turns":4.0},{"damage":0.0,"enemies":"3 Louse","floor":14.0,"turns":3.0},{"damage":11,"enemies":"Slime Boss","floor":16,"turns":7},{"damage":19,"enemies":"Shell Parasite","floor":18,"turns":6},{"damage":0,"enemies":"3 Byrds","floor":19,"turns":6},{"damage":26,"enemies":"Slavers","floor":23,"turns":6},{"damage":44,"enemies":"Gremlin Leader","floor":25,"turns":7},{"damage":10,"enemies":"Snake Plant","floor":27,"turns":1}],"event_choices":[{"event_name":"World of Goop","player_choice":"Gather Gold","floor":2.0,"damage_taken":0.0},{"event_name":"Shining Light","player_choice":"Entered Light","floor":4.0,"damage_taken":0.0},{"event_name":"Accursed Blacksmith","player_choice":"Rummage","floor":11.0,"damage_taken":0.0},{"event_name":"Liars Game","player_choice":"agreed","floor":12.0,"damage_taken":0.0},{"event_name":"Addict","player_choice":"Obtained Relic","floor":20,"damage_taken":0},{"event_name":"The Library","player_choice":"Read","floor":21,"damage_taken":0},{"event_name":"The Mausoleum","player_choice":"Yes","floor":22,"damage_taken":0}],"boss_relics":[{"not_picked":["Runic Dome","Astrolabe"],"picked":"Mark of Pain"}],"potions_floor_spawned":[1,14,16,18,25],"seed_played":"7941414291366642034","killed_by":"Snake Plant","ascension_level":8,"is_trial":false}