{"gold_per_floor":[110,129,146,146,158,158,172,172,172,12,39,39,39,68,68,145,145,162,162,87,100,115,115,145,161,187,199,210,242,113,113,113,188,188,208,225,40,50,101,101,131,131,131,161,161,161],"floor_reached":46,"playtime":3138,"items_purged":["Cold Snap"],"score":1481,"play_id":"0eebdf32-71e5-4663-804a-4a4ab60f121c","local_time":"20190413032050","daily_mods":["SealedDeck","Binary"],"is_ascension_mode":true,"campfire_choices":[{"data":"strawberrySpire:AngeryBot","floor":6.0,"key":"SMITH"},{"data":"strawberrySpire:NeonFlight","floor":8.0,"key":"SMITH"},{"data":"strawberrySpire:SearchEngine","floor":15.0,"key":"SMITH"},{"data":"Conserve Battery","floor":23.0,"key":"SMITH"},{"data":"Scrape","floor":32.0,"key":"SMITH"},{"data":"Panache","floor":40.0,"key":"SMITH"},{"floor":42.0,"key":"REST"}],"neow_cost":"","seed_source_timestamp":0,"circlet_count":4,"master_deck":["AscendersBane","Madness+1","Madness+1","Ball Lightning","Chill","Madness+1","Hologram+1","Conserve Battery+1","Madness+1","Scrape+1","Panache+1"],"special_seed":0,"relics":["Cracked Core","Busted Crown","Anchor","Circlet","Shuriken","Letter Opener","Sozu","Smiling Mask","Ancient Tea Set","Ginger","Regal Pillow","Calipers"],"potions_floor_usage":[],"damage_taken":[{"damage":0.0,"enemies":"conspire:RoseBush","floor":1.0,"turns":3.0},{"damage":0.0,"enemies":"Jaw Worm","floor":2.0,"turns":3.0},{"damage":0.0,"enemies":"2 Louse","floor":3.0,"turns":2.0},{"damage":0.0,"enemies":"2 Fungi Beasts","floor":5.0,"turns":2.0},{"damage":0.0,"enemies":"Looter","floor":7.0,"turns":2.0},{"damage":0.0,"enemies":"Lagavulin","floor":11.0,"turns":5.0},{"damage":0.0,"enemies":"3 Sentries","floor":14.0,"turns":4.0},{"damage":0.0,"enemies":"Hexaghost","floor":16.0,"turns":6.0},{"damage":0.0,"enemies":"2 Thieves","floor":18.0,"turns":3.0},{"damage":1.0,"enemies":"Chosen","floor":21.0,"turns":4.0},{"damage":0.0,"enemies":"3 Cultists","floor":22.0,"turns":3.0},{"damage":1.0,"enemies":"conspire:SneckoGhost","floor":24.0,"turns":5.0},{"damage":0.0,"enemies":"Snake Plant","floor":25.0,"turns":3.0},{"damage":0.0,"enemies":"Chosen and Byrds","floor":27.0,"turns":3.0},{"damage":0.0,"enemies":"Centurion and Healer","floor":28.0,"turns":3.0},{"damage":0.0,"enemies":"conspire:Head Lice","floor":29.0,"turns":4.0},{"damage":0.0,"enemies":"conspire:MysteriousRune","floor":33.0,"turns":5.0},{"damage":0.0,"enemies":"3 Shapes","floor":35.0,"turns":2.0},{"damage":0.0,"enemies":"Orb Walker","floor":36.0,"turns":2.0},{"damage":13.0,"enemies":"Spire Growth","floor":38.0,"turns":3.0},{"damage":0.0,"enemies":"2 Orb Walkers","floor":39.0,"turns":3.0},{"damage":9.0,"enemies":"Nemesis","floor":41.0,"turns":3.0},{"damage":0.0,"enemies":"Giant Head","floor":44.0,"turns":4.0}],"seed_played":"265363296677800830","potions_obtained":[{"floor":5.0,"key":"Energy Potion"},{"floor":11.0,"key":"conspire:EchoDraught"},{"floor":14.0,"key":"Explosive Potion"},{"floor":16.0,"key":"PowerPotion"}],"is_trial":true,"path_per_floor":["?","?","?","?","?","M","?","?","?"],"character_chosen":"DEFECT","items_purchased":["hubris:BallOfYels","Scrape","Panache"],"campfire_rested":1,"item_purchase_floors":[10,30,37],"current_hp_per_floor":[64,64,64,43,43,43,43,43,43,43,43,48,30,30,30,30,65,65,65,65,64,64,64,63,63,63,63,63,63,63,63,63,63,73,73,73,73,60,60,60,51,76,76,76,72,72],"gold":161,"neow_bonus":"","is_prod":false,"is_daily":false,"chose_seed":false,"campfire_upgraded":6,"win_rate":0,"timestamp":1555143650,"path_taken":["M","M","M","?","M","R","M","R","T","$","E","?","?","E","R","BOSS","M","?","?","M","M","R","E","M","T","M","?","E","$","?","R","BOSS","M","M","$","M","?","R","E","R","T","E","?","R"],"build_version":"2019-01-23","purchased_purges":1,"victory":false,"max_hp_per_floor":[71,71,71,71,71,71,71,71,71,71,71,76,76,76,76,76,76,76,76,76,76,76,76,76,76,76,76,76,76,76,76,76,76,76,76,76,76,76,76,76,76,76,76,76,72,72],"card_choices":[],"player_experience":387656,"relics_obtained":[{"floor":9.0,"key":"Anchor"},{"floor":11.0,"key":"hubris:Reverence"},{"floor":14.0,"key":"Letter Opener"},{"floor":24.0,"key":"Smiling Mask"},{"floor":26.0,"key":"Ancient Tea Set"},{"floor":29.0,"key":"strawberrySpire:ElefentMask"},{"floor":39.0,"key":"hubris:Zylophone"},{"floor":41.0,"key":"Regal Pillow"},{"floor":43.0,"key":"Calipers"},{"floor":44.0,"key":"infinitespire:Magic Flask"}],"event_choices":[{"damage_healed":0.0,"max_hp_gain":0.0,"max_hp_loss":0.0,"gold_gain":0.0,"event_name":"Shining Light","player_choice":"Entered Light","floor":4.0,"gold_loss":0.0,"damage_taken":21.0,"cards_upgraded":["strawberrySpire:Disconnect","Hologram"]},{"damage_healed":0.0,"max_hp_gain":5.0,"max_hp_loss":0.0,"gold_gain":0.0,"event_name":"Big Fish","player_choice":"Donut","floor":12.0,"gold_loss":0.0,"damage_taken":0.0},{"damage_healed":0.0,"max_hp_gain":0.0,"max_hp_loss":0.0,"gold_gain":0.0,"event_name":"Scrap Ooze","player_choice":"Success","floor":13.0,"gold_loss":0.0,"damage_taken":18.0,"relics_obtained":["Shuriken"]},{"damage_healed":0.0,"max_hp_gain":0.0,"max_hp_loss":0.0,"gold_gain":0.0,"event_name":"The Mausoleum","player_choice":"Ignored","floor":19.0,"gold_loss":0.0,"damage_taken":0.0},{"cards_removed":["Leap"],"damage_healed":0.0,"max_hp_gain":0.0,"max_hp_loss":0.0,"gold_gain":0.0,"event_name":"Beggar","player_choice":"Gave Gold","floor":20.0,"gold_loss":75.0,"damage_taken":0.0},{"damage_healed":0.0,"max_hp_gain":0.0,"max_hp_loss":0.0,"gold_gain":0.0,"event_name":"Mysterious Sphere","player_choice":"Fight","floor":39.0,"gold_loss":0.0,"damage_taken":0.0},{"damage_healed":0.0,"max_hp_gain":0.0,"max_hp_loss":4.0,"gold_gain":0.0,"event_name":"Winding Halls","player_choice":"Max HP","floor":45.0,"gold_loss":0.0,"damage_taken":0.0}],"is_beta":false,"boss_relics":[{"not_picked":["Snecko Eye","Nuclear Battery"],"picked":"Sozu"},{"not_picked":["Runic Dome","White Beast Statue"],"picked":"conspire:SpecialSausage"}],"items_purged_floors":[30],"is_endless":false,"potions_floor_spawned":[5,11,14,16,22,25,27,28,33,38],"ascension_level":20}