{"gold_per_floor":[112,112,128,138,152,178,178,210,210,39,39,74,39,52,52,154,154,168,168,184,203,265,293,22,0,0,31,31],"floor_reached":28,"playtime":2614,"items_purged":["Strike_B"],"score":292,"play_id":"73ed38fa-2d84-48df-b088-ba1a6ab1ccc9","local_time":"20190127193337","is_ascension_mode":true,"campfire_choices":[{"data":"1","floor":7,"key":"LIFT"},{"data":"2","floor":11,"key":"LIFT"},{"floor":15,"key":"DIG"}],"neow_cost":"NONE","seed_source_timestamp":229452055950277,"circlet_count":0,"master_deck":["Zap","Dualcast","Streamline+1","Recycle","Rebound","BootSequence","Streamline","Rebound","Turbo","Sunder","Conserve Battery","Chill","Machine Learning","Genetic Algorithm","Fission","Sweeping Beam","Scrape","Lockon","Buffer","Redo","White Noise+1","Leap","Go for the Eyes","Go for the Eyes","Defragment+1","Sunder","Go for the Eyes+1"],"relics":["Cracked Core","Girya","Strawberry","Shovel","Kunai","Pandora\u0027s Box","SsserpentHead","Shuriken","Membership Card","Sundial","Lantern"],"potions_floor_usage":[6,8,12,21,23,27,27,27,28],"damage_taken":[{"damage":4,"enemies":"Jaw Worm","floor":1,"turns":4},{"damage":1,"enemies":"Cultist","floor":3,"turns":3},{"damage":0,"enemies":"2 Louse","floor":4,"turns":2},{"damage":7,"enemies":"Looter","floor":5,"turns":4},{"damage":40,"enemies":"Lagavulin","floor":6,"turns":7},{"damage":16,"enemies":"3 Sentries","floor":8,"turns":6},{"damage":18,"enemies":"Lagavulin","floor":12,"turns":3},{"damage":3,"enemies":"Red Slaver","floor":14,"turns":2},{"damage":2,"enemies":"Slime Boss","floor":16,"turns":10},{"damage":41,"enemies":"3 Byrds","floor":18,"turns":6},{"damage":0,"enemies":"Chosen","floor":20,"turns":3},{"damage":1,"enemies":"Sentry and Sphere","floor":21,"turns":6},{"damage":7,"enemies":"Chosen and Byrds","floor":22,"turns":5},{"damage":24,"enemies":"Gremlin Leader","floor":23,"turns":8},{"damage":6,"enemies":"Slavers","floor":27,"turns":6},{"damage":22,"enemies":"Shelled Parasite and Fungi","floor":28,"turns":3}],"seed_played":"2346789932476510063","potions_obtained":[{"floor":4,"key":"AttackPotion"},{"floor":6,"key":"FocusPotion"},{"floor":8,"key":"Energy Potion"},{"floor":16,"key":"FocusPotion"},{"floor":18,"key":"Energy Potion"},{"floor":21,"key":"GamblersBrew"},{"floor":23,"key":"SkillPotion"},{"floor":27,"key":"AttackPotion"}],"is_trial":false,"path_per_floor":["M","?","M","M","M","E","R","E","T","$","R","E","?","M","R","B",null,"M","?","M","M","M","E","$","?","T","E","M"],"character_chosen":"DEFECT","items_purchased":["Turbo","Sunder","Membership Card","Sunder","Block Potion"],"campfire_rested":0,"item_purchase_floors":[10,10,24,24,24],"current_hp_per_floor":[78,78,77,77,70,30,30,21,21,21,21,3,25,22,22,20,89,48,48,48,47,40,16,16,16,16,10,0],"gold":31,"neow_bonus":"TEN_PERCENT_HP_BONUS","is_prod":false,"is_daily":false,"chose_seed":false,"campfire_upgraded":0,"win_rate":0,"timestamp":1548635617,"path_taken":["M","?","?","M","M","E","R","E","T","$","R","E","?","M","R","BOSS","M","?","M","M","?","E","$","?","T","E","M"],"build_version":"2019-01-23","purchased_purges":1,"victory":false,"max_hp_per_floor":[82,82,82,82,82,82,82,89,89,89,89,89,89,89,89,89,89,89,89,89,89,89,89,89,89,89,89,89],"card_choices":[{"not_picked":["Go for the Eyes","Hologram"],"picked":"Streamline","floor":1},{"not_picked":["Stack","Melter"],"picked":"Recycle","floor":3},{"not_picked":["Hologram","Conserve Battery"],"picked":"Rebound","floor":4},{"not_picked":["Coolheaded","FTL"],"picked":"BootSequence","floor":5},{"not_picked":["Thunder Strike","FTL"],"picked":"Streamline","floor":6},{"not_picked":["Redo","Hello World"],"picked":"Rebound","floor":8},{"not_picked":["Redo","Reprogram"],"picked":"Conserve Battery","floor":12},{"not_picked":["Sweeping Beam","Hologram"],"picked":"Chill","floor":14},{"not_picked":["Multi-Cast","Biased Cognition"],"picked":"Machine Learning","floor":16},{"not_picked":["Aggregate","Redo"],"picked":"White Noise+1","floor":18},{"not_picked":["Storm","Turbo"],"picked":"Leap","floor":20},{"not_picked":["Blizzard","Hologram"],"picked":"Go for the Eyes","floor":21},{"not_picked":["Steam","Lockon"],"picked":"Go for the Eyes","floor":22},{"not_picked":["Hologram","Heatsinks"],"picked":"Defragment+1","floor":23},{"not_picked":["Static Discharge","Double Energy"],"picked":"Go for the Eyes+1","floor":27}],"player_experience":63704,"relics_obtained":[{"floor":6,"key":"Girya"},{"floor":8,"key":"Strawberry"},{"floor":12,"key":"Shovel"},{"floor":15,"key":"Kunai"},{"floor":23,"key":"Shuriken"},{"floor":26,"key":"Sundial"},{"floor":27,"key":"Lantern"}],"event_choices":[{"damage_healed":0,"gold_gain":0,"player_choice":"Forge","damage_taken":0,"max_hp_gain":0,"max_hp_loss":0,"event_name":"Accursed Blacksmith","floor":2,"gold_loss":0,"cards_upgraded":["Streamline"]},{"damage_healed":22,"gold_gain":0,"player_choice":"Healed","damage_taken":0,"max_hp_gain":0,"max_hp_loss":0,"event_name":"The Cleric","floor":13,"gold_loss":35},{"damage_healed":0,"gold_gain":0,"player_choice":"Trade","damage_taken":0,"relics_obtained":["SsserpentHead"],"max_hp_gain":0,"max_hp_loss":0,"event_name":"FaceTrader","floor":19,"gold_loss":0},{"damage_healed":0,"gold_gain":0,"player_choice":"Paid Fearfully","damage_taken":0,"max_hp_gain":0,"max_hp_loss":0,"event_name":"Masked Bandits","floor":25,"gold_loss":72}],"is_beta":false,"boss_relics":[{"not_picked":["Ectoplasm","Empty Cage"],"picked":"Pandora\u0027s Box"}],"items_purged_floors":[10],"is_endless":false,"potions_floor_spawned":[4,6,8,16,18,21,23,27],"killed_by":"Shelled Parasite and Fungi","ascension_level":1}