{"gold_per_floor":[112,112,132,132,151,183,183,201,249,16,26,26,41,76,76,176,176,146,146],"floor_reached":19,"playtime":611,"items_purged":[],"score":277,"play_id":"adcb2054-4354-4c4d-98c3-e5b61b076bd5","local_time":"20181208214637","is_ascension_mode":true,"campfire_choices":[{"data":"Zap","floor":7,"key":"SMITH"},{"data":"Loop","floor":12,"key":"SMITH"},{"data":"Redo","floor":15,"key":"SMITH"}],"neow_cost":"NONE","seed_source_timestamp":210807616497507,"circlet_count":0,"master_deck":["AscendersBane","Strike_B","Strike_B","Strike_B","Defend_B","Defend_B","Defend_B","Defend_B","Zap+1","Dualcast","Doom and Gloom","Conserve Battery","Rebound","Redo+1","Reinforced Body","Coolheaded","Loop+1","Conserve Battery","Hologram","Compile Driver","Echo Form","Leap+1"],"relics":["FrozenCore","Ornamental Fan","Pen Nib","Chemical X","Happy Flower"],"potions_floor_usage":[],"damage_taken":[{"damage":1,"enemies":"2 Louse","floor":1,"turns":2},{"damage":0,"enemies":"Cultist","floor":3,"turns":3},{"damage":5,"enemies":"Jaw Worm","floor":5,"turns":3},{"damage":29,"enemies":"Gremlin Nob","floor":6,"turns":5},{"damage":0,"enemies":"Large Slime","floor":8,"turns":4},{"damage":8,"enemies":"2 Fungi Beasts","floor":11,"turns":4},{"damage":11,"enemies":"Blue Slaver","floor":13,"turns":4},{"damage":8,"enemies":"Lagavulin","floor":14,"turns":6},{"damage":4,"enemies":"Hexaghost","floor":16,"turns":6},{"damage":30,"enemies":"2 Thieves","floor":18,"turns":5},{"damage":35,"enemies":"3 Byrds","floor":19,"turns":4}],"seed_played":"156510811976503705","potions_obtained":[{"floor":1,"key":"FocusPotion"},{"floor":3,"key":"Ancient Potion"}],"is_trial":false,"path_per_floor":["M","?","M","?","M","E","R","M","T","$","M","R","M","E","R","B",null,"M","M"],"character_chosen":"DEFECT","items_purchased":["Chemical X","Loop"],"campfire_rested":0,"item_purchase_floors":[10,10],"current_hp_per_floor":[74,74,74,74,69,40,40,40,40,40,32,32,21,13,13,9,64,34,0],"gold":146,"neow_bonus":"TEN_PERCENT_HP_BONUS","is_prod":false,"is_daily":false,"chose_seed":false,"campfire_upgraded":3,"win_rate":0,"timestamp":1544285797,"path_taken":["M","?","M","?","M","E","R","M","T","$","M","R","?","E","R","BOSS","M","M"],"build_version":"2018-12-06","purchased_purges":0,"victory":false,"max_hp_per_floor":[82,82,82,82,82,82,82,82,82,82,82,82,82,82,82,82,82,82,82],"card_choices":[{"not_picked":["Hello World","Steam Power"],"picked":"Doom and Gloom","floor":1},{"not_picked":["Reprogram","Fusion"],"picked":"Conserve Battery","floor":3},{"not_picked":["Capacitor","Double Energy"],"picked":"Redo","floor":5},{"not_picked":["Steam","Recycle"],"picked":"Reinforced Body","floor":6},{"not_picked":["Turbo","Reinforced Body"],"picked":"Coolheaded","floor":8},{"not_picked":["Sweeping Beam","Hello World"],"picked":"Conserve Battery","floor":11},{"not_picked":["Beam Cell","Coolheaded"],"picked":"Hologram","floor":13},{"not_picked":["Auto Shields","Thunder Strike"],"picked":"Compile Driver","floor":14},{"not_picked":["Creative AI","Amplify"],"picked":"Echo Form","floor":16},{"not_picked":["Rebound","Go for the Eyes"],"picked":"Leap+1","floor":18}],"player_experience":873913,"relics_obtained":[{"floor":6,"key":"Ornamental Fan"},{"floor":9,"key":"Pen Nib"},{"floor":14,"key":"Happy Flower"}],"event_choices":[{"damage_healed":0,"gold_gain":0,"player_choice":"Ignored","damage_taken":0,"max_hp_gain":0,"max_hp_loss":0,"event_name":"Liars Game","floor":2,"gold_loss":0},{"damage_healed":0,"gold_gain":0,"cards_transformed":["Strike_B"],"player_choice":"Transformed","damage_taken":0,"max_hp_gain":0,"max_hp_loss":0,"event_name":"Transmorgrifier","floor":4,"gold_loss":0,"cards_obtained":["Rebound"]}],"is_beta":true,"boss_relics":[{"not_picked":["Pandora\u0027s Box","Tiny House"],"picked":"FrozenCore"}],"items_purged_floors":[],"is_endless":false,"potions_floor_spawned":[1,3,6,8,14,16],"killed_by":"3 Byrds","ascension_level":11}