{"gold_per_floor":[111,126,24,24,40,40,50,50,76,76,26,26,55,55,55,150,150,162,162,182,13,13,13,41,41,41,54,128,147,172,186,186,289,289,307,307,317,22,42,42,42],"floor_reached":41,"playtime":2364,"items_purged":["Strike_B","Defend_B"],"score":615,"play_id":"bdb2a749-d20f-4c53-8df8-a456ca635497","local_time":"20180728203944","is_ascension_mode":true,"campfire_choices":[{"data":"Zap","floor":6,"key":"SMITH"},{"data":"Go for the Eyes","floor":10,"key":"SMITH"},{"data":"Barrage","floor":12,"key":"SMITH"},{"data":"Hologram","floor":15,"key":"SMITH"},{"data":"Defragment","floor":23,"key":"SMITH"},{"data":"Rip and Tear","floor":25,"key":"SMITH"},{"floor":32,"key":"REST"},{"data":"Fission","floor":40,"key":"SMITH"}],"neow_cost":"NONE","seed_source_timestamp":34271194866127,"circlet_count":0,"master_deck":["Defend_B","Defend_B","Defend_B","Zap+1","Dualcast","Compile Driver","Go for the Eyes+1","Hologram+1","Barrage+1","Conserve Battery","Rip and Tear+1","Echo Form","Coolheaded","Auto Shields","Defragment+1","Coolheaded","Conserve Battery+1","Chaos","White Noise","Glacier+1","Conserve Battery","Reinforced Body","Fission+1","Hello World+1","Conserve Battery","Hologram+1"],"relics":["Cracked Core","NeowsBlessing","Orichalcum","Happy Flower","Prayer Wheel","Cursed Key","Gremlin Horn","Kunai","Mummified Hand","Empty Cage","Frozen Eye"],"potions_floor_usage":[16,20,29,30,41],"damage_taken":[{"damage":0,"enemies":"2 Louse","floor":1,"turns":1},{"damage":0,"enemies":"Small Slimes","floor":2,"turns":1},{"damage":0,"enemies":"Cultist","floor":5,"turns":1},{"damage":10,"enemies":"3 Louse","floor":7,"turns":3},{"damage":0,"enemies":"Lagavulin","floor":13,"turns":7},{"damage":30,"enemies":"Hexaghost","floor":16,"turns":10},{"damage":7,"enemies":"Shell Parasite","floor":18,"turns":5},{"damage":12,"enemies":"Spheric Guardian","floor":20,"turns":4},{"damage":1,"enemies":"Gremlin Leader","floor":24,"turns":7},{"damage":0,"enemies":"Snecko","floor":27,"turns":5},{"damage":24,"enemies":"3 Cultists","floor":29,"turns":5},{"damage":18,"enemies":"Book of Stabbing","floor":30,"turns":5},{"damage":0,"enemies":"Centurion and Healer","floor":31,"turns":5},{"damage":38,"enemies":"Champ","floor":33,"turns":16},{"damage":31,"enemies":"3 Shapes","floor":35,"turns":7},{"damage":6,"enemies":"Flame Bruiser 1 Orb","floor":37,"turns":5},{"damage":19,"enemies":"3 Darklings","floor":39,"turns":6},{"damage":48,"enemies":"Transient","floor":41,"turns":5}],"seed_played":"-322652580156189169","potions_obtained":[{"floor":1,"key":"Regen Potion"},{"floor":13,"key":"SpeedPotion"},{"floor":24,"key":"Explosive Potion"},{"floor":29,"key":"LiquidBronze"},{"floor":33,"key":"FearPotion"},{"floor":37,"key":"EssenceOfSteel"},{"floor":39,"key":"Ancient Potion"}],"is_trial":false,"path_per_floor":["M","M","$","?","M","R","M","?","T","R","?","R","E","T","R","B",null,"M","?","M","$","?","R","E","R","T","M","T","M","E","M","R","B",null,"M","?","M","$","M","R"],"character_chosen":"DEFECT","items_purchased":["Go for the Eyes","Hologram","Defragment","Coolheaded","Frozen Eye"],"campfire_rested":1,"item_purchase_floors":[3,3,21,21,38],"current_hp_per_floor":[68,68,68,73,73,73,63,63,63,63,63,63,63,63,63,33,68,61,61,61,61,61,61,60,60,60,60,60,36,18,18,42,4,61,30,70,64,64,45,45,0],"gold":42,"neow_bonus":"THREE_ENEMY_KILL","is_prod":false,"is_daily":false,"chose_seed":false,"campfire_upgraded":7,"win_rate":0,"timestamp":1532790584,"path_taken":["M","M","$","?","M","R","M","?","T","R","?","R","E","?","R","BOSS","M","?","M","$","?","R","E","R","T","?","?","M","E","M","R","BOSS","M","?","M","?","M","R","M"],"build_version":"2018-07-26","purchased_purges":2,"victory":false,"max_hp_per_floor":[75,75,75,80,80,80,80,80,80,80,80,80,80,80,80,80,80,80,80,80,80,80,80,80,80,80,80,80,80,80,80,80,80,80,80,70,70,70,70,70,70],"card_choices":[{"not_picked":["Steam Power","Static Discharge","Beam Cell"],"picked":"SKIP","floor":1},{"not_picked":["Steam","Darkness"],"picked":"Compile Driver","floor":2},{"not_picked":["Redo","Scrape"],"picked":"Barrage","floor":5},{"not_picked":["Steam","Go for the Eyes"],"picked":"Conserve Battery","floor":7},{"not_picked":["Conserve Battery","Lockon"],"picked":"Rip and Tear","floor":13},{"not_picked":["Machine Learning","Thunder Strike"],"picked":"Echo Form","floor":16},{"not_picked":["Steam","Doom and Gloom"],"picked":"Coolheaded","floor":18},{"not_picked":["Streamline","Static Discharge","Fusion"],"picked":"SKIP","floor":18},{"not_picked":["Streamline","Compile Driver"],"picked":"Auto Shields","floor":20},{"not_picked":["Darkness","Beam Cell","Steam"],"picked":"SKIP","floor":20},{"not_picked":["Go for the Eyes","Consume","Streamline"],"picked":"SKIP","floor":24},{"not_picked":["Force Field","Sweeping Beam"],"picked":"Conserve Battery+1","floor":27},{"not_picked":["Go for the Eyes","Auto Shields"],"picked":"Chaos","floor":27},{"not_picked":["Gash","BootSequence"],"picked":"White Noise","floor":29},{"not_picked":["Compile Driver","Conserve Battery"],"picked":"Glacier+1","floor":29},{"not_picked":["Melter","Barrage+1","Recycle"],"picked":"SKIP","floor":30},{"not_picked":["Gash","Streamline"],"picked":"Conserve Battery","floor":31},{"not_picked":["Recycle","Beam Cell"],"picked":"Reinforced Body","floor":31},{"not_picked":["Electrodynamics","Hyperbeam"],"picked":"Fission","floor":33},{"not_picked":["Static Discharge+1","Rebound"],"picked":"Hello World+1","floor":35},{"not_picked":["Fusion+1","Hologram"],"picked":"Conserve Battery","floor":35},{"not_picked":["Scrape","Leap+1"],"picked":"Hologram+1","floor":37},{"not_picked":["Force Field+1","Genetic Algorithm","Recycle"],"picked":"SKIP","floor":37},{"not_picked":["Doom and Gloom","Redo+1","Rebound+1"],"picked":"SKIP","floor":39},{"not_picked":["Heatsinks+1","All For One","Sweeping Beam+1"],"picked":"SKIP","floor":39}],"player_experience":348854,"relics_obtained":[{"floor":9,"key":"Orichalcum"},{"floor":13,"key":"Happy Flower"},{"floor":14,"key":"Prayer Wheel"},{"floor":24,"key":"Gremlin Horn"},{"floor":28,"key":"Kunai"},{"floor":30,"key":"Mummified Hand"}],"event_choices":[{"event_name":"Big Fish","player_choice":"Donut","floor":4,"damage_taken":0},{"event_name":"Purifier","player_choice":"One Purge","floor":8,"damage_taken":0},{"event_name":"The Cleric","player_choice":"Card Removal","floor":11,"damage_taken":0},{"event_name":"Vampires","player_choice":"Ignored","floor":19,"damage_taken":0},{"event_name":"Cursed Tome","player_choice":"Ignored","floor":22,"damage_taken":0},{"event_name":"The Moai Head","player_choice":"Heal","floor":36,"damage_taken":0}],"is_beta":true,"boss_relics":[{"not_picked":["Sozu","Busted Crown"],"picked":"Cursed Key"},{"not_picked":["Coffee Dripper","Runic Pyramid"],"picked":"Empty Cage"}],"items_purged_floors":[21,38],"is_endless":false,"potions_floor_spawned":[1,13,24,29,33,37,39],"killed_by":"Transient","ascension_level":6}