{"gold_per_floor":[109,124,134,134,284,284,305,305,331,331,354,94,117,161,161,259,259,274,288,175,190,190,190,115,115,140,140,140,163,201,216,216,307,307,327,660,660,676,255,280,280,280,280,290,270,270,298,68,68,68,68,68,68,13,39,39],"floor_reached":56,"playtime":2768,"items_purged":["Doubt","Writhe"],"score":1946,"play_id":"adb16412-2df3-48b7-944f-bdcecbacc2a0","local_time":"20190217180112","is_ascension_mode":true,"campfire_choices":[{"data":"Noxious Fumes","floor":6.0,"key":"SMITH"},{"data":"Doppelganger","floor":8.0,"key":"SMITH"},{"floor":15.0,"key":"REST"},{"floor":23.0,"key":"REST"},{"data":"Catalyst","floor":28.0,"key":"SMITH"},{"floor":32.0,"key":"REST"},{"floor":41.0,"key":"REST"},{"data":"After Image","floor":46.0,"key":"SMITH"},{"floor":49.0,"key":"RECALL"},{"data":"Neutralize","floor":53.0,"key":"SMITH"}],"neow_cost":"NONE","seed_source_timestamp":687235330710908,"circlet_count":0,"master_deck":["AscendersBane","Defend_G","Defend_G","Defend_G","Defend_G","Defend_G","Strike_G","Strike_G","Strike_G","Strike_G+1","Survivor","Neutralize+1","Noxious Fumes+1","Deadly Poison","Doppelganger+1","Infinite Blades","Deadly Poison","Catalyst+1","Bullet Time+1","Deadly Poison+1","Night Terror+1","Deflect+1","Acrobatics+1","Calculated Gamble+1","Setup+1","Backstab","Grand Finale+1","Catalyst+1","PiercingWail+1","After Image+1","Backstab","Good Instincts+1","Backflip+1","Backstab","Corpse Explosion+1","PiercingWail+1","Footwork"],"special_seed":0,"relics":["Ring of the Snake","Bag of Marbles","Bronze Scales","Centennial Puzzle","Toxic Egg 2","Runic Pyramid","Bag of Preparation","Bottled Flame","Bottled Tornado","Philosopher\u0027s Stone","Singing Bowl","Whetstone","Pen Nib","Snake Skull"],"potions_floor_usage":[56],"damage_taken":[{"damage":4.0,"enemies":"Small Slimes","floor":1.0,"turns":5.0},{"damage":2.0,"enemies":"2 Louse","floor":2.0,"turns":4.0},{"damage":0.0,"enemies":"Cultist","floor":3.0,"turns":3.0},{"damage":7.0,"enemies":"Large Slime","floor":7.0,"turns":8.0},{"damage":10.0,"enemies":"2 Fungi Beasts","floor":11.0,"turns":3.0},{"damage":10.0,"enemies":"3 Louse","floor":13.0,"turns":4.0},{"damage":27.0,"enemies":"3 Sentries","floor":14.0,"turns":7.0},{"damage":12.0,"enemies":"Slime Boss","floor":16.0,"turns":10.0},{"damage":14.0,"enemies":"Shell Parasite","floor":18.0,"turns":5.0},{"damage":0.0,"enemies":"Spheric Guardian","floor":19.0,"turns":3.0},{"damage":18.0,"enemies":"Centurion and Healer","floor":21.0,"turns":6.0},{"damage":14.0,"enemies":"Colosseum Slavers","floor":22.0,"turns":3.0},{"damage":0.0,"enemies":"Sentry and Sphere","floor":29.0,"turns":4.0},{"damage":0.0,"enemies":"Book of Stabbing","floor":30.0,"turns":4.0},{"damage":30.0,"enemies":"Cultist and Chosen","floor":31.0,"turns":6.0},{"damage":22.0,"enemies":"Collector","floor":33.0,"turns":4.0},{"damage":5.0,"enemies":"3 Shapes","floor":35.0,"turns":3.0},{"damage":20.0,"enemies":"3 Darklings","floor":38.0,"turns":3.0},{"damage":8.0,"enemies":"Giant Head","floor":40.0,"turns":5.0},{"damage":0.0,"enemies":"4 Shapes","floor":44.0,"turns":6.0},{"damage":14.0,"enemies":"Reptomancer","floor":47.0,"turns":4.0},{"damage":8.0,"enemies":"Awakened One","floor":50.0,"turns":9.0},{"damage":28.0,"enemies":"Donu and Deca","floor":51.0,"turns":4.0},{"damage":9.0,"enemies":"Shield and Spear","floor":55.0,"turns":3.0},{"damage":45,"enemies":"The Heart","floor":56,"turns":3}],"seed_played":"8003919157914849426","potions_obtained":[{"floor":2.0,"key":"Energy Potion"},{"floor":11.0,"key":"Energy Potion"},{"floor":14.0,"key":"Swift Potion"},{"floor":19.0,"key":"Fire Potion"},{"floor":29.0,"key":"EssenceOfSteel"},{"floor":33.0,"key":"GamblersBrew"},{"floor":35.0,"key":"Regen Potion"},{"floor":47.0,"key":"Energy Potion"}],"is_trial":false,"path_per_floor":["M","M","M","?","?","R","M","R","T","?","M","$","M","E","R","B",null,"M","M","$","M","?","R","?","?","T","T","R","M","E","M","R","B",null,"M","?","?","M","$","E","R","T","T","M","?","R","E","$","R","B","B",null,"R","$","E","B"],"character_chosen":"THE_SILENT","items_purchased":["Deadly Poison","Centennial Puzzle","Deflect+1","Acrobatics+1","After Image","Backstab","Good Instincts+1","Corpse Explosion+1","PiercingWail+1","AttackPotion"],"campfire_rested":4,"item_purchase_floors":[12,12,20,20,39,39,39,48,48,54],"current_hp_per_floor":[61,59,59,59,59,59,52,52,52,52,42,42,32,5,24,12,52,38,38,38,20,6,25,25,38,38,38,38,38,38,8,27,5,50,45,45,58,38,38,30,49,49,49,51,51,51,51,51,51,43,15,54,54,54,45,0],"gold":39,"neow_bonus":"TEN_PERCENT_HP_BONUS","is_prod":false,"is_daily":false,"chose_seed":false,"campfire_upgraded":5,"win_rate":0,"timestamp":1550444472,"path_taken":["M","M","M","?","?","R","M","R","T","?","?","$","M","E","R","BOSS","M","M","$","M","?","R","?","?","T","?","R","?","E","M","R","BOSS","M","?","?","M","$","E","R","?","T","M","?","R","E","$","R","BOSS","BOSS","R","$","E","BOSS"],"build_version":"2019-02-06","purchased_purges":2,"victory":false,"max_hp_per_floor":[72,72,72,65,65,65,65,65,65,65,65,65,65,65,65,65,65,65,65,65,65,65,65,65,65,65,65,65,65,65,65,65,65,65,65,65,65,65,65,65,65,65,65,67,67,67,67,67,67,67,67,67,67,67,67,67],"card_choices":[{"not_picked":["Dagger Spray","Leg Sweep"],"picked":"Noxious Fumes","floor":1.0},{"not_picked":["Quick Slash","Cloak And Dagger"],"picked":"Deadly Poison","floor":2.0},{"not_picked":["Underhanded Strike","Caltrops","Deflect"],"picked":"SKIP","floor":3.0},{"not_picked":["Sucker Punch","Deflect"],"picked":"Doppelganger","floor":7.0},{"not_picked":["Backflip","Cloak And Dagger"],"picked":"Infinite Blades","floor":11.0},{"not_picked":["Finisher","Acrobatics"],"picked":"Catalyst","floor":13.0},{"not_picked":["Infinite Blades","Slice","Blade Dance"],"picked":"SKIP","floor":14.0},{"not_picked":["A Thousand Cuts","Tools of the Trade"],"picked":"Bullet Time+1","floor":16.0},{"not_picked":["Blade Dance+1","Outmaneuver+1"],"picked":"Deadly Poison+1","floor":18.0},{"not_picked":["Cloak And Dagger+1","PiercingWail+1"],"picked":"Night Terror+1","floor":19.0},{"not_picked":["Cloak And Dagger+1","Dagger Throw"],"picked":"Calculated Gamble+1","floor":21.0},{"not_picked":["Outmaneuver+1","Slice","Expertise+1"],"picked":"SKIP","floor":29.0},{"not_picked":["Skewer","Flying Knee+1"],"picked":"Setup+1","floor":30.0},{"not_picked":["Finisher","Acrobatics+1"],"picked":"Backstab","floor":31.0},{"not_picked":["Die Die Die","Phantasmal Killer+1"],"picked":"Grand Finale","floor":33.0},{"not_picked":["PiercingWail+1","Infinite Blades"],"picked":"Catalyst+1","floor":35.0},{"not_picked":["Endless Agony+1","Backstab"],"picked":"PiercingWail+1","floor":38.0},{"not_picked":["Phantasmal Killer+1","Noxious Fumes+1"],"picked":"Backflip+1","floor":40.0},{"not_picked":["Underhanded Strike","Eviscerate","Heel Hook"],"picked":"Singing Bowl","floor":44.0},{"not_picked":["Flying Knee","Prepared+1"],"picked":"Backstab","floor":47.0},{"not_picked":["Adrenaline+1","Venomology+1"],"picked":"Footwork","floor":55.0}],"player_experience":739709,"relics_obtained":[{"floor":9.0,"key":"Bag of Marbles"},{"floor":14.0,"key":"Toxic Egg 2"},{"floor":26.0,"key":"Bag of Preparation"},{"floor":27.0,"key":"Bottled Flame"},{"floor":30.0,"key":"Bottled Tornado"},{"floor":40.0,"key":"Singing Bowl"},{"floor":43.0,"key":"Whetstone"},{"floor":47.0,"key":"Pen Nib"},{"floor":55.0,"key":"Snake Skull"}],"event_choices":[{"damage_healed":0.0,"max_hp_gain":0.0,"max_hp_loss":7.0,"gold_gain":0.0,"event_name":"Golden Idol","player_choice":"Lose Max HP","floor":4.0,"gold_loss":0.0,"damage_taken":0.0,"relics_obtained":["Golden Idol"]},{"damage_healed":0.0,"max_hp_gain":0.0,"max_hp_loss":0.0,"gold_gain":150.0,"event_name":"Liars Game","player_choice":"AGREE","floor":5.0,"gold_loss":0.0,"damage_taken":0.0,"cards_obtained":["Doubt"]},{"damage_healed":0.0,"max_hp_gain":0.0,"max_hp_loss":0.0,"gold_gain":0.0,"event_name":"WeMeetAgain","player_choice":"Gave Potion","floor":10.0,"gold_loss":0.0,"damage_taken":0.0,"relics_obtained":["Bronze Scales"]},{"damage_healed":0.0,"max_hp_gain":0.0,"max_hp_loss":0.0,"gold_gain":0.0,"event_name":"Colosseum","player_choice":"Fight","floor":22.0,"gold_loss":0.0,"damage_taken":0.0},{"damage_healed":0.0,"max_hp_gain":0.0,"max_hp_loss":0.0,"gold_gain":0.0,"event_name":"Colosseum","player_choice":"Fled From Nobs","floor":22.0,"gold_loss":0.0,"damage_taken":0.0},{"cards_removed":["Strike_G"],"damage_healed":0.0,"max_hp_gain":0.0,"max_hp_loss":0.0,"gold_gain":0.0,"event_name":"Beggar","player_choice":"Gave Gold","floor":24.0,"gold_loss":75.0,"damage_taken":0.0},{"damage_healed":13.0,"max_hp_gain":0.0,"max_hp_loss":0.0,"gold_gain":0.0,"event_name":"The Library","player_choice":"Heal","floor":25.0,"gold_loss":0.0,"damage_taken":0.0},{"damage_healed":0.0,"max_hp_gain":0.0,"max_hp_loss":0.0,"gold_gain":333.0,"event_name":"The Moai Head","player_choice":"Gave Idol","floor":36.0,"relics_lost":["Golden Idol"],"gold_loss":0.0,"damage_taken":0.0},{"damage_healed":13.0,"max_hp_gain":0.0,"max_hp_loss":0.0,"gold_gain":0.0,"event_name":"Winding Halls","player_choice":"Writhe","floor":37.0,"gold_loss":0.0,"damage_taken":0.0,"cards_obtained":["Writhe"]},{"damage_healed":0.0,"max_hp_gain":0.0,"max_hp_loss":0.0,"gold_gain":0.0,"event_name":"The Woman in Blue","player_choice":"Bought 1 Potion","floor":45.0,"gold_loss":0.0,"damage_taken":0.0}],"is_beta":true,"boss_relics":[{"not_picked":["Lizard Tail","Orrery"],"picked":"Runic Pyramid"},{"not_picked":["Snecko Eye","Pandora\u0027s Box"],"picked":"Philosopher\u0027s Stone"}],"items_purged_floors":[12,39],"is_endless":false,"potions_floor_spawned":[2,11,14,19,22,29,33,35,44,47],"killed_by":"The Heart","ascension_level":20}