{"gold_per_floor":[115,131,144,160,179,179,205,205,252,7,24,59,59,73,73,197,197],"floor_reached":17,"playtime":693,"items_purged":["Strike_G"],"score":228,"play_id":"23965626-a238-44b0-839d-bdc2603a48ca","local_time":"20190421213506","is_ascension_mode":true,"campfire_choices":[{"floor":6,"key":"REST"},{"data":"All Out Attack","floor":8,"key":"SMITH"},{"floor":15,"key":"REST"}],"neow_cost":"NONE","seed_source_timestamp":866479414302394,"circlet_count":0,"master_deck":["Defend_G","Defend_G","Defend_G","Defend_G","Defend_G","Strike_G","Strike_G","Strike_G","Strike_G","Survivor","Neutralize","Dagger Throw","All Out Attack+1","Terror","Cloak And Dagger","Backflip","Footwork","A Thousand Cuts"],"relics":["Busted Crown","Bronze Scales","Oddly Smooth Stone","Membership Card","Dodecahedron","Golden Idol"],"potions_floor_usage":[7,7],"damage_taken":[{"damage":0,"enemies":"2 Louse","floor":1,"turns":3},{"damage":1,"enemies":"Cultist","floor":2,"turns":4},{"damage":0,"enemies":"Small Slimes","floor":3,"turns":3},{"damage":8,"enemies":"Exordium Thugs","floor":4,"turns":4},{"damage":16,"enemies":"Large Slime","floor":5,"turns":6},{"damage":11,"enemies":"Lagavulin","floor":7,"turns":6},{"damage":4,"enemies":"2 Fungi Beasts","floor":11,"turns":3},{"damage":14,"enemies":"3 Sentries","floor":12,"turns":9},{"damage":0,"enemies":"Looter","floor":14,"turns":2},{"damage":26,"enemies":"Slime Boss","floor":16,"turns":12}],"seed_played":"-3348369914406727431","potions_obtained":[{"floor":1,"key":"SteroidPotion"},{"floor":2,"key":"Poison Potion"},{"floor":5,"key":"SteroidPotion"},{"floor":11,"key":"Poison Potion"},{"floor":16,"key":"EssenceOfSteel"}],"is_trial":false,"path_per_floor":["M","M","M","M","M","R","E","R","T","$","M","E","?","M","R","B",null],"character_chosen":"THE_SILENT","items_purchased":["Membership Card"],"campfire_rested":2,"item_purchase_floors":[10],"current_hp_per_floor":[63,62,62,54,38,59,48,48,48,48,44,30,13,13,34,8,8],"gold":197,"neow_bonus":"BOSS_RELIC","is_prod":false,"is_daily":false,"chose_seed":false,"campfire_upgraded":1,"win_rate":0,"timestamp":1555850106,"path_taken":["M","M","M","M","M","R","E","R","T","$","M","E","?","M","R","BOSS"],"build_version":"2019-01-23","purchased_purges":1,"victory":false,"max_hp_per_floor":[70,70,70,70,70,70,70,70,70,70,70,70,70,70,70,70,70],"card_choices":[{"not_picked":[],"picked":"Dagger Throw","floor":1},{"not_picked":[],"picked":"All Out Attack","floor":2},{"not_picked":["Choke"],"picked":"SKIP","floor":3},{"not_picked":[],"picked":"Terror","floor":4},{"not_picked":[],"picked":"Cloak And Dagger","floor":5},{"not_picked":[],"picked":"Backflip","floor":7},{"not_picked":["Dagger Throw"],"picked":"SKIP","floor":11},{"not_picked":[],"picked":"Footwork","floor":12},{"not_picked":["Bane"],"picked":"SKIP","floor":14},{"not_picked":[],"picked":"A Thousand Cuts","floor":16}],"player_experience":658364,"relics_obtained":[{"floor":7,"key":"Bronze Scales"},{"floor":9,"key":"Oddly Smooth Stone"},{"floor":12,"key":"Dodecahedron"}],"event_choices":[{"damage_healed":0,"gold_gain":0,"player_choice":"Take Damage","damage_taken":17,"relics_obtained":["Golden Idol"],"max_hp_gain":0,"max_hp_loss":0,"event_name":"Golden Idol","floor":13,"gold_loss":0}],"is_beta":false,"boss_relics":[],"items_purged_floors":[10],"is_endless":false,"potions_floor_spawned":[1,2,5,11,16],"ascension_level":7}