{"gold_per_floor":[114,114,129,144,159,84,114,114,114,114,43,73,88,96,96,196,196,211,136,235,250,265,265],"floor_reached":23,"playtime":952,"items_purged":["Violence"],"score":251,"play_id":"b9ed1362-465f-4555-b12c-f8e2fe41ddf3","local_time":"20181207212142","daily_mods":["Allstar","ControlledChaos","Lethality"],"is_ascension_mode":false,"campfire_choices":[{"data":"Hologram","floor":8,"key":"SMITH"},{"data":"Enlightenment","floor":10,"key":"SMITH"},{"data":"Sunder","floor":15,"key":"SMITH"}],"neow_cost":"","seed_source_timestamp":0,"circlet_count":0,"master_deck":["Strike_B","Strike_B","Strike_B","Defend_B","Defend_B","Defend_B","Defend_B","Zap+1","Dualcast","Impatience","Mayhem","Panacea","Enlightenment+1","Cold Snap","Force Field","Meteor Strike","Hologram+1","Cold Snap","FTL","Tempest","Stack","Sunder+1","Buffer","Leap+1","Go for the Eyes","BootSequence"],"special_seed":17872,"relics":["Cracked Core","Frozen Eye","Pear","Mummified Hand","Turnip","Odd Mushroom","Sozu"],"potions_floor_usage":[14,16],"damage_taken":[{"damage":11,"enemies":"Small Slimes","floor":1,"turns":3},{"damage":0,"enemies":"Cultist","floor":3,"turns":2},{"damage":0,"enemies":"2 Louse","floor":4,"turns":1},{"damage":0,"enemies":"2 Fungi Beasts","floor":5,"turns":3},{"damage":12,"enemies":"3 Sentries","floor":7,"turns":5},{"damage":17,"enemies":"Gremlin Nob","floor":12,"turns":3},{"damage":15,"enemies":"Exordium Wildlife","floor":13,"turns":3},{"damage":13,"enemies":"The Mushroom Lair","floor":14,"turns":4},{"damage":0,"enemies":"Slime Boss","floor":16,"turns":6},{"damage":51,"enemies":"3 Byrds","floor":18,"turns":3},{"damage":16,"enemies":"Shell Parasite","floor":21,"turns":6},{"damage":0,"enemies":"Snecko","floor":22,"turns":4},{"damage":22,"enemies":"Gremlin Leader","floor":23,"turns":2}],"seed_played":"-1452955457845597649","potions_obtained":[{"floor":4,"key":"Explosive Potion"},{"floor":7,"key":"LiquidBronze"},{"floor":12,"key":"FocusPotion"}],"is_trial":false,"path_per_floor":["M","?","M","M","M","$","E","R","T","R","$","E","M","?","R","B",null,"M","?","?","M","M","E"],"character_chosen":"DEFECT","items_purchased":["FTL"],"campfire_rested":0,"item_purchase_floors":[11],"current_hp_per_floor":[64,64,64,64,64,64,62,62,62,62,62,45,30,17,17,17,85,34,34,34,18,18,0],"gold":265,"neow_bonus":"","is_prod":false,"is_daily":true,"chose_seed":false,"campfire_upgraded":3,"win_rate":0,"timestamp":1544197902,"path_taken":["M","?","M","M","M","?","E","R","T","R","$","E","M","?","R","BOSS","M","?","?","M","M","E"],"build_version":"2018-12-06","purchased_purges":1,"victory":false,"max_hp_per_floor":[75,75,75,75,75,75,85,85,85,85,85,85,85,85,85,85,85,85,85,85,85,85,85],"card_choices":[{"not_picked":["Redo","Gash"],"picked":"Cold Snap","floor":1},{"not_picked":["Sweeping Beam","Compile Driver"],"picked":"Force Field","floor":3},{"not_picked":["White Noise","Stack"],"picked":"Meteor Strike","floor":4},{"not_picked":["Go for the Eyes","Double Energy"],"picked":"Hologram","floor":5},{"not_picked":["Reprogram","Recycle"],"picked":"Cold Snap","floor":7},{"not_picked":["Core Surge","Creative AI"],"picked":"Tempest","floor":12},{"not_picked":["Sweeping Beam","Static Discharge"],"picked":"Stack","floor":13},{"not_picked":["Streamline","Leap"],"picked":"Sunder","floor":14},{"not_picked":["Thunder Strike","Seek"],"picked":"Buffer","floor":16},{"not_picked":["Hologram","Gash"],"picked":"Leap+1","floor":18},{"not_picked":["Ball Lightning","Steam+1"],"picked":"Go for the Eyes","floor":21},{"not_picked":["Barrage","Heatsinks"],"picked":"BootSequence","floor":22}],"player_experience":857203,"relics_obtained":[{"floor":7,"key":"Pear"},{"floor":9,"key":"Mummified Hand"},{"floor":12,"key":"Turnip"},{"floor":14,"key":"Odd Mushroom"}],"event_choices":[{"damage_healed":0,"gold_gain":0,"player_choice":"Upgraded","damage_taken":0,"max_hp_gain":0,"max_hp_loss":0,"event_name":"Upgrade Shrine","floor":2,"gold_loss":0,"cards_upgraded":["Zap"]},{"damage_healed":0,"gold_gain":0,"player_choice":"Fought Mushrooms","damage_taken":0,"max_hp_gain":0,"max_hp_loss":0,"event_name":"Mushrooms","floor":14,"gold_loss":0},{"cards_removed":["Strike_B"],"damage_healed":0,"gold_gain":0,"player_choice":"Gave Gold","damage_taken":0,"max_hp_gain":0,"max_hp_loss":0,"event_name":"Beggar","floor":19,"gold_loss":75},{"damage_healed":0,"gold_gain":99,"player_choice":"Stole From Cult","damage_taken":0,"max_hp_gain":0,"max_hp_loss":0,"event_name":"Nest","floor":20,"gold_loss":0}],"is_beta":true,"boss_relics":[{"not_picked":["Coffee Dripper","Black Star"],"picked":"Sozu"}],"items_purged_floors":[6],"is_endless":false,"potions_floor_spawned":[4,7,12,18,21],"killed_by":"Gremlin Leader","ascension_level":0}