{"gold_per_floor":[211,229,247,247,247,277,295,295,295,295,321,331,331,134,134,237,237,256,256],"floor_reached":19,"playtime":1192,"items_purged":["Strike_B"],"score":221,"play_id":"b9e14f8f-eb6b-4277-a2b1-6d76d2ecc84b","local_time":"20190304205836","is_ascension_mode":true,"campfire_choices":[{"data":"Coolheaded","floor":8,"key":"SMITH"},{"floor":10,"key":"REST"},{"data":"Zap","floor":13,"key":"SMITH"},{"data":"Hologram","floor":15,"key":"SMITH"}],"neow_cost":"NONE","seed_source_timestamp":335821917026001,"circlet_count":0,"master_deck":["Strike_B","Strike_B","Strike_B","Defend_B","Defend_B","Defend_B","Defend_B","Zap+1","Dualcast","Hologram+1","FTL","Lockon+1","Beam Cell","Coolheaded+1","Compile Driver","Conserve Battery","Sweeping Beam","Self Repair","Rainbow"],"relics":["Cracked Core","Kunai","Regal Pillow","Matryoshka","Centennial Puzzle","Runic Pyramid"],"potions_floor_usage":[11],"damage_taken":[{"damage":2,"enemies":"2 Louse","floor":1,"turns":2},{"damage":8,"enemies":"Jaw Worm","floor":2,"turns":4},{"damage":5,"enemies":"Small Slimes","floor":3,"turns":2},{"damage":40,"enemies":"3 Sentries","floor":6,"turns":8},{"damage":4,"enemies":"Red Slaver","floor":7,"turns":2},{"damage":23,"enemies":"Gremlin Nob","floor":11,"turns":4},{"damage":3,"enemies":"2 Fungi Beasts","floor":12,"turns":2},{"damage":25,"enemies":"Hexaghost","floor":16,"turns":10},{"damage":20,"enemies":"Shell Parasite","floor":18,"turns":5},{"damage":48,"enemies":"Masked Bandits","floor":19,"turns":3}],"seed_played":"-4761512458784093060","potions_obtained":[{"floor":6,"key":"Weak Potion"},{"floor":12,"key":"Ancient Potion"}],"is_trial":false,"path_per_floor":["M","M","M","?","T","E","M","R","T","R","E","M","R","$","R","B",null,"M","?"],"character_chosen":"DEFECT","items_purchased":["Sweeping Beam","Self Repair"],"campfire_rested":1,"item_purchase_floors":[14,14],"current_hp_per_floor":[73,65,60,60,60,20,16,16,16,53,30,27,27,27,27,2,57,44,0],"gold":256,"neow_bonus":"HUNDRED_GOLD","is_prod":false,"is_daily":false,"chose_seed":false,"campfire_upgraded":3,"win_rate":0,"timestamp":1551729516,"path_taken":["M","M","M","?","?","E","M","R","T","R","E","M","R","?","R","BOSS","M","?"],"build_version":"2019-01-23","purchased_purges":1,"victory":false,"max_hp_per_floor":[75,75,75,75,75,75,75,75,75,75,75,75,75,75,75,75,75,75,75],"card_choices":[{"not_picked":["Leap","Redo"],"picked":"Hologram","floor":1},{"not_picked":["Turbo","Leap"],"picked":"FTL","floor":2},{"not_picked":["Coolheaded","Redo"],"picked":"Lockon","floor":3},{"not_picked":["Conserve Battery","Chaos"],"picked":"Beam Cell","floor":6},{"not_picked":["Multi-Cast","Leap"],"picked":"Coolheaded","floor":7},{"not_picked":["Leap","Turbo"],"picked":"Compile Driver","floor":11},{"not_picked":["Fusion","Hologram"],"picked":"Conserve Battery","floor":12},{"not_picked":["Reboot","Meteor Strike"],"picked":"Rainbow","floor":16},{"not_picked":["Stack","Hologram","Steam"],"picked":"SKIP","floor":18}],"player_experience":185236,"relics_obtained":[{"floor":5,"key":"Kunai"},{"floor":6,"key":"Regal Pillow"},{"floor":9,"key":"Matryoshka"},{"floor":11,"key":"Centennial Puzzle"}],"event_choices":[{"damage_healed":0,"gold_gain":0,"player_choice":"Grow","damage_taken":0,"max_hp_gain":0,"max_hp_loss":0,"event_name":"Living Wall","floor":4,"gold_loss":0,"cards_upgraded":["Lockon"]},{"damage_healed":0,"gold_gain":0,"player_choice":"Fought Bandits","damage_taken":0,"max_hp_gain":0,"max_hp_loss":0,"event_name":"Masked Bandits","floor":19,"gold_loss":0}],"is_beta":false,"boss_relics":[{"not_picked":["Fusion Hammer","Eternal Feather"],"picked":"Runic Pyramid"}],"items_purged_floors":[14],"is_endless":false,"potions_floor_spawned":[6,12],"killed_by":"Masked Bandits","ascension_level":5}