{"gold_per_floor":[10,23,23,41,54,54,64,76,76,151,168,268,268,12,12,86,86,75,95,105,28,28],"floor_reached":22,"playtime":1036,"items_purged":[],"score":403,"play_id":"10d89dd9-83b0-4518-a604-b921a0a272f4","local_time":"20190401114349","is_ascension_mode":true,"campfire_choices":[{"data":"Neutralize","floor":6.0,"key":"SMITH"},{"data":"Well Laid Plans","floor":13.0,"key":"SMITH"},{"data":"Footwork","floor":15.0,"key":"SMITH"}],"neow_cost":"NO_GOLD","seed_source_timestamp":3254920868856869,"circlet_count":0,"master_deck":["AscendersBane","Defend_G","Defend_G","Defend_G","Defend_G","Defend_G","Strike_G","Strike_G","Strike_G","Survivor","Neutralize+1","Deadly Poison","Bane","Distraction","Well Laid Plans+1","Dash","Footwork+1","Blur","Night Terror","Distraction+1","Deadly Poison","Catalyst"],"special_seed":0,"relics":["Ring of the Snake","Singing Bowl","Bronze Scales","Runic Pyramid"],"potions_floor_usage":[],"damage_taken":[{"damage":8.0,"enemies":"Jaw Worm","floor":1.0,"turns":10.0},{"damage":1.0,"enemies":"Small Slimes","floor":2.0,"turns":6.0},{"damage":0.0,"enemies":"Cultist","floor":4.0,"turns":5.0},{"damage":6.0,"enemies":"Looter","floor":5.0,"turns":4.0},{"damage":2.0,"enemies":"Lots of Slimes","floor":7.0,"turns":6.0},{"damage":0.0,"enemies":"2 Fungi Beasts","floor":8.0,"turns":3.0},{"damage":0.0,"enemies":"Exordium Wildlife","floor":11.0,"turns":4.0},{"damage":0.0,"enemies":"Hexaghost","floor":16.0,"turns":12.0},{"damage":9.0,"enemies":"2 Thieves","floor":18.0,"turns":4.0},{"damage":0.0,"enemies":"Shell Parasite","floor":19.0,"turns":8.0},{"damage":42.0,"enemies":"Snecko","floor":20.0,"turns":11.0},{"damage":18,"enemies":"Cultist and Chosen","floor":22,"turns":4}],"seed_played":"3749773515524635356","potions_obtained":[{"floor":1.0,"key":"Energy Potion"},{"floor":8.0,"key":"SkillPotion"},{"floor":16.0,"key":"Fruit Juice"},{"floor":18.0,"key":"LiquidBronze"}],"is_trial":false,"path_per_floor":["M","M","?","M","M","R","M","M","T","?","M","?","R","$","R","B",null,"M","M","M","$","M"],"character_chosen":"THE_SILENT","items_purchased":["Footwork","Blur","Bronze Scales","Catalyst"],"campfire_rested":0,"item_purchase_floors":[14,14,14,21],"current_hp_per_floor":[51,50,50,50,44,44,42,42,42,31,31,31,31,31,31,31,57,53,53,13,13,0],"gold":28,"neow_bonus":"REMOVE_TWO","is_prod":false,"is_daily":false,"chose_seed":false,"campfire_upgraded":3,"win_rate":0,"timestamp":1554133429,"path_taken":["M","M","?","M","M","R","M","M","T","?","M","?","R","$","R","BOSS","M","M","M","$","?"],"build_version":"2019-03-15","purchased_purges":0,"victory":false,"max_hp_per_floor":[66,66,66,66,66,66,66,66,66,66,66,66,66,66,66,66,66,71,71,73,73,73],"card_choices":[{"not_picked":["Concentrate","Tactician","Underhanded Strike"],"picked":"SKIP","floor":1.0},{"not_picked":["Eviscerate","Blade Dance"],"picked":"Deadly Poison","floor":2.0},{"not_picked":["Calculated Gamble","Slice"],"picked":"Bane","floor":4.0},{"not_picked":["Outmaneuver","Slice"],"picked":"Distraction","floor":5.0},{"not_picked":["Distraction","Choke","Concentrate"],"picked":"SKIP","floor":7.0},{"not_picked":["Caltrops","Calculated Gamble"],"picked":"Well Laid Plans","floor":8.0},{"not_picked":["Bane","Acrobatics"],"picked":"Dash","floor":11.0},{"not_picked":["Unload","Storm of Steel"],"picked":"Night Terror","floor":16.0},{"not_picked":["Underhanded Strike","Dash"],"picked":"Distraction+1","floor":18.0},{"not_picked":["Tactician","Endless Agony"],"picked":"Deadly Poison","floor":19.0},{"not_picked":["PiercingWail","All Out Attack","Dagger Spray"],"picked":"Singing Bowl","floor":20.0}],"player_experience":883706,"relics_obtained":[{"floor":9.0,"key":"Singing Bowl"}],"event_choices":[{"damage_healed":0.0,"max_hp_gain":0.0,"max_hp_loss":0.0,"gold_gain":0.0,"event_name":"The Cleric","player_choice":"Leave","floor":3.0,"gold_loss":0.0,"damage_taken":0.0},{"damage_healed":0.0,"max_hp_gain":0.0,"max_hp_loss":0.0,"gold_gain":75.0,"event_name":"World of Goop","player_choice":"Gather Gold","floor":10.0,"gold_loss":0.0,"damage_taken":11.0},{"damage_healed":0.0,"max_hp_gain":0.0,"max_hp_loss":0.0,"gold_gain":100.0,"event_name":"Wheel of Change","player_choice":"Gold","floor":12.0,"gold_loss":0.0,"damage_taken":0.0}],"is_beta":true,"boss_relics":[{"not_picked":["Eternal Feather","Tiny House"],"picked":"Runic Pyramid"}],"items_purged_floors":[],"is_endless":false,"potions_floor_spawned":[1,8,16,18,19],"killed_by":"Cultist and Chosen","ascension_level":15}