{"gold_per_floor":[115,131,145,95,112,112,144,156,156,204,204,215,215,242,242,242],"floor_reached":16,"playtime":853,"items_purged":[],"score":146,"play_id":"1c265006-68bd-4550-b870-0162a2b4a0db","local_time":"20180728195953","is_ascension_mode":true,"campfire_choices":[{"data":"Zap","floor":6,"key":"SMITH"},{"data":"Hello World","floor":11,"key":"SMITH"},{"data":"Stack","floor":15,"key":"SMITH"}],"neow_cost":"NONE","seed_source_timestamp":33399684790895,"circlet_count":0,"master_deck":["Strike_B","Strike_B","Strike_B","Defend_B","Defend_B","Defend_B","Defend_B","Zap+1","Dualcast","Ball Lightning","Cold Snap","Hello World+1","Stack+1","Core Surge","Compile Driver","Aggregate"],"relics":["Cracked Core","NeowsBlessing","Gambling Chip","Mummified Hand","Bronze Scales","Bag of Marbles"],"potions_floor_usage":[16],"damage_taken":[{"damage":0,"enemies":"Small Slimes","floor":1,"turns":1},{"damage":0,"enemies":"Jaw Worm","floor":2,"turns":1},{"damage":0,"enemies":"Cultist","floor":3,"turns":1},{"damage":6,"enemies":"3 Louse","floor":5,"turns":3},{"damage":16,"enemies":"Lagavulin","floor":7,"turns":7},{"damage":1,"enemies":"Blue Slaver","floor":8,"turns":2},{"damage":17,"enemies":"Exordium Thugs","floor":12,"turns":5},{"damage":10,"enemies":"3 Sentries","floor":14,"turns":6},{"damage":13,"enemies":"The Guardian","floor":16,"turns":5}],"seed_played":"-4833273330972278375","potions_obtained":[{"floor":1,"key":"FocusPotion"},{"floor":5,"key":"FocusPotion"},{"floor":7,"key":"LiquidBronze"}],"is_trial":false,"path_per_floor":["M","M","M","?","M","R","E","M","T","T","R","M","?","E","R"],"character_chosen":"DEFECT","items_purchased":[],"campfire_rested":0,"item_purchase_floors":[],"current_hp_per_floor":[68,68,68,68,62,62,46,45,45,45,45,28,21,11,11,0],"gold":242,"neow_bonus":"THREE_ENEMY_KILL","is_prod":false,"is_daily":false,"chose_seed":false,"campfire_upgraded":3,"win_rate":0,"timestamp":1532788193,"path_taken":["M","M","M","?","M","R","E","M","T","?","R","?","?","E","R","BOSS"],"build_version":"2018-07-26","purchased_purges":0,"victory":false,"max_hp_per_floor":[75,75,75,75,75,75,75,75,75,75,75,75,75,75,75,75],"card_choices":[{"not_picked":["Storm","Tempest","Redo"],"picked":"SKIP","floor":1},{"not_picked":["Storm","Coolheaded"],"picked":"Ball Lightning","floor":2},{"not_picked":["Tempest","Hologram"],"picked":"Cold Snap","floor":3},{"not_picked":["Sweeping Beam","Rebound"],"picked":"Hello World","floor":5},{"not_picked":["Redo","Force Field"],"picked":"Stack","floor":7},{"not_picked":["Recycle","Storm"],"picked":"Core Surge","floor":8},{"not_picked":["Ball Lightning","Coolheaded"],"picked":"Compile Driver","floor":12},{"not_picked":["Scrape","Compile Driver"],"picked":"Aggregate","floor":14}],"player_experience":348001,"relics_obtained":[{"floor":7,"key":"Gambling Chip"},{"floor":9,"key":"Mummified Hand"},{"floor":10,"key":"Bronze Scales"},{"floor":14,"key":"Bag of Marbles"}],"event_choices":[{"event_name":"The Cleric","player_choice":"Card Removal","floor":4,"damage_taken":0},{"event_name":"Scrap Ooze","player_choice":"unsuccessful","floor":13,"damage_taken":7}],"is_beta":true,"boss_relics":[],"items_purged_floors":[],"is_endless":false,"potions_floor_spawned":[1,5,7,12],"killed_by":"The Guardian","ascension_level":6}