{"gold_per_floor":[116,41,53,68,83,83,112,112,165,183,183,216,216,247,247,323,323,341,441,491,70,120,120,120,120,120,145,159,184,184,199,199,199],"floor_reached":33,"playtime":1687,"items_purged":["Strike_R"],"score":602,"play_id":"0f32bef8-e1ab-4ae9-8935-db7dd3dcfed6","local_time":"20190418120404","is_ascension_mode":true,"campfire_choices":[{"data":"Shockwave","floor":6,"key":"SMITH"},{"floor":8,"key":"REST"},{"data":"Spot Weakness","floor":11,"key":"SMITH"},{"data":"Sword Boomerang","floor":13,"key":"SMITH"},{"data":"Flame Barrier","floor":15,"key":"SMITH"},{"data":"Whirlwind","floor":23,"key":"SMITH"},{"data":"Bash","floor":32,"key":"SMITH"}],"neow_cost":"NONE","seed_source_timestamp":615129656459898,"circlet_count":0,"master_deck":["AscendersBane","Strike_R+1","Strike_R+1","Defend_R","Defend_R","Defend_R","Defend_R","Bash+1","Cleave","Sword Boomerang+1","Shockwave+1","Shrug It Off","Spot Weakness+1","Flame Barrier+1","Whirlwind+1","Shrug It Off","Twin Strike+1","Shrug It Off"],"special_seed":0,"relics":["Burning Blood","Mummified Hand","Whetstone","Juzu Bracelet","Bag of Preparation","Sozu","Thread and Needle","Ornamental Fan","Singing Bowl","Bottled Lightning","Gremlin Horn","Anchor","Molten Egg 2"],"potions_floor_usage":[7,12,12,19],"damage_taken":[{"damage":9.0,"enemies":"Jaw Worm","floor":1.0,"turns":5.0},{"damage":12.0,"enemies":"Small Slimes","floor":3.0,"turns":6.0},{"damage":1.0,"enemies":"Cultist","floor":4.0,"turns":3.0},{"damage":4,"enemies":"Exordium Wildlife","floor":5,"turns":4},{"damage":51,"enemies":"Lagavulin","floor":7,"turns":10},{"damage":3,"enemies":"Looter","floor":10,"turns":3},{"damage":26,"enemies":"Gremlin Nob","floor":12,"turns":5},{"damage":20,"enemies":"3 Sentries","floor":14,"turns":4},{"damage":15,"enemies":"The Guardian","floor":16,"turns":13},{"damage":0,"enemies":"3 Byrds","floor":18,"turns":4},{"damage":12,"enemies":"Colosseum Slavers","floor":19,"turns":4},{"damage":37,"enemies":"Colosseum Nobs","floor":19,"turns":5},{"damage":4,"enemies":"Slavers","floor":27,"turns":2},{"damage":2,"enemies":"Spheric Guardian","floor":28,"turns":3},{"damage":21,"enemies":"Gremlin Leader","floor":29,"turns":4},{"damage":0,"enemies":"Centurion and Healer","floor":31,"turns":3},{"damage":50,"enemies":"Champ","floor":33,"turns":10}],"seed_played":"6020099585672398375","potions_obtained":[{"floor":3.0,"key":"Energy Potion"},{"floor":4.0,"key":"BloodPotion"},{"floor":7,"key":"Ancient Potion"},{"floor":16,"key":"Block Potion"}],"is_trial":false,"path_per_floor":["?","?","?","?","?","T","?"],"character_chosen":"IRONCLAD","items_purchased":["Shrug It Off","Singing Bowl"],"campfire_rested":1,"item_purchase_floors":[21,21],"current_hp_per_floor":[72,72,66,71,73,73,36,60,60,63,63,43,43,29,29,20,67,73,36,36,36,36,36,52,52,52,54,58,45,45,53,53,3],"gold":199,"neow_bonus":"TEN_PERCENT_HP_BONUS","is_prod":false,"is_daily":false,"chose_seed":false,"campfire_upgraded":6,"win_rate":0,"timestamp":1555607044,"path_taken":["M","?","M","M","M","R","E","R","T","M","R","E","R","E","R","BOSS","M","?","?","$","?","R","?","?","T","E","M","E","?","M","R","BOSS"],"build_version":"2019-01-23","purchased_purges":1,"victory":false,"max_hp_per_floor":[82,82,82,82,82,82,82,82,82,82,82,82,82,82,82,82,82,82,82,82,82,82,82,82,82,82,82,82,84,84,86,86,86],"card_choices":[{"not_picked":["Burning Pact","Sentinel"],"picked":"Cleave","floor":1.0},{"not_picked":["Heavy Blade","Pommel Strike"],"picked":"Sword Boomerang","floor":3.0},{"not_picked":["Flex","Iron Wave"],"picked":"Shockwave","floor":4.0},{"not_picked":["Heavy Blade","Havoc","True Grit"],"picked":"SKIP","floor":5},{"not_picked":["Thunderclap","Twin Strike"],"picked":"Shrug It Off","floor":7},{"not_picked":["Heavy Blade","Anger"],"picked":"Spot Weakness","floor":10},{"not_picked":["Pommel Strike","Headbutt"],"picked":"Flame Barrier","floor":12},{"not_picked":["Sentinel","Seeing Red","Infernal Blade"],"picked":"SKIP","floor":14},{"not_picked":["True Grit","Second Wind","Wild Strike"],"picked":"SKIP","floor":18},{"not_picked":["Sword Boomerang","Shockwave"],"picked":"Whirlwind","floor":19},{"not_picked":["Thunderclap","Armaments"],"picked":"Twin Strike+1","floor":27},{"not_picked":["Iron Wave","Armaments"],"picked":"Shrug It Off","floor":28},{"not_picked":["Feel No Pain","Clash","Pummel"],"picked":"Singing Bowl","floor":29},{"not_picked":["Armaments","Twin Strike+1","Pummel+1"],"picked":"Singing Bowl","floor":31}],"player_experience":452880,"relics_obtained":[{"floor":7,"key":"Mummified Hand"},{"floor":9,"key":"Whetstone"},{"floor":12,"key":"Juzu Bracelet"},{"floor":14,"key":"Bag of Preparation"},{"floor":19,"key":"Thread and Needle"},{"floor":19,"key":"Ornamental Fan"},{"floor":25,"key":"Bottled Lightning"},{"floor":26,"key":"Gremlin Horn"},{"floor":27,"key":"Anchor"},{"floor":29,"key":"Molten Egg 2"}],"event_choices":[{"cards_removed":["Strike_R"],"damage_healed":0.0,"max_hp_gain":0.0,"max_hp_loss":0.0,"gold_gain":0.0,"event_name":"The Cleric","player_choice":"Card Removal","floor":2.0,"gold_loss":75.0,"damage_taken":0.0},{"damage_healed":0,"gold_gain":0,"player_choice":"Fight","damage_taken":0,"max_hp_gain":0,"max_hp_loss":0,"event_name":"Colosseum","floor":19,"gold_loss":0},{"damage_healed":0,"gold_gain":0,"player_choice":"Fought Nobs","damage_taken":0,"max_hp_gain":0,"max_hp_loss":0,"event_name":"Colosseum","floor":19,"gold_loss":0},{"damage_healed":0,"gold_gain":50,"player_choice":"Stole From Cult","damage_taken":0,"max_hp_gain":0,"max_hp_loss":0,"event_name":"Nest","floor":20,"gold_loss":0},{"damage_healed":0,"gold_gain":100,"player_choice":"Bet on Murderer","damage_taken":0,"max_hp_gain":0,"max_hp_loss":0,"event_name":"The Joust","floor":22,"gold_loss":50},{"damage_healed":16,"gold_gain":0,"player_choice":"Heal","damage_taken":0,"max_hp_gain":0,"max_hp_loss":0,"event_name":"The Library","floor":24,"gold_loss":0},{"cards_removed":["Strike_R"],"damage_healed":0,"gold_gain":0,"player_choice":"Elegance","damage_taken":0,"max_hp_gain":0,"max_hp_loss":0,"event_name":"Back to Basics","floor":30,"gold_loss":0}],"is_beta":false,"boss_relics":[{"not_picked":["Cursed Key","Philosopher\u0027s Stone"],"picked":"Sozu"}],"items_purged_floors":[21],"is_endless":false,"potions_floor_spawned":[3,4,7,16,19,19,28],"killed_by":"Champ","ascension_level":20}