{"gold_per_floor":[110,76,151,151,171,203,203,214,240,268,268,282,310,325,325,429,429,440,440,455,253,266,295,310,329,329,26,26,53,53,53,53,53],"floor_reached":33,"playtime":1764,"items_purged":["Strike_R"],"score":363,"play_id":"c8a1d6a6-1731-46a0-bfdb-3d5134d898e5","local_time":"20190226214335","is_ascension_mode":true,"campfire_choices":[{"data":"Reaper","floor":7.0,"key":"SMITH"},{"data":"Hemokinesis","floor":11.0,"key":"SMITH"},{"floor":15,"key":"REST"},{"data":"Immolate","floor":28,"key":"SMITH"},{"floor":32,"key":"REST"}],"neow_cost":"NONE","seed_source_timestamp":4684106985114,"circlet_count":0,"master_deck":["Strike_R+1","Strike_R+1","Strike_R+1","Defend_R+1","Defend_R+1","Defend_R+1","Defend_R+1","Bash","Heavy Blade","Metallicize","Blood for Blood","Cleave","Reaper+1","Hemokinesis+1","Thunderclap","Sword Boomerang","Armaments","Uppercut","Pummel","Offering","Shrug It Off","Finesse","Fire Breathing+1","Dual Wield","Ghostly Armor+1","Immolate+1","Feel No Pain","Fire Breathing"],"special_seed":0,"relics":["Burning Blood","NeowsBlessing","Lantern","Dream Catcher","Smiling Mask","Darkstone Periapt","Philosopher\u0027s Stone","Orichalcum","Letter Opener","Blue Candle","Bag of Marbles","Bottled Lightning"],"potions_floor_usage":[16,24,24],"damage_taken":[{"damage":0.0,"enemies":"Jaw Worm","floor":1.0,"turns":1.0},{"damage":0.0,"enemies":"Small Slimes","floor":5.0,"turns":1.0},{"damage":0.0,"enemies":"Gremlin Nob","floor":6.0,"turns":1.0},{"damage":3.0,"enemies":"Cultist","floor":8.0,"turns":3.0},{"damage":38.0,"enemies":"Lagavulin","floor":10.0,"turns":6.0},{"damage":12.0,"enemies":"Blue Slaver","floor":12.0,"turns":3.0},{"damage":30.0,"enemies":"Gremlin Nob","floor":13.0,"turns":4.0},{"damage":2,"enemies":"Red Slaver","floor":14,"turns":1},{"damage":40,"enemies":"Hexaghost","floor":16,"turns":9},{"damage":13,"enemies":"Chosen","floor":18,"turns":3},{"damage":32,"enemies":"3 Byrds","floor":20,"turns":4},{"damage":9,"enemies":"Snecko","floor":22,"turns":3},{"damage":17,"enemies":"Gremlin Leader","floor":23,"turns":6},{"damage":25,"enemies":"Centurion and Healer","floor":24,"turns":5},{"damage":21,"enemies":"Snake Plant","floor":25,"turns":3},{"damage":51,"enemies":"Slavers","floor":29,"turns":4},{"damage":75,"enemies":"Automaton","floor":33,"turns":6}],"seed_played":"-2246167973434499230","potions_obtained":[{"floor":6.0,"key":"SmokeBomb"},{"floor":10.0,"key":"FearPotion"},{"floor":12.0,"key":"SpeedPotion"},{"floor":14,"key":"Ancient Potion"},{"floor":16,"key":"Weak Potion"},{"floor":18,"key":"Regen Potion"},{"floor":25,"key":"Ancient Potion"}],"is_trial":false,"path_per_floor":["M","$","?","?","M","E","R","M","T","E","R","M","E","M","R","B",null,"M","?","M","$","M","E","M","M","T","$","R","E","?","$","R","B"],"character_chosen":"IRONCLAD","items_purchased":["Metallicize","Orichalcum","Immolate","Bag of Marbles"],"campfire_rested":2,"item_purchase_floors":[2,21,27,27],"current_hp_per_floor":[80,80,69,69,75,80,80,80,80,52,52,46,29,33,57,30,80,79,79,61,61,65,71,73,65,65,65,65,30,30,30,54,0],"gold":53,"neow_bonus":"THREE_ENEMY_KILL","is_prod":false,"is_daily":false,"chose_seed":false,"campfire_upgraded":3,"win_rate":0,"timestamp":1551213815,"path_taken":["M","$","?","?","M","E","R","M","T","E","R","?","E","M","R","BOSS","M","?","?","$","M","E","M","M","T","$","R","E","?","$","R","BOSS"],"build_version":"2019-01-23","purchased_purges":1,"victory":false,"max_hp_per_floor":[80,80,80,80,80,80,80,80,80,80,80,80,80,80,80,80,80,80,80,80,80,80,80,80,80,80,80,80,80,80,80,80,80],"card_choices":[{"not_picked":["Shrug It Off","Power Through"],"picked":"Heavy Blade","floor":1.0},{"not_picked":["Shrug It Off","Iron Wave"],"picked":"Cleave","floor":5.0},{"not_picked":["Body Slam","Havoc"],"picked":"Reaper","floor":6.0},{"not_picked":["Feel No Pain","Rage"],"picked":"Hemokinesis","floor":8.0},{"not_picked":["Reckless Charge","Flex"],"picked":"Thunderclap","floor":10.0},{"not_picked":["Heavy Blade","Flex"],"picked":"Sword Boomerang","floor":12.0},{"not_picked":["Second Wind","Anger"],"picked":"Armaments","floor":13.0},{"not_picked":["Flex","Perfected Strike"],"picked":"Uppercut","floor":14},{"not_picked":["Rage","Sever Soul"],"picked":"Pummel","floor":15},{"not_picked":["Double Tap","Impervious"],"picked":"Offering","floor":16},{"not_picked":["Wild Strike","Headbutt+1","Carnage"],"picked":"SKIP","floor":18},{"not_picked":["Intimidate+1","Iron Wave","Armaments"],"picked":"SKIP","floor":20},{"not_picked":["Sentinel","Wild Strike"],"picked":"Fire Breathing+1","floor":22},{"not_picked":["Flex","Twin Strike"],"picked":"Dual Wield","floor":23},{"not_picked":["Sword Boomerang+1","Anger","Headbutt+1"],"picked":"SKIP","floor":24},{"not_picked":["Dropkick+1","Headbutt"],"picked":"Ghostly Armor+1","floor":25},{"not_picked":["Anger","Immolate"],"picked":"Feel No Pain","floor":29},{"not_picked":["Power Through","Headbutt+1"],"picked":"Fire Breathing","floor":32}],"player_experience":143709,"relics_obtained":[{"floor":6.0,"key":"Lantern"},{"floor":9.0,"key":"Dream Catcher"},{"floor":10.0,"key":"Smiling Mask"},{"floor":13.0,"key":"Darkstone Periapt"},{"floor":23,"key":"Letter Opener"},{"floor":26,"key":"Blue Candle"},{"floor":29,"key":"Bottled Lightning"}],"event_choices":[{"damage_healed":0.0,"max_hp_gain":0.0,"max_hp_loss":0.0,"gold_gain":75.0,"event_name":"World of Goop","player_choice":"Gather Gold","floor":3.0,"gold_loss":0.0,"damage_taken":11.0},{"damage_healed":0.0,"max_hp_gain":0.0,"max_hp_loss":0.0,"gold_gain":0.0,"cards_transformed":["Strike_R"],"event_name":"Transmorgrifier","player_choice":"Transformed","floor":4.0,"gold_loss":0.0,"damage_taken":0.0,"cards_obtained":["Blood for Blood"]},{"damage_healed":0,"gold_gain":0,"player_choice":"2 cards matched","damage_taken":0,"max_hp_gain":0,"max_hp_loss":0,"event_name":"Match and Keep!","floor":19,"gold_loss":0,"cards_obtained":["Shrug It Off","Finesse"]},{"damage_healed":0,"gold_gain":0,"player_choice":"Simplicity","damage_taken":0,"max_hp_gain":0,"max_hp_loss":0,"event_name":"Back to Basics","floor":30,"gold_loss":0,"cards_upgraded":["Strike_R","Strike_R","Strike_R","Defend_R","Defend_R","Defend_R","Defend_R"]}],"is_beta":false,"boss_relics":[{"not_picked":["Empty Cage","Coffee Dripper"],"picked":"Philosopher\u0027s Stone"}],"items_purged_floors":[21],"is_endless":false,"potions_floor_spawned":[6,10,12,14,16,18,25],"killed_by":"Automaton","ascension_level":2}