{"gold_per_floor":[115,135,147,147,166,197,197,197,197,215,215,225,225,239,239,335,335,335,250,106,106,106,106,106,106,106,106,106,106,106,106,106,106],"floor_reached":33,"playtime":1054,"items_purged":["Strike_B"],"score":424,"play_id":"eebbc950-8ba3-47fd-955d-a09c57103d09","local_time":"20181209131714","is_ascension_mode":true,"campfire_choices":[{"data":"Zap","floor":8,"key":"SMITH"},{"data":"Go for the Eyes","floor":11,"key":"SMITH"},{"data":"Dualcast","floor":13,"key":"SMITH"},{"data":"Streamline","floor":15,"key":"SMITH"},{"data":"FTL","floor":25,"key":"SMITH"},{"floor":27,"key":"REST"},{"data":"Defend_B","floor":32,"key":"SMITH"}],"neow_cost":"NONE","seed_source_timestamp":266210220906466,"circlet_count":0,"master_deck":["AscendersBane","Strike_B","Strike_B+1","Strike_B+1","Defend_B+1","Defend_B+1","Defend_B","Defend_B","Zap+1","Dualcast+1","Cold Snap","Sunder+1","Steam+1","Cold Snap","All For One","Go for the Eyes+1","Hologram+1","Streamline+1","Seek+1","Leap+1","FTL+1","Genetic Algorithm+1","Reinforced Body+1","Leap+1","Self Repair"],"relics":["Cracked Core","Whetstone","Toxic Egg 2","Dead Branch","Ectoplasm","Ice Cream","Bronze Scales","Nilry\u0027s Codex","Mummified Hand","War Paint"],"potions_floor_usage":[23,23,33],"damage_taken":[{"damage":6,"enemies":"Cultist","floor":1,"turns":4},{"damage":0,"enemies":"Small Slimes","floor":2,"turns":3},{"damage":4,"enemies":"2 Louse","floor":3,"turns":2},{"damage":0,"enemies":"Looter","floor":5,"turns":2},{"damage":14,"enemies":"3 Sentries","floor":6,"turns":5},{"damage":2,"enemies":"2 Fungi Beasts","floor":10,"turns":3},{"damage":6,"enemies":"Large Slime","floor":12,"turns":3},{"damage":0,"enemies":"Blue Slaver","floor":14,"turns":3},{"damage":21,"enemies":"The Guardian","floor":16,"turns":9},{"damage":0,"enemies":"Spheric Guardian","floor":18,"turns":3},{"damage":12,"enemies":"Slavers","floor":23,"turns":5},{"damage":6,"enemies":"Chosen","floor":29,"turns":3},{"damage":0,"enemies":"3 Cultists","floor":31,"turns":4},{"damage":54,"enemies":"Collector","floor":33,"turns":6}],"seed_played":"8686586013753701298","potions_obtained":[{"floor":2,"key":"SkillPotion"},{"floor":6,"key":"EssenceOfSteel"},{"floor":10,"key":"Block Potion"},{"floor":23,"key":"Energy Potion"},{"floor":29,"key":"EssenceOfSteel"}],"is_trial":false,"path_per_floor":["M","M","M","?","M","E","?","R","T","M","R","M","R","M","R","B",null,"M","?","$","?","?","E","?","R","T","R","T","M","?","M","R","B"],"character_chosen":"DEFECT","items_purchased":["FTL"],"campfire_rested":1,"item_purchase_floors":[20],"current_hp_per_floor":[62,62,58,58,58,44,44,44,44,42,42,36,36,36,36,15,60,60,60,60,60,60,48,32,32,32,54,54,48,48,48,48,0],"gold":106,"neow_bonus":"RANDOM_COMMON_RELIC","is_prod":false,"is_daily":false,"chose_seed":false,"campfire_upgraded":6,"win_rate":0,"timestamp":1544341634,"path_taken":["M","M","M","?","?","E","?","R","T","M","R","M","R","M","R","BOSS","M","?","$","?","?","E","?","R","T","R","?","?","?","M","R","BOSS"],"build_version":"2018-12-06","purchased_purges":1,"victory":false,"max_hp_per_floor":[75,75,75,75,75,75,75,75,75,75,75,75,75,75,75,75,75,75,75,75,75,75,75,75,75,75,75,75,75,75,75,75,75],"card_choices":[{"not_picked":["Leap","Scrape"],"picked":"Cold Snap","floor":1},{"not_picked":["Beam Cell","Darkness"],"picked":"Sunder","floor":2},{"not_picked":["Coolheaded","Melter"],"picked":"Steam","floor":3},{"not_picked":["Steam","Rebound"],"picked":"Cold Snap","floor":5},{"not_picked":["Steam","Reinforced Body"],"picked":"All For One","floor":6},{"not_picked":["Skim+1","Leap+1"],"picked":"Go for the Eyes","floor":10},{"not_picked":["Undo+1","FTL"],"picked":"Hologram+1","floor":12},{"not_picked":["Beam Cell","Rebound"],"picked":"Streamline","floor":14},{"not_picked":["Thunder Strike","Meteor Strike"],"picked":"Seek+1","floor":16},{"not_picked":["Ball Lightning","Barrage"],"picked":"Leap+1","floor":18},{"not_picked":["Steam+1","Streamline"],"picked":"Reinforced Body+1","floor":23},{"not_picked":["Scrape","Cold Snap"],"picked":"Leap+1","floor":29},{"not_picked":["Cold Snap","Compile Driver"],"picked":"Self Repair","floor":31}],"player_experience":883049,"relics_obtained":[{"floor":6,"key":"Toxic Egg 2"},{"floor":9,"key":"Dead Branch"},{"floor":23,"key":"Bronze Scales"},{"floor":24,"key":"Nilry\u0027s Codex"},{"floor":26,"key":"Mummified Hand"},{"floor":28,"key":"War Paint"}],"event_choices":[{"damage_healed":0,"gold_gain":0,"player_choice":"Forge","damage_taken":0,"max_hp_gain":0,"max_hp_loss":0,"event_name":"Accursed Blacksmith","floor":4,"gold_loss":0,"cards_upgraded":["Sunder"]},{"damage_healed":0,"gold_gain":0,"player_choice":"Ignored","damage_taken":0,"max_hp_gain":0,"max_hp_loss":0,"event_name":"Liars Game","floor":7,"gold_loss":0},{"damage_healed":0,"gold_gain":0,"player_choice":"Obtained Relic","damage_taken":0,"relics_obtained":["Ice Cream"],"max_hp_gain":0,"max_hp_loss":0,"event_name":"Addict","floor":19,"gold_loss":85},{"damage_healed":0,"gold_gain":0,"player_choice":"Ignored","damage_taken":0,"max_hp_gain":0,"max_hp_loss":0,"event_name":"Ghosts","floor":21,"gold_loss":0},{"damage_healed":0,"gold_gain":0,"player_choice":"Read","damage_taken":0,"max_hp_gain":0,"max_hp_loss":0,"event_name":"The Library","floor":22,"gold_loss":0,"cards_obtained":["Genetic Algorithm"]},{"damage_healed":0,"gold_gain":0,"player_choice":"Obtained Book","damage_taken":16,"max_hp_gain":0,"max_hp_loss":0,"event_name":"Cursed Tome","floor":24,"gold_loss":0},{"damage_healed":0,"gold_gain":99,"player_choice":"Stole From Cult","damage_taken":0,"max_hp_gain":0,"max_hp_loss":0,"event_name":"Nest","floor":30,"gold_loss":0}],"is_beta":true,"boss_relics":[{"not_picked":["Tiny House","Velvet Choker"],"picked":"Ectoplasm"}],"items_purged_floors":[20],"is_endless":false,"potions_floor_spawned":[2,6,10,12,16,23,29],"killed_by":"Collector","ascension_level":12}