{"path_per_floor":["M","?","M","?","$","E","R","$","T","R","E","M","?","$","R","B",null,"M","M","$","?","$","R"],"character_chosen":"DEFECT","items_purchased":["Pear","Capacitor","Darkness","Buffer","Skim","Turbo"],"gold_per_floor":[364,364,378,378,378,407,407,164,164,164,197,210,210,111,111,211,211,223,242,28,0,0,0,0],"floor_reached":24,"campfire_rested":3,"playtime":663,"current_hp_per_floor":[58,58,53,53,53,6,26,36,36,59,43,43,43,43,43,18,63,56,28,28,28,28,51,0],"items_purged":["Strike_B"],"gold":0,"score":270,"play_id":"b4a6ef84-f1ff-44b1-b506-d0716945f8fd","local_time":"20180506120745","is_prod":false,"is_daily":false,"chose_seed":false,"is_ascension_mode":true,"campfire_upgraded":1,"timestamp":1525579665,"path_taken":["M","?","M","?","$","E","R","$","T","R","E","M","?","$","R","BOSS","M","M","$","?","?","R","E"],"build_version":"2018-05-03","seed_source_timestamp":80894255140870,"purchased_purges":1,"victory":false,"master_deck":["Strike_B","Strike_B","Defend_B","Defend_B","Defend_B","Defend_B","Zap+1","Dualcast","Glacier","Static Discharge","Prime","Double Energy","Doom and Gloom","Capacitor+1","Darkness","Thunder Strike","Turbo","Sunder","Buffer","Skim","Turbo"],"max_hp_per_floor":[68,68,68,68,68,68,68,78,78,78,78,78,78,78,78,78,78,78,78,78,78,78,78,78],"relics":["Cracked Core","Orichalcum","Pear","Turnip","Ancient Tea Set","Philosopher\u0027s Stone"],"card_choices":[{"not_picked":["FTL","Streamline"],"picked":"Glacier","floor":1},{"not_picked":["Streamline","Sweeping Beam"],"picked":"Static Discharge","floor":3},{"not_picked":["Stack","Skim"],"picked":"Prime","floor":6},{"not_picked":["Ball Lightning","Skim"],"picked":"Double Energy","floor":11},{"not_picked":["Streamline","Auto Shields"],"picked":"Doom and Gloom","floor":12},{"not_picked":["All For One","Multi-Cast"],"picked":"Thunder Strike","floor":16},{"not_picked":["Loop","Rip and Tear"],"picked":"Turbo","floor":18},{"not_picked":["Aggregate","Stack"],"picked":"Sunder","floor":19}],"player_experience":953045,"potions_floor_usage":[6,16,19],"damage_taken":[{"damage":10,"enemies":"2 Louse","floor":1,"turns":4},{"damage":5,"enemies":"Small Slimes","floor":3,"turns":3},{"damage":47,"enemies":"Gremlin Nob","floor":6,"turns":5},{"damage":16,"enemies":"Lagavulin","floor":11,"turns":9},{"damage":0,"enemies":"Jaw Worm","floor":12,"turns":5},{"damage":25,"enemies":"Hexaghost","floor":16,"turns":8},{"damage":7,"enemies":"Chosen","floor":18,"turns":5},{"damage":28,"enemies":"Shell Parasite","floor":19,"turns":6},{"damage":56,"enemies":"Gremlin Leader","floor":24,"turns":6}],"event_choices":[{"event_name":"Living Wall","player_choice":"Grow","floor":2,"damage_taken":0},{"event_name":"The Lab","player_choice":"Got Potions","floor":4,"damage_taken":0},{"event_name":"Purifier","player_choice":"One Purge","floor":13,"damage_taken":0},{"event_name":"Masked Bandits","player_choice":"Paid Bandits 28 gold","floor":21,"damage_taken":0}],"boss_relics":[{"not_picked":["Nuclear Battery","Astrolabe"],"picked":"Philosopher\u0027s Stone"}],"potions_floor_spawned":[1,3],"seed_played":"-6005167641529047343","killed_by":"Gremlin Leader","ascension_level":7,"is_trial":false}