{"gold_per_floor":[117,131,206,206,223,256,256,256,256,256,273,15,35,67,67,162,162,178,195,195,208,85,85,116,116,191,191,205,217,132,132,132,132],"floor_reached":33,"playtime":1033,"items_purged":["Strike_B"],"score":426,"play_id":"2bb5d188-3eb9-423d-aa07-1c2a4ddbe8dc","local_time":"20181208230046","is_ascension_mode":true,"campfire_choices":[{"data":"Rainbow","floor":7,"key":"SMITH"},{"data":"Ball Lightning","floor":10,"key":"SMITH"},{"floor":15,"key":"REST"},{"data":"Biased Cognition","floor":23,"key":"SMITH"},{"data":"Hologram","floor":25,"key":"SMITH"},{"floor":32,"key":"REST"}],"neow_cost":"TEN_PERCENT_HP_LOSS","seed_source_timestamp":214832200878830,"circlet_count":0,"master_deck":["AscendersBane","Defend_B","Defend_B","Defend_B","Defend_B","Zap+1","Dualcast","Compile Driver","Ball Lightning+1","Coolheaded","Rainbow+1","Hologram+1","Turbo","Biased Cognition+1","Go for the Eyes+1","Core Surge+1","Doom and Gloom+1","Steam+1","Reinforced Body","Conserve Battery","Leap+1"],"relics":["Cracked Core","Bird Faced Urn","Gremlin Horn","DataDisk","ClockworkSouvenir","Mercury Hourglass","Astrolabe","Nilry\u0027s Codex","Singing Bowl","The Courier","Bottled Tornado","Mango","Toxic Egg 2"],"potions_floor_usage":[6,18,18,24,28,33],"damage_taken":[{"damage":0,"enemies":"Cultist","floor":1,"turns":3},{"damage":7,"enemies":"2 Louse","floor":2,"turns":3},{"damage":4,"enemies":"Small Slimes","floor":5,"turns":3},{"damage":32,"enemies":"Gremlin Nob","floor":6,"turns":4},{"damage":27,"enemies":"Exordium Wildlife","floor":11,"turns":4},{"damage":4,"enemies":"Lots of Slimes","floor":13,"turns":2},{"damage":6,"enemies":"Lagavulin","floor":14,"turns":5},{"damage":10,"enemies":"Hexaghost","floor":16,"turns":8},{"damage":11,"enemies":"2 Thieves","floor":18,"turns":2},{"damage":9,"enemies":"Shell Parasite","floor":19,"turns":4},{"damage":0,"enemies":"Snecko","floor":21,"turns":3},{"damage":14,"enemies":"Slavers","floor":24,"turns":3},{"damage":14,"enemies":"Snake Plant","floor":28,"turns":2},{"damage":0,"enemies":"Sentry and Sphere","floor":29,"turns":2},{"damage":59,"enemies":"Collector","floor":33,"turns":6}],"seed_played":"-1226836796250825504","potions_obtained":[{"floor":5,"key":"PowerPotion"},{"floor":14,"key":"GamblersBrew"},{"floor":18,"key":"AttackPotion"},{"floor":19,"key":"Strength Potion"},{"floor":24,"key":"Swift Potion"},{"floor":29,"key":"Fire Potion"}],"is_trial":false,"path_per_floor":["M","M","?","?","M","E","R","?","T","R","M","$","M","E","R","B",null,"M","M","?","M","$","R","E","R","T","T","M","M","?","T","R","B"],"character_chosen":"DEFECT","items_purchased":["ClockworkSouvenir","Swift Potion","Conserve Battery"],"campfire_rested":2,"item_purchase_floors":[12,12,22],"current_hp_per_floor":[68,61,50,50,46,16,16,38,38,38,11,11,7,1,21,11,54,45,38,22,24,24,24,14,14,14,14,4,8,22,22,47,0],"gold":132,"neow_bonus":"ONE_RARE_RELIC","is_prod":false,"is_daily":false,"chose_seed":false,"campfire_upgraded":4,"win_rate":0,"timestamp":1544290246,"path_taken":["M","?","?","?","M","E","R","?","T","R","M","$","M","E","R","BOSS","M","M","?","M","$","R","E","R","T","?","?","M","?","?","R","BOSS"],"build_version":"2018-12-06","purchased_purges":1,"victory":false,"max_hp_per_floor":[68,68,68,68,68,68,68,68,68,68,68,68,68,68,68,68,68,68,68,68,68,68,68,70,70,70,70,72,72,86,86,86,86],"card_choices":[{"not_picked":["Hologram","Blizzard"],"picked":"Compile Driver","floor":1},{"not_picked":["Reprogram","Conserve Battery"],"picked":"Ball Lightning","floor":2},{"not_picked":["Storm","Fission"],"picked":"Coolheaded","floor":5},{"not_picked":["Go for the Eyes","Sunder"],"picked":"Rainbow","floor":6},{"not_picked":["Ball Lightning","Streamline","Coolheaded"],"picked":"SKIP","floor":11},{"not_picked":["Coolheaded","Steam"],"picked":"Hologram","floor":13},{"not_picked":["Gash","Lockon"],"picked":"Turbo","floor":14},{"not_picked":["Electrodynamics","Machine Learning"],"picked":"Biased Cognition","floor":16},{"not_picked":["Rip and Tear","Hologram"],"picked":"Steam+1","floor":18},{"not_picked":["Chaos+1","Ball Lightning"],"picked":"Reinforced Body","floor":19},{"not_picked":["Rebound","Ball Lightning","Turbo+1"],"picked":"SKIP","floor":21},{"not_picked":["Streamline","Melter+1","Compile Driver+1"],"picked":"Singing Bowl","floor":24},{"not_picked":["Turbo","Conserve Battery","Recycle"],"picked":"Singing Bowl","floor":28},{"not_picked":["Steam Power","Cold Snap+1"],"picked":"Leap+1","floor":29}],"player_experience":876133,"relics_obtained":[{"floor":6,"key":"Gremlin Horn"},{"floor":9,"key":"DataDisk"},{"floor":14,"key":"Mercury Hourglass"},{"floor":20,"key":"Nilry\u0027s Codex"},{"floor":24,"key":"Singing Bowl"},{"floor":26,"key":"The Courier"},{"floor":27,"key":"Bottled Tornado"},{"floor":31,"key":"Toxic Egg 2"}],"event_choices":[{"damage_healed":0,"gold_gain":75,"player_choice":"Gather Gold","damage_taken":11,"max_hp_gain":0,"max_hp_loss":0,"event_name":"World of Goop","floor":3,"gold_loss":0},{"damage_healed":0,"gold_gain":0,"player_choice":"Grow","damage_taken":0,"max_hp_gain":0,"max_hp_loss":0,"event_name":"Living Wall","floor":4,"gold_loss":0,"cards_upgraded":["Zap"]},{"damage_healed":22,"gold_gain":0,"player_choice":"Banana","damage_taken":0,"max_hp_gain":0,"max_hp_loss":0,"event_name":"Big Fish","floor":8,"gold_loss":0},{"damage_healed":0,"gold_gain":0,"player_choice":"Obtained Book","damage_taken":16,"max_hp_gain":0,"max_hp_loss":0,"event_name":"Cursed Tome","floor":20,"gold_loss":0},{"damage_healed":0,"gold_gain":0,"player_choice":"Obtained Relic","damage_taken":0,"relics_obtained":["Mango"],"max_hp_gain":0,"max_hp_loss":0,"event_name":"Addict","floor":30,"gold_loss":85}],"is_beta":true,"boss_relics":[{"not_picked":["Busted Crown","Sozu"],"picked":"Astrolabe"}],"items_purged_floors":[22],"is_endless":false,"potions_floor_spawned":[5,14,16,18,19,24,29],"killed_by":"Collector","ascension_level":11}