{"gold_per_floor":[110,130,144,219,219,219,232,262,262,276,286,286,315,331,331,403,403,421,431,15,26,26],"floor_reached":22,"playtime":1268,"items_purged":[],"score":400,"play_id":"62ea14b4-d37d-4156-b3f6-396f5bd9b5eb","local_time":"20190128185952","is_ascension_mode":true,"campfire_choices":[{"data":"Neutralize","floor":6.0,"key":"SMITH"},{"floor":12.0,"key":"REST"},{"floor":15.0,"key":"REST"}],"neow_cost":"NONE","seed_source_timestamp":5155658854231908,"circlet_count":0,"master_deck":["AscendersBane","Defend_G","Defend_G","Defend_G","Defend_G","Defend_G","Strike_G","Strike_G","Strike_G","Strike_G","Strike_G","Survivor","Neutralize+1","Finisher","Deflect","Backstab","Acrobatics","Doppelganger","Noxious Fumes","Backflip","Caltrops+1","Bouncing Flask","After Image+1","Noxious Fumes+1","Well Laid Plans+1","Deadly Poison"],"special_seed":0,"relics":["Ring of the Serpent","FaceOfCleric","Bottled Lightning","Bottled Flame","Frozen Egg 2","Shuriken"],"potions_floor_usage":[],"damage_taken":[{"damage":0.0,"enemies":"2 Louse","floor":1.0,"turns":4.0},{"damage":5.0,"enemies":"Small Slimes","floor":2.0,"turns":6.0},{"damage":8.0,"enemies":"Cultist","floor":3.0,"turns":6.0},{"damage":14.0,"enemies":"Large Slime","floor":7.0,"turns":8.0},{"damage":19.0,"enemies":"Gremlin Nob","floor":8.0,"turns":4.0},{"damage":0.0,"enemies":"2 Fungi Beasts","floor":10.0,"turns":3.0},{"damage":4.0,"enemies":"Blue Slaver","floor":11.0,"turns":4.0},{"damage":28.0,"enemies":"Lagavulin","floor":13.0,"turns":9.0},{"damage":0.0,"enemies":"Large Slime","floor":14.0,"turns":4.0},{"damage":12.0,"enemies":"The Guardian","floor":16.0,"turns":10.0},{"damage":20.0,"enemies":"3 Byrds","floor":18.0,"turns":6.0},{"damage":7.0,"enemies":"2 Thieves","floor":19.0,"turns":4.0},{"damage":19,"enemies":"Centurion and Healer","floor":21,"turns":9},{"damage":20,"enemies":"3 Cultists","floor":22,"turns":3}],"seed_played":"-6323968783349824972","potions_obtained":[{"floor":1.0,"key":"AttackPotion"},{"floor":10.0,"key":"FearPotion"},{"floor":13.0,"key":"Strength Potion"},{"floor":14.0,"key":"SteroidPotion"},{"floor":16.0,"key":"Fire Potion"}],"is_trial":false,"path_per_floor":["M","M","M","?","?","R","M","E","T","M","M","R","E","M","R","B",null,"M","M","$","M","M"],"character_chosen":"THE_SILENT","items_purchased":["Shuriken","Well Laid Plans+1","Deadly Poison"],"campfire_rested":2,"item_purchase_floors":[20,20,20],"current_hp_per_floor":[65,60,52,41,41,41,28,10,10,11,8,30,3,4,27,16,63,44,38,38,20,0],"gold":26,"neow_bonus":"TEN_PERCENT_HP_BONUS","is_prod":false,"is_daily":false,"chose_seed":false,"campfire_upgraded":1,"win_rate":0,"timestamp":1548719992,"path_taken":["M","M","M","?","?","R","M","E","T","M","M","R","E","M","R","BOSS","M","M","$","?","M"],"build_version":"2019-01-23","purchased_purges":0,"victory":false,"max_hp_per_floor":[72,72,72,72,72,72,73,74,74,75,76,76,77,78,78,79,79,80,81,81,82,82],"card_choices":[{"not_picked":["Eviscerate","Blade Dance"],"picked":"Finisher","floor":1.0},{"not_picked":["Prepared","Slice"],"picked":"Deflect","floor":2.0},{"not_picked":["Crippling Poison","Dagger Throw"],"picked":"Backstab","floor":3.0},{"not_picked":["Dagger Spray","Prepared"],"picked":"Acrobatics","floor":7.0},{"not_picked":["Sucker Punch","Riddle With Holes"],"picked":"Doppelganger","floor":8.0},{"not_picked":["Dagger Spray","Tactician"],"picked":"Noxious Fumes","floor":10.0},{"not_picked":["Prepared","Blade Dance"],"picked":"Backflip","floor":11.0},{"not_picked":["Escape Plan","Setup"],"picked":"Caltrops","floor":13.0},{"not_picked":["Blade Dance","Predator"],"picked":"Bouncing Flask","floor":14.0},{"not_picked":["Adrenaline","Malaise"],"picked":"After Image+1","floor":16.0},{"not_picked":["Eviscerate+1","Riddle With Holes"],"picked":"Noxious Fumes+1","floor":18.0},{"not_picked":["Prepared","Dagger Throw","Choke"],"picked":"SKIP","floor":19.0},{"not_picked":["Prepared","Underhanded Strike","Choke"],"picked":"SKIP","floor":21}],"player_experience":691598,"relics_obtained":[{"floor":8.0,"key":"Bottled Lightning"},{"floor":9.0,"key":"Bottled Flame"},{"floor":13.0,"key":"Frozen Egg 2"}],"event_choices":[{"damage_healed":0.0,"max_hp_gain":0.0,"max_hp_loss":0.0,"gold_gain":75.0,"event_name":"World of Goop","player_choice":"Gather Gold","floor":4.0,"gold_loss":0.0,"damage_taken":11.0},{"damage_healed":0.0,"max_hp_gain":0.0,"max_hp_loss":0.0,"gold_gain":0.0,"event_name":"FaceTrader","player_choice":"Trade","floor":5.0,"gold_loss":0.0,"damage_taken":0.0,"relics_obtained":["FaceOfCleric"]}],"is_beta":true,"boss_relics":[{"not_picked":["Calling Bell","Velvet Choker"],"picked":"Ring of the Serpent"}],"items_purged_floors":[],"is_endless":false,"potions_floor_spawned":[1,10,13,14,16],"killed_by":"3 Cultists","ascension_level":20}