{"gold_per_floor":[115,46,121,139,139,139,9,34,34,34,34,34,34,50,50,149,149,163,163,263,263,203],"floor_reached":22,"playtime":765,"items_purged":[],"score":178,"play_id":"01cc5143-a120-4010-b38e-dd085e25fc4c","local_time":"20190127145429","is_ascension_mode":false,"campfire_choices":[{"floor":6.0,"key":"REST"},{"floor":11.0,"key":"REST"},{"floor":13.0,"key":"REST"},{"data":"Zap","floor":15.0,"key":"SMITH"}],"neow_cost":"NONE","seed_source_timestamp":0,"circlet_count":0,"master_deck":["Strike_B","Strike_B","Strike_B+1","Strike_B","Defend_B+1","Defend_B","Defend_B","Zap+1","Dualcast","Force Field","Glacier","BootSequence","Defragment","Coolheaded","Chill","Chill","Writhe"],"special_seed":0,"relics":["Cracked Core","Incense Burner","Bronze Scales","White Beast Statue","Du-Vu Doll","Darkstone Periapt","Singing Bowl"],"potions_floor_usage":[20],"damage_taken":[{"damage":4.0,"enemies":"2 Louse","floor":1.0,"turns":3.0},{"damage":4.0,"enemies":"Small Slimes","floor":4.0,"turns":3.0},{"damage":41.0,"enemies":"3 Sentries","floor":8.0,"turns":13.0},{"damage":0.0,"enemies":"Cultist","floor":14.0,"turns":3.0},{"damage":5.0,"enemies":"Slime Boss","floor":16.0,"turns":14.0},{"damage":18,"enemies":"Spheric Guardian","floor":18,"turns":6},{"damage":0,"enemies":"Colosseum Slavers","floor":20,"turns":5},{"damage":34,"enemies":"Colosseum Nobs","floor":20,"turns":7},{"damage":14,"enemies":"2 Thieves","floor":22,"turns":3}],"seed_played":"1024742872741144956","potions_obtained":[{"floor":4.0,"key":"SkillPotion"},{"floor":8.0,"key":"Fire Potion"},{"floor":16.0,"key":"FocusPotion"},{"floor":18,"key":"SteroidPotion"},{"floor":20,"key":"Weak Potion"}],"is_trial":false,"path_per_floor":["M","$","?","M","?","R","$","E","T","$","R","?","R","M","R","B",null,"M","?","?","?","M"],"character_chosen":"DEFECT","items_purchased":["Glacier","Defragment","Coolheaded"],"campfire_rested":3,"item_purchase_floors":[2,7,7],"current_hp_per_floor":[71,71,60,56,41,63,63,22,22,22,44,44,66,66,66,61,75,57,57,23,29,15],"gold":203,"neow_bonus":"TRANSFORM_CARD","is_prod":false,"is_daily":false,"chose_seed":false,"campfire_upgraded":1,"win_rate":0,"timestamp":1548618869,"path_taken":["M","$","?","M","?","R","$","E","T","$","R","?","R","?","R","BOSS","M","?","?","?","M"],"build_version":"2019-01-23","purchased_purges":0,"victory":false,"max_hp_per_floor":[75,75,75,75,75,75,75,75,75,75,75,75,75,75,75,75,75,75,75,75,81,81],"card_choices":[{"not_picked":["Cold Snap","Ball Lightning","Turbo"],"picked":"SKIP","floor":1.0},{"not_picked":["Streamline","Beam Cell"],"picked":"BootSequence","floor":4.0},{"not_picked":["Heatsinks","Coolheaded","Sweeping Beam"],"picked":"SKIP","floor":8.0},{"not_picked":["Hologram","Rebound"],"picked":"Chill","floor":14.0},{"not_picked":["Rebound+1","Lockon","Go for the Eyes+1"],"picked":"SKIP","floor":18},{"not_picked":["Aggregate","Compile Driver+1"],"picked":"Chill","floor":20}],"player_experience":168472,"relics_obtained":[{"floor":8.0,"key":"Incense Burner"},{"floor":9.0,"key":"Bronze Scales"},{"floor":20,"key":"Du-Vu Doll"},{"floor":20,"key":"Darkstone Periapt"}],"event_choices":[{"damage_healed":0.0,"max_hp_gain":0.0,"max_hp_loss":0.0,"gold_gain":75.0,"event_name":"World of Goop","player_choice":"Gather Gold","floor":3.0,"gold_loss":0.0,"damage_taken":11.0},{"damage_healed":0.0,"max_hp_gain":0.0,"max_hp_loss":0.0,"gold_gain":0.0,"event_name":"Shining Light","player_choice":"Entered Light","floor":5.0,"gold_loss":0.0,"damage_taken":15.0,"cards_upgraded":["Defend_B","Strike_B"]},{"damage_healed":0.0,"max_hp_gain":0.0,"max_hp_loss":0.0,"gold_gain":0.0,"event_name":"NoteForYourself","player_choice":"Ignored","floor":12.0,"gold_loss":0.0,"damage_taken":0.0},{"damage_healed":0,"gold_gain":0,"player_choice":"Ignored","damage_taken":0,"max_hp_gain":0,"max_hp_loss":0,"event_name":"Ghosts","floor":19,"gold_loss":0},{"damage_healed":0,"gold_gain":0,"player_choice":"Fight","damage_taken":0,"max_hp_gain":0,"max_hp_loss":0,"event_name":"Colosseum","floor":20,"gold_loss":0},{"damage_healed":0,"gold_gain":0,"player_choice":"Fought Nobs","damage_taken":0,"max_hp_gain":0,"max_hp_loss":0,"event_name":"Colosseum","floor":20,"gold_loss":0},{"damage_healed":0,"gold_gain":0,"player_choice":"Opened","damage_taken":0,"relics_obtained":["Singing Bowl"],"max_hp_gain":0,"max_hp_loss":0,"event_name":"The Mausoleum","floor":21,"gold_loss":0,"cards_obtained":["Writhe"]}],"is_beta":false,"boss_relics":[{"not_picked":["Orrery","Runic Pyramid"],"picked":"White Beast Statue"}],"items_purged_floors":[],"is_endless":false,"potions_floor_spawned":[4,8,16,18,20,20],"killed_by":"2 Thieves","ascension_level":0}