{"gold_per_floor":[112,112,129,149,159,159,170,201,201,10,45,45,45,64,64,143,143,161,175,175,175,187,220,220,220,268,303,303,328,120,120,120,196,196,211,228,118,138,60,88,88,118,192,192,46,61,78,108,108,108,108,108,28,53,53],"floor_reached":55,"playtime":3300,"items_purged":[],"score":1577,"play_id":"5ac2419a-ceff-4767-902a-20d52de54ff1","local_time":"20190303181646","is_ascension_mode":true,"campfire_choices":[{"data":"Undo","floor":6.0,"key":"SMITH"},{"floor":12.0,"key":"REST"},{"data":"Seek","floor":15.0,"key":"SMITH"},{"data":"Go for the Eyes","floor":25.0,"key":"SMITH"},{"data":"Hologram","floor":28.0,"key":"SMITH"},{"data":"Loop","floor":32.0,"key":"SMITH"},{"data":"Buffer","floor":41.0,"key":"SMITH"},{"data":"Recycle","floor":44.0,"key":"SMITH"},{"floor":49.0,"key":"RECALL"},{"data":"Capacitor","floor":52.0,"key":"SMITH"}],"neow_cost":"NONE","seed_source_timestamp":773563025534877,"circlet_count":0,"master_deck":["AscendersBane","Strike_B+1","Strike_B+1","Strike_B+1","Strike_B+1","Defend_B+1","Defend_B+1","Defend_B+1","Defend_B+1","Zap+1","Dualcast","Ball Lightning","Go for the Eyes+1","Ball Lightning","Undo+1","Ball Lightning","Hologram+1","FTL+1","Conserve Battery","Seek+1","Electrodynamics","Skim","Reboot","Loop+1","Buffer+1","BootSequence+1","Recycle+1","Stack+1","Heatsinks","Cold Snap+1","Injury","Creative AI","Consume","Undo+1","Capacitor+1","Defragment","Defragment"],"special_seed":0,"relics":["Cracked Core","Bag of Marbles","Art of War","Bottled Lightning","Oddly Smooth Stone","Boot","Cursed Key","Prayer Wheel","Spirit Poop","Dead Branch","Meat on the Bone","Strawberry","Lee\u0027s Waffle","Eternal Feather","Darkstone Periapt","Vajra","Dodecahedron","Question Card","Bird Faced Urn"],"potions_floor_usage":[],"damage_taken":[{"damage":0.0,"enemies":"Cultist","floor":1.0,"turns":3.0},{"damage":0.0,"enemies":"2 Louse","floor":3.0,"turns":1.0},{"damage":10.0,"enemies":"Small Slimes","floor":4.0,"turns":2.0},{"damage":2.0,"enemies":"Looter","floor":5.0,"turns":3.0},{"damage":17.0,"enemies":"Lots of Slimes","floor":7.0,"turns":4.0},{"damage":14.0,"enemies":"3 Sentries","floor":8.0,"turns":5.0},{"damage":2.0,"enemies":"Lagavulin","floor":11.0,"turns":5.0},{"damage":0.0,"enemies":"Exordium Wildlife","floor":14.0,"turns":5.0},{"damage":0.0,"enemies":"Slime Boss","floor":16.0,"turns":9.0},{"damage":0.0,"enemies":"Chosen","floor":18.0,"turns":3.0},{"damage":0.0,"enemies":"3 Byrds","floor":19.0,"turns":2.0},{"damage":4.0,"enemies":"Centurion and Healer","floor":22.0,"turns":7.0},{"damage":13.0,"enemies":"Slavers","floor":23.0,"turns":3.0},{"damage":4.0,"enemies":"Book of Stabbing","floor":27.0,"turns":6.0},{"damage":22.0,"enemies":"Gremlin Leader","floor":29.0,"turns":7.0},{"damage":59.0,"enemies":"Automaton","floor":33.0,"turns":11.0},{"damage":0.0,"enemies":"3 Shapes","floor":35.0,"turns":2.0},{"damage":0.0,"enemies":"Orb Walker","floor":36.0,"turns":3.0},{"damage":44.0,"enemies":"Spire Growth","floor":38.0,"turns":6.0},{"damage":33.0,"enemies":"Nemesis","floor":40.0,"turns":11.0},{"damage":0.0,"enemies":"Giant Head","floor":42.0,"turns":10.0},{"damage":0.0,"enemies":"Writhing Mass","floor":46.0,"turns":11.0},{"damage":0.0,"enemies":"Transient","floor":47.0,"turns":5.0},{"damage":0.0,"enemies":"Nemesis","floor":48.0,"turns":7.0},{"damage":19.0,"enemies":"Time Eater","floor":50.0,"turns":13.0},{"damage":66.0,"enemies":"Shield and Spear","floor":54.0,"turns":9.0},{"damage":24,"enemies":"The Heart","floor":55,"turns":5}],"seed_played":"8253880919601591982","potions_obtained":[{"floor":7.0,"key":"Fire Potion"},{"floor":14.0,"key":"SteroidPotion"},{"floor":16.0,"key":"Dexterity Potion"},{"floor":29.0,"key":"FocusPotion"},{"floor":47.0,"key":"SteroidPotion"}],"is_trial":false,"path_per_floor":["M","?","M","M","M","R","M","E","T","$","E","R","?","M","R","B",null,"M","M","T","?","M","E","?","R","T","E","R","E","$","?","R","B",null,"M","M","?","M","$","E","R","E","T","R","$","M","M","E","R","B",null,"R","$","E","B"],"character_chosen":"DEFECT","items_purchased":["Oddly Smooth Stone","FTL","Lee\u0027s Waffle","Heatsinks","Creative AI","Defragment"],"campfire_rested":1,"item_purchase_floors":[10,10,30,39,45,53],"current_hp_per_floor":[64,64,64,54,52,52,35,21,21,21,19,40,40,40,40,40,63,63,63,63,63,59,46,46,46,46,42,42,39,85,85,85,38,73,73,73,73,41,41,20,35,47,53,71,71,71,71,71,91,72,86,91,91,37,19],"gold":53,"neow_bonus":"RANDOM_COMMON_RELIC","is_prod":false,"is_daily":false,"chose_seed":false,"campfire_upgraded":8,"win_rate":0,"timestamp":1551655006,"path_taken":["M","?","M","M","M","R","M","E","T","$","E","R","?","M","R","BOSS","M","M","?","?","?","E","?","R","T","E","R","E","$","?","R","BOSS","M","M","?","?","$","E","R","E","T","R","$","M","M","E","R","BOSS","R","$","E","BOSS"],"build_version":"2019-02-06","purchased_purges":0,"victory":false,"max_hp_per_floor":[71,71,71,71,71,71,71,71,71,71,71,71,71,71,71,71,71,71,71,71,71,71,71,71,71,71,71,71,78,85,85,85,85,85,85,85,85,85,85,85,85,85,91,91,91,91,91,91,91,91,91,91,91,91,91],"card_choices":[{"not_picked":["Leap","Rebound"],"picked":"Ball Lightning","floor":1.0},{"not_picked":["Double Energy","Rebound"],"picked":"Go for the Eyes","floor":3.0},{"not_picked":["Force Field","Steam Power"],"picked":"Ball Lightning","floor":4.0},{"not_picked":["Barrage","Cold Snap"],"picked":"Undo","floor":5.0},{"not_picked":["Heatsinks","Darkness"],"picked":"Ball Lightning","floor":7.0},{"not_picked":["Force Field","Rebound"],"picked":"Hologram","floor":8.0},{"not_picked":["Gash","Beam Cell"],"picked":"Conserve Battery","floor":11.0},{"not_picked":["Chill","Steam Power"],"picked":"Seek","floor":14.0},{"not_picked":["Machine Learning","Rainbow"],"picked":"Electrodynamics","floor":16.0},{"not_picked":["Steam","Gash","Steam Power"],"picked":"SKIP","floor":18.0},{"not_picked":["Redo","Turbo","Rebound"],"picked":"SKIP","floor":19.0},{"not_picked":["Cold Snap","Lockon"],"picked":"Skim","floor":22.0},{"not_picked":["Gash","Multi-Cast","Leap"],"picked":"SKIP","floor":22.0},{"not_picked":["Heatsinks","Gash"],"picked":"Reboot","floor":23.0},{"not_picked":["Skim","Redo","Chaos"],"picked":"SKIP","floor":27.0},{"not_picked":["Lockon","Streamline"],"picked":"Loop","floor":29.0},{"not_picked":["Electrodynamics","Amplify"],"picked":"Buffer","floor":33.0},{"not_picked":["Aggregate","Streamline+1"],"picked":"BootSequence+1","floor":35.0},{"not_picked":["Turbo","Rebound","Redo"],"picked":"SKIP","floor":35.0},{"not_picked":["Turbo","Rebound","Redo"],"picked":"SKIP","floor":35.0},{"not_picked":["Auto Shields+1","Hologram"],"picked":"Recycle","floor":36.0},{"not_picked":["Streamline","Cold Snap","Redo"],"picked":"SKIP","floor":36.0},{"not_picked":["Streamline","Melter"],"picked":"Stack+1","floor":38.0},{"not_picked":["Machine Learning","Gash","Steam"],"picked":"SKIP","floor":38.0},{"not_picked":["Sweeping Beam","Streamline+1","Hyperbeam"],"picked":"SKIP","floor":40.0},{"not_picked":["Barrage","Conserve Battery"],"picked":"Cold Snap+1","floor":42.0},{"not_picked":["Gash","Chill"],"picked":"Consume","floor":46.0},{"not_picked":["Gash+1","Doom and Gloom+1","Skim"],"picked":"SKIP","floor":46.0},{"not_picked":["Doom and Gloom","FTL"],"picked":"Undo+1","floor":47.0},{"not_picked":["Sweeping Beam","Compile Driver","Go for the Eyes"],"picked":"SKIP","floor":47.0},{"not_picked":["Rip and Tear","Darkness"],"picked":"Capacitor","floor":48.0},{"not_picked":["Consume+1","Gash","Rebound+1"],"picked":"Defragment","floor":54.0}],"player_experience":755803,"relics_obtained":[{"floor":8.0,"key":"Art of War"},{"floor":9.0,"key":"Bottled Lightning"},{"floor":11.0,"key":"Boot"},{"floor":20.0,"key":"Prayer Wheel"},{"floor":23.0,"key":"Dead Branch"},{"floor":27.0,"key":"Meat on the Bone"},{"floor":29.0,"key":"Strawberry"},{"floor":40.0,"key":"Darkstone Periapt"},{"floor":42.0,"key":"Vajra"},{"floor":43.0,"key":"Dodecahedron"},{"floor":48.0,"key":"Question Card"},{"floor":54.0,"key":"Bird Faced Urn"}],"event_choices":[{"damage_healed":0.0,"max_hp_gain":0.0,"max_hp_loss":0.0,"gold_gain":0.0,"event_name":"Living Wall","player_choice":"Grow","floor":2.0,"gold_loss":0.0,"damage_taken":0.0,"cards_upgraded":["Zap"]},{"damage_healed":0.0,"max_hp_gain":0.0,"max_hp_loss":0.0,"gold_gain":0.0,"event_name":"Match and Keep!","player_choice":"0 cards matched","floor":13.0,"gold_loss":0.0,"damage_taken":0.0,"cards_obtained":[]},{"cards_removed":["Clumsy"],"damage_healed":0.0,"max_hp_gain":0.0,"max_hp_loss":0.0,"gold_gain":0.0,"event_name":"Bonfire Elementals","player_choice":"Offered Curse","floor":21.0,"gold_loss":0.0,"damage_taken":0.0,"relics_obtained":["Spirit Poop"]},{"damage_healed":0.0,"max_hp_gain":0.0,"max_hp_loss":0.0,"gold_gain":0.0,"event_name":"Back to Basics","player_choice":"Simplicity","floor":24.0,"gold_loss":0.0,"damage_taken":0.0,"cards_upgraded":["Strike_B","Strike_B","Strike_B","Strike_B","Defend_B","Defend_B","Defend_B","Defend_B"]},{"damage_healed":0.0,"max_hp_gain":0.0,"max_hp_loss":0.0,"gold_gain":0.0,"event_name":"The Mausoleum","player_choice":"Ignored","floor":31.0,"gold_loss":0.0,"damage_taken":0.0},{"cards_removed":["Doubt"],"damage_healed":0.0,"max_hp_gain":0.0,"max_hp_loss":0.0,"gold_gain":0.0,"event_name":"Designer","player_choice":"Upgrade and Remove","floor":37.0,"gold_loss":110.0,"damage_taken":0.0,"cards_upgraded":["FTL"]}],"is_beta":true,"boss_relics":[{"not_picked":["Busted Crown","Black Star"],"picked":"Cursed Key"},{"not_picked":["White Beast Statue","FrozenCore"],"picked":"Eternal Feather"}],"items_purged_floors":[],"is_endless":false,"potions_floor_spawned":[7,14,16,18,22,29,33,35,36,47],"killed_by":"The Heart","ascension_level":15}