{"gold_per_floor":[113,133,147,164,175,175,209,209,209,209,222,239,251,276,276,375,375,391,391,128,143,163,163,173,184,184,184],"floor_reached":27,"playtime":4295,"items_purged":["Strike_B"],"score":231,"play_id":"c41760f7-8304-462b-811f-c04e215749bc","local_time":"20190404104532","is_ascension_mode":false,"campfire_choices":[{"floor":6,"key":"REST"},{"data":"Fusion","floor":8,"key":"SMITH"},{"floor":15,"key":"REST"},{"floor":23,"key":"REST"}],"neow_cost":"NONE","seed_source_timestamp":1208320751257773,"circlet_count":0,"master_deck":["Strike_B+1","Strike_B+1","Defend_B","Defend_B","Defend_B","Defend_B","Zap","Dualcast","Defragment","Fusion","Redo","White Noise","Ball Lightning","Fusion+1","Rainbow","Go for the Eyes","White Noise","Reprogram","Amplify","BootSequence","Double Energy","FTL","Storm","Capacitor","Steam","Static Discharge","Heatsinks"],"relics":["FrozenCore","Whetstone","Peace Pipe","Bottled Flame","StoneCalendar"],"potions_floor_usage":[7,7,7,14,25,27],"damage_taken":[{"damage":5,"enemies":"Small Slimes","floor":1,"turns":4},{"damage":1,"enemies":"Jaw Worm","floor":2,"turns":4},{"damage":4,"enemies":"2 Louse","floor":3,"turns":4},{"damage":7,"enemies":"Looter","floor":4,"turns":4},{"damage":26,"enemies":"Lots of Slimes","floor":5,"turns":5},{"damage":15,"enemies":"Lagavulin","floor":7,"turns":7},{"damage":8,"enemies":"2 Fungi Beasts","floor":11,"turns":3},{"damage":8,"enemies":"Red Slaver","floor":12,"turns":2},{"damage":1,"enemies":"Exordium Wildlife","floor":13,"turns":3},{"damage":16,"enemies":"3 Sentries","floor":14,"turns":5},{"damage":30,"enemies":"The Guardian","floor":16,"turns":7},{"damage":24,"enemies":"Chosen","floor":18,"turns":8},{"damage":9,"enemies":"Spheric Guardian","floor":21,"turns":5},{"damage":28,"enemies":"Snecko","floor":22,"turns":5},{"damage":17,"enemies":"Shelled Parasite and Fungi","floor":24,"turns":8},{"damage":9,"enemies":"Cultist and Chosen","floor":25,"turns":6},{"damage":15,"enemies":"Colosseum Slavers","floor":27,"turns":6},{"damage":25,"enemies":"Colosseum Nobs","floor":27,"turns":3}],"seed_played":"-3297767003491139996","potions_obtained":[{"floor":3,"key":"EssenceOfSteel"},{"floor":4,"key":"Ancient Potion"},{"floor":5,"key":"GamblersBrew"},{"floor":7,"key":"LiquidBronze"},{"floor":21,"key":"Regen Potion"},{"floor":24,"key":"SpeedPotion"}],"is_trial":false,"path_per_floor":["M","M","M","M","M","R","E","R","T","?","M","M","M","E","R","B",null,"M","?","$","M","M","R","M","M","T","?"],"character_chosen":"DEFECT","items_purchased":["Double Energy","FTL","Storm"],"campfire_rested":3,"item_purchase_floors":[20,20,20],"current_hp_per_floor":[77,76,72,65,39,63,48,48,48,41,33,25,24,8,32,2,82,58,58,58,49,21,45,28,34,34,0],"gold":184,"neow_bonus":"TEN_PERCENT_HP_BONUS","is_prod":false,"is_daily":false,"chose_seed":false,"campfire_upgraded":1,"win_rate":0.0,"timestamp":1554371132,"path_taken":["M","M","M","M","M","R","E","R","T","?","M","M","M","E","R","BOSS","M","?","$","M","M","R","M","M","T","?"],"build_version":"2019-01-23","purchased_purges":1,"victory":false,"max_hp_per_floor":[82,82,82,82,82,82,82,82,82,82,82,82,82,82,82,82,82,82,82,82,82,82,82,82,82,82,82],"card_choices":[{"not_picked":["Compile Driver","Aggregate"],"picked":"Defragment","floor":1},{"not_picked":["Barrage","Darkness"],"picked":"Fusion","floor":2},{"not_picked":["Compile Driver","Blizzard"],"picked":"Redo","floor":3},{"not_picked":["Aggregate","Darkness"],"picked":"White Noise","floor":4},{"not_picked":["Hologram","Compile Driver"],"picked":"Ball Lightning","floor":5},{"not_picked":["Gash","Conserve Battery"],"picked":"Fusion","floor":7},{"not_picked":["Steam","Go for the Eyes"],"picked":"Rainbow","floor":11},{"not_picked":["Ball Lightning","Gash"],"picked":"Go for the Eyes","floor":12},{"not_picked":["Compile Driver","Melter"],"picked":"White Noise","floor":13},{"not_picked":["Gash","Coolheaded"],"picked":"Reprogram","floor":14},{"not_picked":["Fission","Multi-Cast"],"picked":"Amplify","floor":16},{"not_picked":["Aggregate","Coolheaded"],"picked":"BootSequence","floor":18},{"not_picked":["Chaos","Auto Shields+1"],"picked":"Capacitor","floor":21},{"not_picked":["Compile Driver","Ball Lightning"],"picked":"Steam","floor":22},{"not_picked":["Auto Shields+1","Leap+1"],"picked":"Static Discharge","floor":24},{"not_picked":["FTL","Glacier+1"],"picked":"Heatsinks","floor":25}],"player_experience":28244,"relics_obtained":[{"floor":7,"key":"Whetstone"},{"floor":9,"key":"Peace Pipe"},{"floor":14,"key":"Bottled Flame"},{"floor":26,"key":"StoneCalendar"}],"event_choices":[{"cards_removed":["Strike_B"],"damage_healed":0,"gold_gain":0,"player_choice":"Card Removal","damage_taken":7,"max_hp_gain":0,"max_hp_loss":0,"event_name":"Golden Wing","floor":10,"gold_loss":0},{"damage_healed":0,"gold_gain":0,"player_choice":"Ignored","damage_taken":0,"max_hp_gain":0,"max_hp_loss":0,"event_name":"Ghosts","floor":19,"gold_loss":0},{"damage_healed":0,"gold_gain":0,"player_choice":"Fight","damage_taken":0,"max_hp_gain":0,"max_hp_loss":0,"event_name":"Colosseum","floor":27,"gold_loss":0},{"damage_healed":0,"gold_gain":0,"player_choice":"Fought Nobs","damage_taken":0,"max_hp_gain":0,"max_hp_loss":0,"event_name":"Colosseum","floor":27,"gold_loss":0}],"is_beta":false,"boss_relics":[{"not_picked":["Philosopher\u0027s Stone","Tiny House"],"picked":"FrozenCore"}],"items_purged_floors":[20],"is_endless":false,"potions_floor_spawned":[3,4,5,7,21,24,27],"killed_by":"Colosseum Nobs","ascension_level":0}