{"path_per_floor":["M","$","M","?","M","E","R","?","T","?","M","$","R","M","R","B",null,"M","?","?","?","M","R","M","R","T","$","M","?","M","E","R"],"character_chosen":"IRONCLAD","items_purchased":["Thunderclap","Champion Belt","Armaments"],"gold_per_floor":[116,41,51,51,65,100,100,100,179,209,221,75,75,86,86,188,188,199,199,199,379,392,392,406,406,433,80,97,12,30,56,56],"floor_reached":33,"campfire_rested":2,"playtime":2059,"current_hp_per_floor":[77,77,67,67,73,51,51,35,35,35,40,40,40,45,45,15,64,66,66,66,34,32,32,25,49,49,49,40,40,42,16,40],"items_purged":["Injury","Normality"],"gold":56,"play_id":"4c6aa0da-7324-4e1e-9bb1-787e8daca557","is_prod":false,"is_daily":false,"is_ascension_mode":true,"campfire_upgraded":1,"path_taken":["M","$","M","?","?","E","R","?","T","?","M","$","R","M","R","BOSS","M","?","?","?","M","R","M","R","T","$","M","?","M","E","R","BOSS"],"build_version":"2018-01-25-PROD3","purchased_purges":2,"victory":false,"master_deck":["Strike_R","Strike_R+1","Strike_R","Strike_R","Strike_R","Defend_R","Defend_R+1","Defend_R","Defend_R","Bash","Cleave+1","True Grit+1","Wild Strike","Intimidate","Thunderclap","Uppercut","Offering","Disarm","Dramatic Entrance","Shrug It Off","Pommel Strike","Infernal Blade+1","Armaments+1","Wild Strike","Twin Strike","Wild Strike"],"max_hp_per_floor":[80,80,80,80,80,80,80,80,80,80,80,80,80,80,80,80,80,80,80,80,80,80,80,80,80,80,80,80,80,80,80,80],"relics":["Burning Blood","Shovel","Oddly Smooth Stone","Orichalcum","Molten Egg","Kunai","Prayer Wheel","Ancient Tea Set","Mark of Pain","Singing Bowl","Happy Flower","Champion Belt","Blood Vial","Toxic Egg"],"card_choices":[{"not_picked":["Wild Strike","Corruption"],"picked":"Cleave"},{"not_picked":["Rampage","Anger"],"picked":"True Grit"},{"not_picked":["Havoc","Cleave"],"picked":"Wild Strike"},{"not_picked":["Clothesline","Anger"],"picked":"Intimidate"},{"not_picked":["Spot Weakness","Headbutt"],"picked":"Uppercut"},{"not_picked":["Juggernaut","Feed"],"picked":"Offering"},{"not_picked":["Clothesline","Heavy Blade"],"picked":"Disarm"},{"not_picked":["Pommel Strike","Perfected Strike"],"picked":"Shrug It Off"},{"not_picked":["Iron Wave","Sword Boomerang"],"picked":"Pommel Strike"},{"not_picked":["Corruption","Clash"],"picked":"Infernal Blade"},{"not_picked":["Clash","Thunderclap"],"picked":"Wild Strike"},{"not_picked":["Cleave","Anger"],"picked":"Twin Strike"},{"not_picked":["Pommel Strike","Barricade"],"picked":"Wild Strike"}],"player_experience":222077,"potions_floor_usage":[6,16,16,31,33],"damage_taken":[{"damage":1,"enemies":"2 Louse","floor":1,"turns":3},{"damage":16,"enemies":"Blue Slaver","floor":3,"turns":4},{"damage":0,"enemies":"Small Slimes","floor":5,"turns":3},{"damage":28,"enemies":"Gremlin Nob","floor":6,"turns":5},{"damage":1,"enemies":"3 Louse","floor":11,"turns":4},{"damage":1,"enemies":"Exordium Thugs","floor":14,"turns":4},{"damage":36,"enemies":"Hexaghost","floor":16,"turns":10},{"damage":4,"enemies":"3 Byrds","floor":18,"turns":4},{"damage":8,"enemies":"Shell Parasite","floor":22,"turns":5},{"damage":13,"enemies":"3 Cultists","floor":24,"turns":6},{"damage":19,"enemies":"Snecko","floor":28,"turns":6},{"damage":6,"enemies":"Snake Plant","floor":30,"turns":6},{"damage":34,"enemies":"Gremlin Leader","floor":31,"turns":7},{"damage":42,"enemies":"Automaton","floor":33,"turns":8}],"event_choices":[{"event_name":"Accursed Blacksmith","player_choice":"Rummage","floor":4,"damage_taken":0},{"event_name":"Shining Light","player_choice":"Entered Light","floor":8,"damage_taken":0},{"event_name":"Dead Adventurer","player_choice":"Searched \u00273\u0027 times","floor":10,"damage_taken":0},{"event_name":"Vampires","player_choice":"Ignored","floor":19,"damage_taken":0},{"event_name":"The Woman in Blue","player_choice":"Bought 0 Potions","floor":20,"damage_taken":0},{"event_name":"Knowing Skull","player_choice":"CARD GOLD GOLD ","floor":21,"damage_taken":0},{"event_name":"Addict","player_choice":"Obtained Relic","floor":29,"damage_taken":0}],"boss_relics":[{"not_picked":["Astrolabe","Velvet Choker"],"picked":"Mark of Pain"}],"potions_floor_spawned":[5,6,14,18,30],"seed_played":"-4660970900034533425","killed_by":"Automaton","ascension_level":6,"is_trial":false}