{"path_per_floor":["M","?","M","$","M","E","R","?","T","R","E","$","R","E","R","B",null,"M","M","$"],"character_chosen":"DEFECT","items_purchased":["Molten Egg 2","Sunder","Darkness","Gash+1","Mummified Hand","Leap"],"gold_per_floor":[360,360,375,29,42,69,69,69,69,69,112,50,50,84,84,179,179,204,219,2,2],"floor_reached":21,"campfire_rested":2,"playtime":510,"item_purchase_floors":[4,4,4,12,20,20],"current_hp_per_floor":[57,57,57,57,57,38,59,59,59,59,43,43,43,41,60,36,57,46,8,8,8],"items_purged":[],"gold":2,"score":341,"play_id":"9650a4a0-e0d4-42c7-8da5-52c29b8b34a0","local_time":"20180520224158","is_prod":false,"is_daily":false,"chose_seed":false,"is_ascension_mode":true,"campfire_upgraded":2,"timestamp":1526827318,"campfire_choices":[{"floor":7,"key":"REST"},{"data":"Undo","floor":10,"key":"SMITH"},{"data":"Defragment","floor":13,"key":"SMITH"},{"floor":15,"key":"REST"}],"path_taken":["M","?","M","$","M","E","R","?","T","R","E","$","R","E","R","BOSS","M","M","$","?"],"build_version":"2018-05-18","seed_source_timestamp":1508843263174,"purchased_purges":0,"victory":false,"master_deck":["Strike_B","Strike_B","Strike_B","Strike_B","Defend_B","Defend_B","Defend_B","Defend_B","Zap","Dualcast","AscendersBane","Cold Snap","Undo+1","Sunder+1","Darkness","Consume","Steam","Defragment+1","Gash+1","Loop","Buffer","Barrage+1","Leap"],"max_hp_per_floor":[71,71,71,71,71,71,71,64,64,64,64,64,64,64,64,64,64,64,64,64,64],"relics":["Cracked Core","Molten Egg 2","The Courier","Golden Idol","Dead Branch","Shuriken","Calipers","Lizard Tail","Mummified Hand"],"card_choices":[{"not_picked":["Steam","Barrage"],"picked":"Cold Snap","floor":1},{"not_picked":["Conserve Battery","Coolheaded"],"picked":"Undo","floor":3},{"not_picked":["Stack","Auto Shields"],"picked":"Consume","floor":5},{"not_picked":["Hello World","Consume"],"picked":"Steam","floor":6},{"not_picked":["Reinforced Body","Redo"],"picked":"Defragment","floor":11},{"not_picked":["Self Repair","Biased Cognition"],"picked":"Loop","floor":14},{"not_picked":["Nova+1","All For One+1"],"picked":"Buffer","floor":16},{"not_picked":["Rebound+1","Fusion+1","Beam Cell+1"],"picked":"SKIP","floor":18},{"not_picked":["Beam Cell+1","Rebound+1"],"picked":"Barrage+1","floor":19}],"player_experience":1038651,"potions_floor_usage":[14,16,18,19],"damage_taken":[{"damage":7,"enemies":"Jaw Worm","floor":1,"turns":2},{"damage":0,"enemies":"Cultist","floor":3,"turns":3},{"damage":0,"enemies":"Small Slimes","floor":5,"turns":3},{"damage":19,"enemies":"Lagavulin","floor":6,"turns":6},{"damage":16,"enemies":"Gremlin Nob","floor":11,"turns":4},{"damage":2,"enemies":"3 Sentries","floor":14,"turns":4},{"damage":24,"enemies":"Slime Boss","floor":16,"turns":9},{"damage":19,"enemies":"Spheric Guardian","floor":18,"turns":6},{"damage":38,"enemies":"2 Thieves","floor":19,"turns":4},{"damage":0,"enemies":"Slaver and Parasite","floor":21,"turns":1}],"relics_obtained":[{"floor":6,"key":"The Courier"},{"floor":9,"key":"Dead Branch"},{"floor":11,"key":"Shuriken"},{"floor":14,"key":"Calipers"}],"event_choices":[{"event_name":"Purifier","player_choice":"One Purge","floor":2,"damage_taken":0},{"event_name":"Golden Idol","player_choice":"Lose Max HP","floor":8,"damage_taken":0}],"boss_relics":[{"not_picked":["Calling Bell","Eternal Feather"],"picked":"Lizard Tail"}],"items_purged_floors":[],"potions_floor_spawned":[1,3,5,11,14,19],"seed_played":"-7946914038874950671","killed_by":"Slaver and Parasite","ascension_level":15,"potions_obtained":[{"floor":1,"key":"EssenceOfSteel"},{"floor":3,"key":"EssenceOfSteel"},{"floor":5,"key":"Explosive Potion"},{"floor":11,"key":"Explosive Potion"},{"floor":14,"key":"Regen Potion"},{"floor":19,"key":"Energy Potion"}],"is_trial":false}