{"gold_per_floor":[116,135,34,46,46,81,98,98,146,159,159,174,174,189,189,262,262,275,0,0,16,26,61,81,81,81,111,31,31,42,55,55,127,127,144,144,161,214,234,234,246,246,246,276,276,288,303,75,75,75,75,75,24,51,51],"floor_reached":55,"playtime":4886,"items_purged":["Strike_G"],"score":1394,"play_id":"78a0e255-7b19-4954-b9c0-afde39c22d9e","local_time":"20190401205634","is_ascension_mode":true,"campfire_choices":[{"data":"Neutralize","floor":8.0,"key":"SMITH"},{"floor":13.0,"key":"REST"},{"data":"Noxious Fumes","floor":15.0,"key":"SMITH"},{"floor":25.0,"key":"REST"},{"floor":29.0,"key":"REST"},{"floor":32.0,"key":"REST"},{"floor":40.0,"key":"REST"},{"data":"Footwork","floor":42.0,"key":"SMITH"},{"floor":49.0,"key":"RECALL"},{"data":"Noxious Fumes","floor":52,"key":"SMITH"}],"neow_cost":"NONE","seed_source_timestamp":3284217834043659,"circlet_count":0,"master_deck":["AscendersBane","Defend_G+1","Defend_G","Defend_G","Defend_G","Defend_G","Strike_G","Strike_G","Strike_G+1","Strike_G","Survivor","Neutralize+1","Predator","Backstab","Noxious Fumes+1","Acrobatics","Calculated Gamble+1","Terror+1","Die Die Die","Backflip+1","Dodge and Roll+1","Phantasmal Killer+1","Blade Dance+1","Footwork+1","Acrobatics+1","Neutralize","Distraction+1","Footwork","Cloak And Dagger+1","Expertise+1","Noxious Fumes+1","Blur+1","Leg Sweep+1","Acrobatics+1","Corpse Explosion+1","Expertise+1","PiercingWail+1","Well Laid Plans","Footwork+1","Blur+1","Panacea+1","Night Terror+1","Footwork+1"],"special_seed":0,"relics":["Ring of the Serpent","Toxic Egg 2","Ancient Tea Set","HoveringKite","Centennial Puzzle","Happy Flower","Singing Bowl","Pen Nib","Thread and Needle","Pear","Ninja Scroll"],"potions_floor_usage":[55,55],"damage_taken":[{"damage":0.0,"enemies":"Small Slimes","floor":1.0,"turns":5.0},{"damage":0.0,"enemies":"Jaw Worm","floor":2.0,"turns":3.0},{"damage":2.0,"enemies":"Cultist","floor":4.0,"turns":4.0},{"damage":13.0,"enemies":"Gremlin Nob","floor":6.0,"turns":4.0},{"damage":0.0,"enemies":"Large Slime","floor":7.0,"turns":7.0},{"damage":0.0,"enemies":"2 Fungi Beasts","floor":10.0,"turns":5.0},{"damage":0.0,"enemies":"Exordium Wildlife","floor":12.0,"turns":2.0},{"damage":0.0,"enemies":"Blue Slaver","floor":14.0,"turns":1.0},{"damage":0.0,"enemies":"The Guardian","floor":16.0,"turns":12.0},{"damage":17.0,"enemies":"2 Thieves","floor":18.0,"turns":3.0},{"damage":1.0,"enemies":"Chosen","floor":21.0,"turns":3.0},{"damage":5.0,"enemies":"Snake Plant","floor":22.0,"turns":5.0},{"damage":3.0,"enemies":"Book of Stabbing","floor":23.0,"turns":6.0},{"damage":9.0,"enemies":"Sentry and Sphere","floor":24.0,"turns":6.0},{"damage":17.0,"enemies":"Slavers","floor":27.0,"turns":9.0},{"damage":20.0,"enemies":"Cultist and Chosen","floor":30.0,"turns":6.0},{"damage":3.0,"enemies":"Snecko","floor":31.0,"turns":4.0},{"damage":24.0,"enemies":"Collector","floor":33.0,"turns":9.0},{"damage":2.0,"enemies":"3 Shapes","floor":35.0,"turns":5.0},{"damage":0.0,"enemies":"Orb Walker","floor":37.0,"turns":3.0},{"damage":36.0,"enemies":"2 Orb Walkers","floor":38.0,"turns":4.0},{"damage":0.0,"enemies":"3 Darklings","floor":39.0,"turns":5.0},{"damage":1.0,"enemies":"Jaw Worm Horde","floor":41.0,"turns":5.0},{"damage":19.0,"enemies":"Giant Head","floor":44.0,"turns":15.0},{"damage":13.0,"enemies":"Transient","floor":46.0,"turns":5.0},{"damage":0.0,"enemies":"Spire Growth","floor":47.0,"turns":8.0},{"damage":6,"enemies":"Awakened One","floor":50,"turns":27},{"damage":35,"enemies":"Shield and Spear","floor":54,"turns":7},{"damage":74,"enemies":"The Heart","floor":55,"turns":18}],"seed_played":"-1065185652716871885","potions_obtained":[{"floor":0.0,"key":"GhostInAJar"},{"floor":0.0,"key":"Swift Potion"},{"floor":10.0,"key":"Explosive Potion"},{"floor":16.0,"key":"EssenceOfSteel"},{"floor":22.0,"key":"Strength Potion"},{"floor":27.0,"key":"Ancient Potion"},{"floor":31.0,"key":"GhostInAJar"},{"floor":33.0,"key":"SpeedPotion"},{"floor":46.0,"key":"FearPotion"}],"is_trial":false,"path_per_floor":["M","M","$","M","?","E","M","R","T","M","?","M","R","M","R","B",null,"M","$","?","M","M","E","M","R","T","E","$","R","M","M","R","B",null,"M","?","M","?","M","R","M","R","T","E","?","M","M","$","R","B",null,"R","$","E","B"],"character_chosen":"THE_SILENT","items_purchased":["Noxious Fumes","Acrobatics","Footwork","Acrobatics+1","Centennial Puzzle","Leg Sweep+1","Night Terror+1","PowerPotion"],"campfire_rested":5,"item_purchase_floors":[3,3,19,19,19,28,48,53],"current_hp_per_floor":[59,59,59,57,37,24,24,24,24,24,24,24,43,43,43,43,60,43,43,43,42,37,34,25,44,44,27,27,46,26,25,45,21,56,54,54,54,18,18,38,39,39,39,30,30,19,21,21,21,15,67,67,67,32,0],"gold":51,"neow_bonus":"THREE_SMALL_POTIONS","is_prod":false,"is_daily":false,"chose_seed":false,"campfire_upgraded":4,"win_rate":0,"timestamp":1554166594,"path_taken":["M","M","$","M","?","E","M","R","T","M","?","M","R","M","R","BOSS","M","$","?","?","M","E","M","R","T","E","$","R","M","M","R","BOSS","M","?","M","?","M","R","M","R","T","E","?","M","M","$","R","BOSS","R","$","E","BOSS"],"build_version":"2019-03-15","purchased_purges":1,"victory":false,"max_hp_per_floor":[66,66,66,66,66,66,66,66,66,66,66,66,66,66,66,66,66,66,66,66,66,66,66,66,66,66,66,66,66,66,68,68,68,68,68,68,68,68,68,68,70,70,70,80,80,82,84,84,84,84,84,84,84,84,84],"card_choices":[{"not_picked":["Acrobatics","Accuracy"],"picked":"Predator","floor":1.0},{"not_picked":["Sucker Punch","Underhanded Strike"],"picked":"Backstab","floor":2.0},{"not_picked":["Acrobatics","Deflect","Phantasmal Killer"],"picked":"SKIP","floor":4.0},{"not_picked":["Acrobatics","Heel Hook"],"picked":"Calculated Gamble","floor":6.0},{"not_picked":["Cloak And Dagger+1","Dagger Throw"],"picked":"Terror+1","floor":7.0},{"not_picked":["Poisoned Stab","Flying Knee"],"picked":"Die Die Die","floor":10.0},{"not_picked":["Quick Slash","Crippling Poison+1"],"picked":"Backflip+1","floor":12.0},{"not_picked":["Underhanded Strike","Choke"],"picked":"Dodge and Roll+1","floor":14.0},{"not_picked":["Grand Finale","Glass Knife"],"picked":"Phantasmal Killer+1","floor":16.0},{"not_picked":["Dagger Throw","Accuracy"],"picked":"Blade Dance+1","floor":18.0},{"not_picked":["Dagger Throw","Deflect+1"],"picked":"Footwork","floor":21.0},{"not_picked":["Dagger Spray","Blade Dance+1"],"picked":"Cloak And Dagger+1","floor":22.0},{"not_picked":["Calculated Gamble+1","Grand Finale"],"picked":"Expertise+1","floor":23.0},{"not_picked":["Dagger Spray","Calculated Gamble+1"],"picked":"Noxious Fumes","floor":24.0},{"not_picked":["Slice","Bouncing Flask+1"],"picked":"Blur+1","floor":27.0},{"not_picked":["Prepared+1","Sucker Punch"],"picked":"Acrobatics+1","floor":30.0},{"not_picked":["Deflect+1","Terror+1","Endless Agony"],"picked":"Singing Bowl","floor":31.0},{"not_picked":["Storm of Steel+1","Tools of the Trade"],"picked":"Corpse Explosion+1","floor":33.0},{"not_picked":["Quick Slash","Masterful Stab"],"picked":"Expertise+1","floor":35.0},{"not_picked":["Poisoned Stab","Dagger Throw"],"picked":"PiercingWail+1","floor":37.0},{"not_picked":["PiercingWail+1","Bouncing Flask+1"],"picked":"Well Laid Plans","floor":38.0},{"not_picked":["Slice+1","Acrobatics+1"],"picked":"Footwork+1","floor":39.0},{"not_picked":["Finisher+1","Dodge and Roll+1","PiercingWail+1"],"picked":"Singing Bowl","floor":41.0},{"not_picked":["A Thousand Cuts","Prepared+1"],"picked":"Blur+1","floor":44.0},{"not_picked":["Deep Breath+1","Purity+1"],"picked":"Panacea+1","floor":45.0},{"not_picked":["Poisoned Stab","Blade Dance+1","Masterful Stab"],"picked":"Singing Bowl","floor":46.0},{"not_picked":["Concentrate+1","Finisher","Cloak And Dagger+1"],"picked":"Singing Bowl","floor":47.0},{"not_picked":["Escape Plan+1","Tools of the Trade"],"picked":"Footwork+1","floor":54}],"player_experience":889341,"relics_obtained":[{"floor":6.0,"key":"Toxic Egg 2"},{"floor":9.0,"key":"Ancient Tea Set"},{"floor":23.0,"key":"Happy Flower"},{"floor":26.0,"key":"Singing Bowl"},{"floor":27.0,"key":"Pen Nib"},{"floor":38.0,"key":"Thread and Needle"},{"floor":44.0,"key":"Pear"},{"floor":54,"key":"Ninja Scroll"}],"event_choices":[{"damage_healed":0.0,"max_hp_gain":0.0,"max_hp_loss":0.0,"gold_gain":0.0,"event_name":"Shining Light","player_choice":"Entered Light","floor":5.0,"gold_loss":0.0,"damage_taken":20.0,"cards_upgraded":["Defend_G","Strike_G"]},{"damage_healed":0.0,"max_hp_gain":0.0,"max_hp_loss":0.0,"gold_gain":0.0,"event_name":"Scrap Ooze","player_choice":"Fled","floor":11.0,"gold_loss":0.0,"damage_taken":0.0},{"damage_healed":0.0,"max_hp_gain":0.0,"max_hp_loss":0.0,"gold_gain":0.0,"event_name":"Match and Keep!","player_choice":"2 cards matched","floor":20.0,"gold_loss":0.0,"damage_taken":0.0,"cards_obtained":["Neutralize","Distraction"]},{"damage_healed":0.0,"max_hp_gain":0.0,"max_hp_loss":0.0,"gold_gain":0.0,"event_name":"Tomb of Lord Red Mask","player_choice":"Ignored","floor":36.0,"gold_loss":0.0,"damage_taken":0.0},{"damage_healed":0.0,"max_hp_gain":0.0,"max_hp_loss":0.0,"gold_gain":0.0,"event_name":"Mysterious Sphere","player_choice":"Fight","floor":38.0,"gold_loss":0.0,"damage_taken":0.0},{"damage_healed":0.0,"max_hp_gain":0.0,"max_hp_loss":0.0,"gold_gain":0.0,"event_name":"SensoryStone","player_choice":"Memory 1","floor":45.0,"gold_loss":0.0,"damage_taken":0.0}],"is_beta":true,"boss_relics":[{"not_picked":["Tiny House","Black Star"],"picked":"HoveringKite"},{"not_picked":["Velvet Choker","Calling Bell"],"picked":"Ring of the Serpent"}],"items_purged_floors":[48],"is_endless":false,"potions_floor_spawned":[1,2,10,16,22,27,31,33,37,38,46,47],"killed_by":"The Heart","ascension_level":15}