{"gold_per_floor":[11,28,39,39,25,25,59,59,86,86,86,117,67,242,242,242],"floor_reached":16,"playtime":1074,"items_purged":["Strike_R"],"score":113,"play_id":"dea9122d-76ce-46d1-81c8-a1049b2a1300","local_time":"20190410224326","is_ascension_mode":true,"campfire_choices":[{"floor":6,"key":"REST"},{"floor":8,"key":"REST"},{"floor":10,"key":"RECALL"},{"floor":15,"key":"REST"}],"neow_cost":"NO_GOLD","seed_source_timestamp":394672919174953,"circlet_count":0,"master_deck":["Strike_R","Strike_R","Strike_R","Strike_R","Defend_R","Defend_R+1","Defend_R+1","Defend_R","Bash","Dark Embrace","True Grit","Warcry","Impervious","Armaments","Immolate","Flame Barrier","Doubt"],"relics":["Burning Blood","Golden Idol","Smiling Mask","Lantern","War Paint"],"potions_floor_usage":[7,7,12,16],"damage_taken":[{"damage":2,"enemies":"Small Slimes","floor":1,"turns":4},{"damage":3,"enemies":"Jaw Worm","floor":2,"turns":5},{"damage":5,"enemies":"Cultist","floor":3,"turns":4},{"damage":26,"enemies":"Exordium Thugs","floor":5,"turns":5},{"damage":23,"enemies":"Gremlin Nob","floor":7,"turns":5},{"damage":39,"enemies":"Lagavulin","floor":12,"turns":8},{"damage":71,"enemies":"Hexaghost","floor":16,"turns":15}],"seed_played":"7775022136623076851","potions_obtained":[{"floor":2,"key":"FearPotion"},{"floor":5,"key":"Weak Potion"},{"floor":7,"key":"Fruit Juice"},{"floor":12,"key":"Energy Potion"}],"is_trial":false,"path_per_floor":["M","M","M","?","M","R","E","R","T","R","T","E","$","?","R","B"],"character_chosen":"IRONCLAD","items_purchased":[],"campfire_rested":3,"item_purchase_floors":[],"current_hp_per_floor":[80,80,80,60,40,64,47,71,71,71,71,43,43,43,68,0],"gold":242,"neow_bonus":"THREE_RARE_CARDS","is_prod":false,"is_daily":false,"chose_seed":false,"campfire_upgraded":0,"win_rate":0,"timestamp":1554932606,"path_taken":["M","M","M","?","M","R","E","R","T","R","?","E","$","?","R","BOSS"],"build_version":"2019-01-23","purchased_purges":1,"victory":false,"max_hp_per_floor":[80,80,80,80,80,80,80,80,80,80,80,85,85,85,85,85],"card_choices":[{"not_picked":["Barricade","Demon Form"],"picked":"Dark Embrace","floor":0},{"not_picked":["Blood for Blood","Flex"],"picked":"True Grit","floor":1},{"not_picked":["Wild Strike","Rage"],"picked":"Warcry","floor":2},{"not_picked":["Thunderclap","Cleave"],"picked":"Impervious","floor":3},{"not_picked":["Thunderclap","Sword Boomerang"],"picked":"Armaments","floor":5},{"not_picked":["Body Slam","Burning Pact"],"picked":"Immolate","floor":7},{"not_picked":["Body Slam","Brutality"],"picked":"Flame Barrier","floor":12}],"player_experience":88034,"relics_obtained":[{"floor":7,"key":"Smiling Mask"},{"floor":9,"key":"Lantern"},{"floor":12,"key":"War Paint"}],"event_choices":[{"damage_healed":0,"gold_gain":0,"player_choice":"Take Damage","damage_taken":20,"relics_obtained":["Golden Idol"],"max_hp_gain":0,"max_hp_loss":0,"event_name":"Golden Idol","floor":4,"gold_loss":0},{"damage_healed":0,"gold_gain":175,"player_choice":"AGREE","damage_taken":0,"max_hp_gain":0,"max_hp_loss":0,"event_name":"Liars Game","floor":14,"gold_loss":0,"cards_obtained":["Doubt"]}],"is_beta":false,"boss_relics":[],"items_purged_floors":[13],"is_endless":false,"potions_floor_spawned":[2,5,7,12],"killed_by":"Hexaghost","ascension_level":1}