{"gold_per_floor":[114,64,64,74,89,89,123,123,148,173,26,44,71,96,96,193,193,206,206,206,206,219,252,252,265,265,265],"floor_reached":27,"playtime":1031,"items_purged":[],"score":411,"play_id":"73ceb00d-79a2-44eb-a773-4e61184f6674","local_time":"20181201104319","is_ascension_mode":true,"campfire_choices":[{"data":"Sunder","floor":6,"key":"SMITH"},{"data":"Hyperbeam","floor":8,"key":"SMITH"},{"floor":15,"key":"REST"},{"data":"Go for the Eyes","floor":24,"key":"SMITH"}],"neow_cost":"NONE","seed_source_timestamp":81339181357540,"circlet_count":0,"master_deck":["AscendersBane","Strike_B","Strike_B","Strike_B","Defend_B","Defend_B","Defend_B","Defend_B","Zap+1","Dualcast","Sunder+1","Beam Cell","Sweeping Beam","Hyperbeam+1","Go for the Eyes+1","Auto Shields","Undo","Steam","Echo Form","Fission","FTL+1","Writhe","Genetic Algorithm+1","Leap"],"relics":["Cracked Core","Happy Flower","Gremlin Horn","Juzu Bracelet","Regal Pillow","Sozu","Pen Nib","Dead Branch","Orichalcum","Blue Candle"],"potions_floor_usage":[14,16,18,23],"damage_taken":[{"damage":0,"enemies":"Jaw Worm","floor":1,"turns":3},{"damage":0,"enemies":"Small Slimes","floor":4,"turns":2},{"damage":0,"enemies":"2 Louse","floor":5,"turns":2},{"damage":40,"enemies":"3 Sentries","floor":7,"turns":6},{"damage":0,"enemies":"Gremlin Nob","floor":10,"turns":2},{"damage":0,"enemies":"Large Slime","floor":12,"turns":3},{"damage":20,"enemies":"Lagavulin","floor":14,"turns":4},{"damage":8,"enemies":"Hexaghost","floor":16,"turns":9},{"damage":3,"enemies":"2 Thieves","floor":18,"turns":3},{"damage":3,"enemies":"3 Byrds","floor":22,"turns":4},{"damage":27,"enemies":"Slavers","floor":23,"turns":2},{"damage":22,"enemies":"Snake Plant","floor":25,"turns":4},{"damage":18,"enemies":"Book of Stabbing","floor":27,"turns":3}],"seed_played":"1522585260829109573","potions_obtained":[{"floor":1,"key":"Dexterity Potion"},{"floor":4,"key":"FearPotion"},{"floor":7,"key":"FearPotion"},{"floor":14,"key":"Fire Potion"}],"is_trial":false,"path_per_floor":["M","?","?","M","M","R","E","R","T","E","$","M","T","E","R","B",null,"M","?","?","T","M","E","R","M","T","E"],"character_chosen":"DEFECT","items_purchased":["Auto Shields","Undo"],"campfire_rested":1,"item_purchase_floors":[11,11],"current_hp_per_floor":[68,68,68,68,68,68,28,28,28,28,28,28,28,8,45,37,66,63,63,63,63,60,33,33,11,11,0],"gold":265,"neow_bonus":"UPGRADE_CARD","is_prod":false,"is_daily":false,"chose_seed":false,"campfire_upgraded":3,"win_rate":0,"timestamp":1543641199,"path_taken":["M","?","?","M","M","R","E","R","T","E","?","M","?","E","R","BOSS","M","?","?","?","M","E","R","M","T","E"],"build_version":"2018-11-15","purchased_purges":0,"victory":false,"max_hp_per_floor":[75,75,75,75,75,75,75,75,75,75,75,75,75,75,75,75,75,75,75,75,75,75,75,75,75,75,75],"card_choices":[{"not_picked":["Chill","Chaos"],"picked":"Sunder","floor":1},{"not_picked":["Reinforced Body","Compile Driver"],"picked":"Beam Cell","floor":4},{"not_picked":["Stack","Redo"],"picked":"Sweeping Beam","floor":5},{"not_picked":["FTL","Sweeping Beam"],"picked":"Hyperbeam","floor":7},{"not_picked":["Doom and Gloom","FTL"],"picked":"Go for the Eyes","floor":10},{"not_picked":["Streamline","Compile Driver"],"picked":"Steam","floor":12},{"not_picked":["Steam","Rip and Tear"],"picked":"Echo Form","floor":14},{"not_picked":["Rainbow","Reboot"],"picked":"Fission","floor":16},{"not_picked":["Sweeping Beam","Rebound+1"],"picked":"FTL+1","floor":18},{"not_picked":["Storm","Force Field","Beam Cell+1"],"picked":"SKIP","floor":22},{"not_picked":["Defragment","Steam"],"picked":"Genetic Algorithm+1","floor":23},{"not_picked":["Ball Lightning","Sweeping Beam"],"picked":"Leap","floor":25}],"player_experience":808496,"relics_obtained":[{"floor":7,"key":"Happy Flower"},{"floor":10,"key":"Gremlin Horn"},{"floor":13,"key":"Juzu Bracelet"},{"floor":14,"key":"Regal Pillow"},{"floor":21,"key":"Dead Branch"},{"floor":23,"key":"Orichalcum"},{"floor":26,"key":"Blue Candle"}],"event_choices":[{"cards_removed":["Strike_B"],"damage_healed":0,"gold_gain":0,"player_choice":"Card Removal","damage_taken":0,"max_hp_gain":0,"max_hp_loss":0,"event_name":"The Cleric","floor":2,"gold_loss":50},{"damage_healed":0,"gold_gain":0,"player_choice":"Ignored","damage_taken":0,"max_hp_gain":0,"max_hp_loss":0,"event_name":"Liars Game","floor":3,"gold_loss":0},{"damage_healed":0,"gold_gain":0,"player_choice":"Ignored","damage_taken":0,"max_hp_gain":0,"max_hp_loss":0,"event_name":"Ghosts","floor":19,"gold_loss":0},{"damage_healed":0,"gold_gain":0,"player_choice":"Opened","damage_taken":0,"relics_obtained":["Pen Nib"],"max_hp_gain":0,"max_hp_loss":0,"event_name":"The Mausoleum","floor":20,"gold_loss":0,"cards_obtained":["Writhe"]}],"is_beta":true,"boss_relics":[{"not_picked":["Fusion Hammer","Nuclear Battery"],"picked":"Sozu"}],"items_purged_floors":[],"is_endless":false,"potions_floor_spawned":[1,4,7,14,18,25],"killed_by":"Book of Stabbing","ascension_level":10}