{"gold_per_floor":[144,189,234,234,279,279,369,369,369,29,74,74,239,284,284,584,584,629,609,681,606,67,157,157,202,202,302,347,437,482,527,527,827,827,872,872,917,457,457,547,769,859,859,25,25,75,125,175,180,185],"floor_reached":51,"playtime":4458,"items_purged":["Strike_G","Strike_G","Strike_G+1","Strike_G+1"],"score":822,"play_id":"3ec2469e-9c60-407d-97c3-74e23628eb3a","local_time":"20180718005309","daily_mods":["Allstar","Midas","Night Terrors"],"is_ascension_mode":false,"campfire_choices":[{"floor":6,"key":"REST"},{"floor":8,"key":"REST"},{"floor":12,"key":"REST"},{"floor":15,"key":"REST"},{"floor":24,"key":"REST"},{"floor":32,"key":"REST"},{"floor":49,"key":"REST"}],"neow_cost":"","seed_source_timestamp":0,"circlet_count":0,"master_deck":["Defend_G+1","Defend_G+1","Defend_G+1","Defend_G+1","Defend_G+1","Survivor+1","Neutralize+1","Secret Weapon+1","Mayhem+1","Jack Of All Trades+1","Master of Strategy+1","Magnetism+1","Acrobatics+1","Cloak And Dagger+1","Flying Knee+1","Malaise+1","Infinite Blades+1","Noxious Fumes+1","Backstab+1","PiercingWail+1","PiercingWail+1","Noxious Fumes+1","A Thousand Cuts+1","Cloak And Dagger+1","Dash+1","A Thousand Cuts+1","Cloak And Dagger+1","Backflip+1","Backflip+1","Accuracy+1","PiercingWail+1","Escape Plan+1","Finisher+1","Footwork+1","Cloak And Dagger+1","Distraction+1","Adrenaline+1","Catalyst+1","Blur+1","Footwork","Catalyst+1","Catalyst","Malaise+1","Dash","Blur","Leg Sweep"],"special_seed":17729,"relics":["Ring of the Snake","Mercury Hourglass","Question Card","Snake Skull","Juzu Bracelet","Orrery","Red Mask","Strawberry","Membership Card","Ninja Scroll","Ice Cream","Dream Catcher","Fusion Hammer","Mark of the Bloom","Mango","Anchor","Blood Vial","Gremlin Horn","Lantern","Calipers","DollysMirror","Blue Candle","MawBank"],"potions_floor_usage":[13,20,20,23,23,28,40,50],"damage_taken":[{"damage":5,"enemies":"Jaw Worm","floor":1,"turns":5},{"damage":1,"enemies":"2 Louse","floor":2,"turns":3},{"damage":0,"enemies":"Cultist","floor":3,"turns":5},{"damage":26,"enemies":"Gremlin Gang","floor":5,"turns":6},{"damage":23,"enemies":"3 Sentries","floor":7,"turns":12},{"damage":4,"enemies":"Blue Slaver","floor":11,"turns":3},{"damage":0,"enemies":"3 Sentries","floor":13,"turns":4},{"damage":0,"enemies":"Large Slime","floor":14,"turns":5},{"damage":29,"enemies":"The Guardian","floor":16,"turns":9},{"damage":3,"enemies":"Chosen","floor":18,"turns":7},{"damage":44,"floor":20,"turns":4},{"damage":8,"enemies":"Gremlin Leader","floor":23,"turns":7},{"damage":7,"enemies":"Spheric Guardian","floor":25,"turns":4},{"damage":11,"enemies":"Snecko","floor":28,"turns":6},{"damage":8,"enemies":"Book of Stabbing","floor":29,"turns":8},{"damage":6,"enemies":"Chosen and Byrds","floor":30,"turns":5},{"damage":8,"enemies":"Centurion and Healer","floor":31,"turns":7},{"damage":32,"enemies":"Collector","floor":33,"turns":10},{"damage":0,"enemies":"3 Shapes","floor":35,"turns":5},{"damage":0,"enemies":"Flame Bruiser 1 Orb","floor":37,"turns":4},{"damage":6,"enemies":"Nemesis","floor":40,"turns":5},{"damage":0,"enemies":"Giant Head","floor":42,"turns":5},{"damage":0,"enemies":"Transient","floor":46,"turns":5},{"damage":4,"enemies":"Spire Growth","floor":47,"turns":3},{"damage":0,"enemies":"Sphere and 2 Shapes","floor":48,"turns":4},{"damage":33,"enemies":"Time Eater","floor":50,"turns":15}],"seed_played":"-6709258171721631228","potions_obtained":[{"floor":7,"key":"SpeedPotion"},{"floor":11,"key":"Explosive Potion"},{"floor":16,"key":"Energy Potion"},{"floor":19,"key":"GamblersBrew"},{"floor":28,"key":"SpeedPotion"},{"floor":29,"key":"SteroidPotion"},{"floor":33,"key":"Ancient Potion"},{"floor":35,"key":"GamblersBrew"},{"floor":47,"key":"Poison Potion"},{"floor":48,"key":"Energy Potion"}],"is_trial":false,"path_per_floor":["M","M","M","?","M","R","E","R","T","$","M","R","?","M","R","B",null,"M","?","?","?","$","E","R","M","T","?","M","E","M","M","R","B",null,"M","?","M","$","?","E","?","E","T","$","T","M","M","M","R","B"],"character_chosen":"THE_SILENT","items_purchased":["Snake Skull","Noxious Fumes","Backstab","Strawberry","Membership Card","Accuracy","PowerPotion","PowerPotion","Mango","Anchor","Calipers","Footwork","DollysMirror","Blue Candle","Catalyst"],"campfire_rested":7,"item_purchase_floors":[10,10,10,22,22,22,22,22,38,38,44,44,44,44,44],"current_hp_per_floor":[65,64,64,69,43,70,47,65,65,65,61,60,60,60,55,26,55,52,52,8,8,15,7,57,50,50,50,39,31,25,17,52,20,52,52,52,52,52,52,46,46,46,46,46,46,46,42,42,42,9],"gold":190,"neow_bonus":"","is_prod":false,"is_daily":true,"chose_seed":false,"campfire_upgraded":0,"win_rate":0,"timestamp":1531855389,"path_taken":["M","M","M","?","M","R","E","R","T","$","M","R","?","M","R","BOSS","M","?","?","?","$","E","R","M","T","?","M","E","M","M","R","BOSS","M","?","M","$","?","E","?","E","T","?","?","M","M","M","R","BOSS"],"build_version":"2018-07-16","purchased_purges":4,"victory":true,"max_hp_per_floor":[70,70,70,75,75,70,70,65,65,65,65,60,60,60,55,55,55,55,55,55,55,62,62,57,57,57,57,57,57,57,57,52,52,52,52,52,52,66,66,66,66,66,66,66,66,66,66,66,61,61],"card_choices":[{"not_picked":["Deflect","Prepared"],"picked":"Acrobatics","floor":1},{"not_picked":["Prepared","Underhanded Strike"],"picked":"Cloak And Dagger","floor":2},{"not_picked":["Quick Slash","Riddle With Holes"],"picked":"Flying Knee","floor":3},{"not_picked":["Dagger Spray","Prepared"],"picked":"Malaise","floor":5},{"not_picked":["Die Die Die","Acrobatics"],"picked":"Infinite Blades","floor":7},{"not_picked":["Outmaneuver","Dodge and Roll","Masterful Stab"],"picked":"PiercingWail","floor":11},{"not_picked":["Dodge and Roll","Deflect","Flying Knee"],"picked":"PiercingWail","floor":13},{"not_picked":["Infinite Blades","Deadly Poison","Backflip"],"picked":"Noxious Fumes","floor":14},{"not_picked":["Night Terror","Doppelganger","Venomology"],"picked":"A Thousand Cuts","floor":16},{"not_picked":["Quick Slash","Deflect","Acrobatics"],"picked":"Cloak And Dagger","floor":17},{"not_picked":["Masterful Stab","Heel Hook","Slice"],"picked":"Dash","floor":17},{"not_picked":["Backflip","Slice","Acrobatics"],"picked":"A Thousand Cuts","floor":17},{"not_picked":["Leg Sweep","Dagger Throw","Acrobatics"],"picked":"Cloak And Dagger","floor":17},{"not_picked":["Dodge and Roll","Deflect","Expertise"],"picked":"Backflip","floor":17},{"not_picked":["Expertise","Masterful Stab","Acrobatics","Prepared"],"picked":"SKIP","floor":18},{"not_picked":["Prepared","Deflect+1","Night Terror"],"picked":"Backflip+1","floor":20},{"not_picked":["Terror+1","Sucker Punch+1","Bane"],"picked":"PiercingWail","floor":23},{"not_picked":["PiercingWail","Backflip","Outmaneuver"],"picked":"Escape Plan","floor":25},{"not_picked":["Dagger Spray","Skewer","Choke"],"picked":"Finisher","floor":28},{"not_picked":["Quick Slash","Distraction","Prepared"],"picked":"Footwork","floor":29},{"not_picked":["Sucker Punch","Prepared+1","Predator","Crippling Poison"],"picked":"SKIP","floor":30},{"not_picked":["Heel Hook+1","Caltrops","Deadly Poison"],"picked":"Cloak And Dagger+1","floor":31},{"not_picked":["Dagger Throw+1","Sucker Punch","Crippling Poison+1"],"picked":"Distraction+1","floor":32},{"not_picked":["Glass Knife","Unload","Phantasmal Killer"],"picked":"Adrenaline","floor":33},{"not_picked":["PiercingWail+1","Underhanded Strike","Acrobatics"],"picked":"Catalyst+1","floor":35},{"not_picked":["Dagger Spray","Bane","Reflex","Slice"],"picked":"SKIP","floor":37},{"not_picked":["Flying Knee","Distraction","Deflect+1","Acrobatics"],"picked":"SKIP","floor":40},{"not_picked":["Underhanded Strike+1","Escape Plan","Tools of the Trade"],"picked":"Blur+1","floor":42},{"not_picked":["Deflect","Flying Knee+1","Outmaneuver"],"picked":"Malaise+1","floor":46},{"not_picked":["Outmaneuver+1","PiercingWail","Cloak And Dagger+1"],"picked":"Dash","floor":47},{"not_picked":["Dodge and Roll","Dagger Spray+1","Distraction"],"picked":"Blur","floor":48},{"not_picked":["Bane+1","Dagger Throw","Dodge and Roll"],"picked":"Leg Sweep","floor":49}],"player_experience":248889,"relics_obtained":[{"floor":7,"key":"Mercury Hourglass"},{"floor":9,"key":"Question Card"},{"floor":20,"key":"Red Mask"},{"floor":23,"key":"Ninja Scroll"},{"floor":26,"key":"Ice Cream"},{"floor":29,"key":"Dream Catcher"},{"floor":40,"key":"Blood Vial"},{"floor":42,"key":"Gremlin Horn"},{"floor":43,"key":"Lantern"},{"floor":45,"key":"MawBank"}],"event_choices":[{"event_name":"Big Fish","player_choice":"Donut","floor":4,"damage_taken":0},{"event_name":"Dead Adventurer","player_choice":"Searched \u00272\u0027 times","floor":13,"damage_taken":0},{"event_name":"The Woman in Blue","player_choice":"Bought 1 Potion","floor":19,"damage_taken":0},{"event_name":"Masked Bandits","player_choice":"Fought over 609 gold","floor":20,"damage_taken":0},{"event_name":"Beggar","player_choice":"Gave Gold","floor":21,"damage_taken":0},{"event_name":"Golden Shrine","player_choice":"Pray","floor":27,"damage_taken":0},{"event_name":"MindBloom","player_choice":"Upgrade","floor":36,"damage_taken":0},{"event_name":"Accursed Blacksmith","player_choice":"Ignore","floor":39,"damage_taken":0},{"event_name":"Tomb of Lord Red Mask","player_choice":"Wore Mask","floor":41,"damage_taken":0}],"boss_relics":[{"not_picked":["Tiny House","HoveringKite"],"picked":"Orrery"},{"not_picked":["Astrolabe","Cursed Key"],"picked":"Fusion Hammer"}],"items_purged_floors":[10,22,38,44],"is_endless":false,"potions_floor_spawned":[7,11,16,28,29,33,35,37,47,48],"ascension_level":0}