{"path_per_floor":["M","?","M","M","M","R","E","$","T","R","?","T","M","$","R","B",null,"M","?"],"character_chosen":"DEFECT","items_purchased":["Runic Capacitor","Leap"],"gold_per_floor":[113,113,133,144,164,164,192,117,117,117,267,267,280,21,21,100,100,100,100,100],"floor_reached":20,"campfire_rested":1,"playtime":511,"current_hp_per_floor":[52,52,52,50,49,49,33,37,37,37,43,43,28,28,52,19,66,51,28,0],"items_purged":["Strike_B"],"gold":100,"score":301,"play_id":"956f8cae-1b5d-457c-ab01-4a90bbd1e130","local_time":"20180518130426","is_prod":false,"is_daily":false,"chose_seed":false,"is_ascension_mode":true,"campfire_upgraded":2,"timestamp":1526619866,"campfire_choices":[{"data":"Streamline","floor":6,"key":"SMITH"},{"data":"Hologram","floor":10,"key":"SMITH"},{"floor":15,"key":"REST"}],"path_taken":["M","?","M","M","M","R","E","?","T","R","?","?","M","$","R","BOSS","M","?","M"],"build_version":"2018-05-17","seed_source_timestamp":693606280871698,"purchased_purges":1,"victory":false,"master_deck":["Strike_B","Strike_B","Strike_B","Defend_B","Defend_B","Defend_B","Defend_B","Zap","Dualcast","AscendersBane","White Noise","Streamline+1","Hologram+1","Storm","Nova","Doubt","Go for the Eyes","Leap","Echo Form","Barrage+1"],"max_hp_per_floor":[71,71,71,71,71,71,71,75,75,75,81,81,81,81,81,81,81,81,86,86],"relics":["Cracked Core","Pen Nib","Ice Cream","Darkstone Periapt","Orichalcum","Runic Capacitor","Ectoplasm"],"card_choices":[{"not_picked":["Ball Lightning","Turbo"],"picked":"White Noise","floor":1.0},{"not_picked":["Skim","Double Energy"],"picked":"Streamline","floor":3},{"not_picked":["Steam Power","Genetic Algorithm"],"picked":"Hologram","floor":4},{"not_picked":["Chaos","Heatsinks"],"picked":"Storm","floor":5},{"not_picked":["Streamline","Hologram"],"picked":"Nova","floor":7},{"not_picked":["Ball Lightning","Skim"],"picked":"Go for the Eyes","floor":13},{"not_picked":["Reboot","Multi-Cast"],"picked":"Echo Form","floor":16},{"not_picked":["Tempest","Hologram"],"picked":"Barrage+1","floor":18}],"player_experience":998992,"potions_floor_usage":[8],"damage_taken":[{"damage":12.0,"enemies":"2 Louse","floor":1.0,"turns":3.0},{"damage":0,"enemies":"Cultist","floor":3,"turns":4},{"damage":2,"enemies":"Jaw Worm","floor":4,"turns":3},{"damage":1,"enemies":"2 Fungi Beasts","floor":5,"turns":3},{"damage":16,"enemies":"Lagavulin","floor":7,"turns":7},{"damage":15,"enemies":"Lots of Slimes","floor":13,"turns":5},{"damage":33,"enemies":"Slime Boss","floor":16,"turns":9},{"damage":15,"enemies":"Shell Parasite","floor":18,"turns":6},{"damage":28,"enemies":"3 Byrds","floor":20,"turns":2}],"relics_obtained":[{"floor":7,"key":"Ice Cream"},{"floor":9,"key":"Darkstone Periapt"},{"floor":12,"key":"Orichalcum"}],"event_choices":[{"event_name":"Wheel of Change","player_choice":"Relic","floor":2,"damage_taken":0},{"event_name":"Liars Game","player_choice":"agreed","floor":11,"damage_taken":0},{"event_name":"Forgotten Altar","player_choice":"Shed Blood","floor":19,"damage_taken":0}],"boss_relics":[{"not_picked":["Black Star","Pandora\u0027s Box"],"picked":"Ectoplasm"}],"potions_floor_spawned":[1,7,13,16],"seed_played":"-5218899391100502986","killed_by":"3 Byrds","ascension_level":15,"potions_obtained":[{"floor":1.0,"key":"SkillPotion"},{"floor":7,"key":"Fruit Juice"},{"floor":13,"key":"Energy Potion"},{"floor":16,"key":"GamblersBrew"}],"is_trial":false}