{"path_per_floor":["M","?","M","?","M","E","R","E","T","M","E","M","E","M","R","B",null,"M","M","?","$","?","E","R","E","T","E","M","M","?","E","R","B",null,"M","$","M","M","M","E","R","?","T","R","M","?","E","?","R","B"],"character_chosen":"DEFECT","items_purchased":["Glacier","DataDisk","Capacitor","Strawberry","Thread and Needle"],"gold_per_floor":[119,119,137,137,149,174,174,208,208,222,248,259,289,309,309,412,412,432,443,443,1,1,27,27,57,57,90,101,119,119,150,150,246,246,264,13,31,41,57,82,82,82,82,82,94,0,325,325,325,325],"floor_reached":51,"campfire_rested":3,"playtime":2644,"current_hp_per_floor":[68,68,68,50,45,32,56,27,37,43,45,41,31,27,54,31,77,76,39,39,46,46,18,32,34,34,16,26,39,39,41,41,49,49,49,49,42,49,49,48,48,48,48,48,44,44,49,49,49,34],"items_purged":["Strike_B"],"gold":325,"score":1466,"play_id":"7913ae2a-1598-4e3d-94bb-5b5d728d6226","local_time":"20180510133523","is_prod":false,"is_daily":false,"chose_seed":false,"is_ascension_mode":true,"campfire_upgraded":4,"timestamp":1525930523,"path_taken":["M","?","M","?","M","E","R","E","T","M","E","M","E","?","R","BOSS","M","M","?","$","?","E","R","E","T","E","M","M","?","E","R","BOSS","M","$","M","M","M","E","R","?","T","R","M","?","E","?","R","BOSS"],"build_version":"2018-05-08","seed_source_timestamp":0,"purchased_purges":1,"victory":true,"master_deck":["Strike_B+1","Strike_B+1","Defend_B+1","Defend_B+1","Defend_B+1","Defend_B+1","Zap+1","Dualcast","AscendersBane","Cold Snap","Self Repair","Leap","Leap","Thunder Strike","Reinforced Body","Streamline","Hello World","Redo+1","Chaos","Melter","Creative AI","Turbo+1","Buffer+1","Glacier","Capacitor","Ghostly","Ghostly","Ghostly+1","Ghostly","Ghostly+1","White Noise","Undo+1","Turbo+1","BootSequence+1","Consume+1","Defragment","Impulse+1","Amplify+1","Coolheaded+1","Darkness+1","Capacitor+1","Hologram+1","Capacitor+1","Gash+1","Ghostly+1"],"max_hp_per_floor":[82,82,82,82,82,82,82,82,92,92,92,92,92,92,92,92,92,92,92,92,99,49,49,49,49,49,49,49,49,49,49,49,49,49,49,49,49,49,49,49,49,49,49,49,49,49,49,49,49,49],"relics":["Cracked Core","Blood Vial","Cables","Smiling Mask","Pear","Dream Catcher","Bag of Marbles","Sozu","DataDisk","Strawberry","Toxic Egg 2","Bottled Lightning","The Courier","Meat on the Bone","Happy Flower","Lizard Tail","Thread and Needle","Juzu Bracelet","Mummified Hand","Red Mask","Old Coin"],"card_choices":[{"not_picked":["Coolheaded","Steam"],"picked":"Cold Snap","floor":1.0},{"not_picked":["White Noise","Sweeping Beam"],"picked":"Self Repair","floor":3.0},{"not_picked":["Hello World","Melter"],"picked":"Leap","floor":5.0},{"not_picked":["Rip and Tear","Hologram"],"picked":"Leap","floor":6.0},{"not_picked":["Rebound","Sweeping Beam"],"picked":"Thunder Strike","floor":8.0},{"not_picked":["Rebound","Cold Snap"],"picked":"Reinforced Body","floor":10.0},{"not_picked":["Rip and Tear","Beam Cell"],"picked":"Streamline","floor":11.0},{"not_picked":["Leap","Go for the Eyes"],"picked":"Hello World","floor":12.0},{"not_picked":["Beam Cell","Hologram"],"picked":"Redo","floor":13.0},{"not_picked":["Go for the Eyes","Meteor Strike"],"picked":"Chaos","floor":14.0},{"not_picked":["Leap","Skim"],"picked":"Melter","floor":15.0},{"not_picked":["Nova","Rainbow"],"picked":"Creative AI","floor":16.0},{"not_picked":["Axe Kick","Coolheaded"],"picked":"Turbo","floor":18.0},{"not_picked":["Sweeping Beam","Darkness"],"picked":"Buffer","floor":19.0},{"not_picked":["Barrage","Leap"],"picked":"White Noise","floor":23.0},{"not_picked":["Streamline","Cold Snap"],"picked":"Undo","floor":24.0},{"not_picked":["Cold Snap","Leap"],"picked":"Turbo","floor":25.0},{"not_picked":["Rebound","Reprogram"],"picked":"BootSequence","floor":27.0},{"not_picked":["Reprogram","Blizzard"],"picked":"Consume","floor":28.0},{"not_picked":["Darkness","FTL"],"picked":"Defragment","floor":29.0},{"not_picked":["Scrape","Nova"],"picked":"Impulse","floor":31.0},{"not_picked":["Meteor Strike","Creative AI"],"picked":"Amplify","floor":33.0},{"not_picked":["Go for the Eyes","Sweeping Beam"],"picked":"Coolheaded","floor":35.0},{"not_picked":["Streamline","Cold Snap"],"picked":"Darkness","floor":37.0},{"not_picked":["Nova","Streamline"],"picked":"Capacitor","floor":38.0},{"not_picked":["Aggregate","Ball Lightning"],"picked":"Hologram","floor":39.0},{"not_picked":["Chaos","Sweeping Beam"],"picked":"Capacitor","floor":40.0},{"not_picked":["Hologram","Biased Cognition"],"picked":"Gash","floor":47.0}],"player_experience":974927,"potions_floor_usage":[],"damage_taken":[{"damage":7.0,"enemies":"Jaw Worm","floor":1.0,"turns":3.0},{"damage":0.0,"enemies":"Cultist","floor":3.0,"turns":3.0},{"damage":7.0,"enemies":"Small Slimes","floor":5.0,"turns":3.0},{"damage":22.0,"enemies":"3 Sentries","floor":6.0,"turns":9.0},{"damage":38.0,"enemies":"Gremlin Nob","floor":8.0,"turns":5.0},{"damage":3.0,"enemies":"3 Louse","floor":10.0,"turns":4.0},{"damage":7.0,"enemies":"3 Sentries","floor":11.0,"turns":8.0},{"damage":13.0,"enemies":"Exordium Wildlife","floor":12.0,"turns":4.0},{"damage":19.0,"enemies":"Gremlin Nob","floor":13.0,"turns":5.0},{"damage":6.0,"enemies":"Looter","floor":14.0,"turns":2.0},{"damage":32.0,"enemies":"The Guardian","floor":16.0,"turns":15.0},{"damage":10.0,"enemies":"3 Byrds","floor":18.0,"turns":6.0},{"damage":39.0,"enemies":"2 Thieves","floor":19.0,"turns":4.0},{"damage":37.0,"enemies":"Gremlin Leader","floor":23.0,"turns":12.0},{"damage":13.0,"enemies":"Slavers","floor":25.0,"turns":8.0},{"damage":34.0,"enemies":"Book of Stabbing","floor":27.0,"turns":8.0},{"damage":11.0,"enemies":"Centurion and Healer","floor":28.0,"turns":9.0},{"damage":3.0,"enemies":"Snake Plant","floor":29.0,"turns":4.0},{"damage":7.0,"enemies":"Slavers","floor":31.0,"turns":8.0},{"damage":0.0,"enemies":"Champ","floor":33.0,"turns":13.0},{"damage":0.0,"enemies":"3 Darklings","floor":35.0,"turns":7.0},{"damage":26.0,"enemies":"Flame Bruiser 1 Orb","floor":37.0,"turns":6.0},{"damage":0.0,"enemies":"Sphere and 2 Shapes","floor":38.0,"turns":6.0},{"damage":0.0,"enemies":"Maw","floor":39.0,"turns":9.0},{"damage":1.0,"enemies":"2 Orb Walkers","floor":40.0,"turns":5.0},{"damage":21.0,"enemies":"Flame Bruiser 2 Orb","floor":45.0,"turns":8.0},{"damage":0.0,"enemies":"Giant Head","floor":47.0,"turns":11.0},{"damage":22,"enemies":"Time Eater","floor":50,"turns":11}],"event_choices":[{"event_name":"Upgrade Shrine","player_choice":"Upgraded","floor":2.0,"damage_taken":0.0},{"event_name":"Scrap Ooze","player_choice":"success","floor":4.0,"damage_taken":18.0},{"event_name":"Back to Basics","player_choice":"Simplicity","floor":20.0,"damage_taken":0.0},{"event_name":"Ghosts","player_choice":"Became a Ghost","floor":22.0,"damage_taken":0.0},{"event_name":"Drug Dealer","player_choice":"Ignored","floor":30.0,"damage_taken":0.0},{"event_name":"Tomb of Lord Red Mask","player_choice":"Paid","floor":46.0,"damage_taken":0.0},{"event_name":"Duplicator","player_choice":"One dupe","floor":48.0,"damage_taken":0.0}],"boss_relics":[],"potions_floor_spawned":[3,5,6,11,13,16,18,25,27,37,38,40,45,47],"seed_played":"6675537844792483889","ascension_level":11,"is_trial":false}