{"path_per_floor":["M","?","$","M","M","R","M","M","T","R","M","?","E","?","R","B",null,"M","$","M","?","M","R","M","R","T","R","M","E","R","?","R","B",null,"M","M","?","?","$","E","R","M","T","M","E","M","E","?","R","B"],"character_chosen":"IRONCLAD","items_purchased":["Shrug It Off","Metallicize","Kunai"],"gold_per_floor":[112,212,13,28,39,39,49,62,62,62,78,28,57,57,57,152,152,172,72,88,88,107,107,122,122,122,122,135,166,166,166,166,270,270,290,302,302,302,46,71,71,82,161,179,210,225,252,252,252,252],"floor_reached":51,"campfire_rested":0,"playtime":3399,"current_hp_per_floor":[77,77,77,79,80,80,80,80,80,80,77,77,80,80,80,70,80,73,73,61,61,61,61,67,67,67,67,58,68,68,68,68,70,100,102,97,84,84,84,92,92,98,98,95,87,89,97,97,97,73],"items_purged":["Strike_R","Strike_R"],"gold":252,"score":708,"play_id":"e12da665-0507-4293-b7a3-9ad7a7214ff0","is_prod":false,"is_daily":false,"is_ascension_mode":false,"campfire_upgraded":10,"path_taken":["M","?","$","M","M","R","M","M","T","R","M","?","E","?","R","BOSS","M","$","M","?","M","R","M","R","T","R","M","E","R","?","R","BOSS","M","M","?","?","$","E","R","M","T","M","E","M","E","?","R","BOSS"],"build_version":"2018-02-15-PROD1","purchased_purges":2,"victory":true,"master_deck":["Defend_R","Defend_R","Defend_R","Bash","Barricade+1","Shrug It Off+1","Metallicize+1","Body Slam+1","Bloodletting","Body Slam+1","Offering","Flame Barrier+1","Body Slam+1","Body Slam","Shrug It Off+1","Entrench+1","Entrench+1","Pommel Strike","Impervious+1","Armaments+1","Madness","Madness","Pommel Strike+1","Seeing Red+1","Flame Barrier+1"],"max_hp_per_floor":[80,80,80,80,80,80,80,80,80,80,80,80,80,80,80,80,80,80,80,80,80,80,80,82,82,82,82,82,94,94,94,94,96,100,102,102,102,102,102,104,104,104,104,104,106,106,108,108,108,108],"relics":["Burning Blood","Charon\u0027s Ashes","Singing Bowl","Velvet Choker","Art of War","Pear","Orrery","Kunai","Bottled Lightning","Blue Candle","Torii","Shuriken"],"card_choices":[{"not_picked":["Burning Pact","Whirlwind"],"picked":"Body Slam"},{"not_picked":["Sentinel","Flex"],"picked":"Bloodletting"},{"not_picked":["Feed","Clothesline"],"picked":"Body Slam"},{"not_picked":["Exhume","Barricade"],"picked":"Offering"},{"not_picked":["Perfected Strike","Cleave"],"picked":"Flame Barrier"},{"not_picked":["Seeing Red","Heavy Blade"],"picked":"Body Slam"},{"not_picked":["Blood for Blood","Pommel Strike"],"picked":"Shrug It Off"},{"not_picked":["Twin Strike","Dark Embrace"],"picked":"Entrench"},{"not_picked":["Spot Weakness","Perfected Strike"],"picked":"Entrench"},{"not_picked":["Feel No Pain","Perfected Strike"],"picked":"Pommel Strike"},{"not_picked":["Iron Wave","Havoc"],"picked":"Impervious"},{"not_picked":["Second Wind","True Grit"],"picked":"Armaments"},{"not_picked":["Havoc","Intimidate"],"picked":"Pommel Strike"},{"not_picked":["Searing Blow","Wild Strike"],"picked":"Seeing Red"},{"not_picked":["Bloodletting","Whirlwind"],"picked":"Flame Barrier"}],"player_experience":359995,"potions_floor_usage":[16,16,33,40,50,50],"damage_taken":[{"damage":9,"enemies":"Small Slimes","floor":1,"turns":7},{"damage":4,"enemies":"Cultist","floor":4,"turns":6},{"damage":0,"enemies":"2 Louse","floor":5,"turns":3},{"damage":2,"enemies":"Looter","floor":7,"turns":5},{"damage":0,"enemies":"Blue Slaver","floor":8,"turns":6},{"damage":9,"enemies":"3 Louse","floor":11,"turns":6},{"damage":2,"enemies":"Lagavulin","floor":13,"turns":7},{"damage":16,"enemies":"Hexaghost","floor":16,"turns":7},{"damage":13,"enemies":"3 Byrds","floor":18,"turns":6},{"damage":18,"enemies":"Shell Parasite","floor":20,"turns":5},{"damage":6,"enemies":"Chosen and Byrds","floor":22,"turns":4},{"damage":2,"enemies":"Centurion and Healer","floor":24,"turns":6},{"damage":15,"enemies":"Snake Plant","floor":28,"turns":4},{"damage":8,"enemies":"Book of Stabbing","floor":29,"turns":5},{"damage":6,"enemies":"Champ","floor":33,"turns":13},{"damage":4,"enemies":"3 Darklings","floor":35,"turns":5},{"damage":11,"enemies":"Orb Walker","floor":36,"turns":3},{"damage":0,"enemies":"Giant Head","floor":40,"turns":5},{"damage":0,"enemies":"Maw","floor":42,"turns":5},{"damage":9,"enemies":"4 Shapes","floor":44,"turns":5},{"damage":16,"enemies":"Nemesis","floor":45,"turns":5},{"damage":4,"enemies":"Sphere and 2 Shapes","floor":46,"turns":4},{"damage":0,"enemies":"Giant Head","floor":47,"turns":6},{"damage":30,"enemies":"Awakened One","floor":50,"turns":15}],"event_choices":[{"event_name":"Wheel of Change","player_choice":"Gold","floor":2,"damage_taken":0},{"event_name":"The Cleric","player_choice":"Card Removal","floor":12,"damage_taken":0},{"event_name":"Living Wall","player_choice":"Forget","floor":14,"damage_taken":0},{"event_name":"The Library","player_choice":"Read","floor":21,"damage_taken":0},{"event_name":"Bonfire Elementals","player_choice":"BASIC","floor":31,"damage_taken":0},{"event_name":"Winding Halls","player_choice":"Embrace Madness","floor":37,"damage_taken":0},{"event_name":"Upgrade Shrine","player_choice":"Upgraded","floor":38,"damage_taken":0}],"boss_relics":[{"not_picked":["Runic Pyramid","Tiny House"],"picked":"Velvet Choker"},{"not_picked":["Astrolabe","Snecko Eye"],"picked":"Orrery"}],"potions_floor_spawned":[1,11,13,28,29,33,35,36,45],"seed_played":"-6415969780369779250","ascension_level":0,"is_trial":false}