{"path_per_floor":["M","?","M","?","M","R","E","R","T","R","E","R","M","M","R","B",null,"M","?","?","M","M","R","E","$","T","R","M","M","E","M","R","B",null,"M","T","?","$","M","E","M","M","T","R","?","E","R","E","R"],"character_chosen":"IRONCLAD","items_purchased":["Lantern","Toolbox","Rupture"],"gold_per_floor":[113,113,133,133,146,146,172,172,172,172,201,201,212,224,224,328,328,339,339,264,274,286,286,313,238,265,265,285,296,325,343,343,448,448,468,495,495,37,48,75,85,96,96,96,96,126,126,157,157],"floor_reached":50,"campfire_rested":2,"playtime":3445,"current_hp_per_floor":[72,72,70,56,60,60,27,48,48,48,53,53,59,65,65,71,72,64,48,48,54,44,44,32,32,32,53,50,56,61,54,54,42,65,72,72,72,72,59,69,72,72,72,72,62,68,68,66,66],"items_purged":["Strike_R"],"gold":157,"play_id":"12f0a649-efb7-43be-b4b7-277d48aa250f","is_prod":false,"is_daily":false,"is_ascension_mode":true,"campfire_upgraded":9,"path_taken":["M","?","M","?","M","R","E","R","T","R","E","R","?","M","R","BOSS","M","?","?","M","M","R","E","$","T","R","?","M","E","M","R","BOSS","M","?","?","$","M","E","M","M","T","R","?","E","R","E","R","BOSS"],"build_version":"2018-02-01-PROD3","purchased_purges":1,"victory":false,"master_deck":["Strike_R","Strike_R","Strike_R","Defend_R","Defend_R","Defend_R","Bash+1","Flex+1","Swift Strike+1","Shrug It Off+1","Whirlwind+1","Exhume+1","Headbutt","Uppercut+1","Cleave","Limit Break+1","Burning Pact+1","Necronomicurse","Sword Boomerang","Dropkick+1","Shrug It Off+1","Thunderclap+1","Twin Strike+1","Flex","Pommel Strike+1","Brutality+1","Infernal Blade+1","Rupture+1","Dual Wield+1","Heavy Blade+1","Heavy Blade+1","Madness","Madness+1","Whirlwind+1","Disarm+1"],"max_hp_per_floor":[72,72,72,72,72,72,72,72,72,72,72,72,72,72,72,72,72,72,72,72,72,72,72,72,72,72,72,72,72,72,72,72,72,72,72,72,72,72,72,72,72,72,72,72,72,72,72,72,72],"relics":["Black Blood","Thread and Needle","Dream Catcher","Torii","Happy Flower","Mark of Pain","Necronomicon","Blue Candle","Bag of Preparation","Bronze Scales","Anchor","Lantern","Toolbox","Bottled Flame","War Paint","Art of War","Juzu Bracelet"],"card_choices":[{"not_picked":["Rupture","True Grit"],"picked":"Flex"},{"not_picked":["Bloodletting","Body Slam"],"picked":"Shrug It Off"},{"not_picked":["Cleave","Searing Blow"],"picked":"Whirlwind"},{"not_picked":["Cleave","Rupture"],"picked":"Exhume"},{"not_picked":["Body Slam","Warcry"],"picked":"Headbutt"},{"not_picked":["Perfected Strike","Pummel"],"picked":"Uppercut"},{"not_picked":["Perfected Strike","Havoc"],"picked":"Cleave"},{"not_picked":["Impervious","Demon Form"],"picked":"Limit Break"},{"not_picked":["Shrug It Off","Headbutt"],"picked":"Burning Pact"},{"not_picked":["Sentinel","Infernal Blade"],"picked":"Sword Boomerang"},{"not_picked":["Shrug It Off","Disarm"],"picked":"Dropkick"},{"not_picked":["Heavy Blade","Thunderclap"],"picked":"Shrug It Off"},{"not_picked":["Twin Strike","Flex"],"picked":"Thunderclap"},{"not_picked":["Limit Break","Seeing Red"],"picked":"Twin Strike"},{"not_picked":["Rage","Anger"],"picked":"Flex"},{"not_picked":["Cleave","Rampage"],"picked":"Pommel Strike"},{"not_picked":["Feed","Dark Embrace"],"picked":"Brutality"},{"not_picked":["Perfected Strike","Shrug It Off"],"picked":"Infernal Blade"},{"not_picked":["Shrug It Off","Clash"],"picked":"Dual Wield"},{"not_picked":["Headbutt","Armaments"],"picked":"Heavy Blade"},{"not_picked":["Power Through","Sever Soul"],"picked":"Heavy Blade"},{"not_picked":["Uppercut","Twin Strike"],"picked":"Whirlwind"},{"not_picked":["Pummel","Clash"],"picked":"Disarm"}],"player_experience":235157,"potions_floor_usage":[50,50,50],"damage_taken":[{"damage":0.0,"enemies":"2 Louse","floor":1.0,"turns":3.0},{"damage":8.0,"enemies":"Blue Slaver","floor":3.0,"turns":3.0},{"damage":2.0,"enemies":"Jaw Worm","floor":5.0,"turns":2.0},{"damage":39.0,"enemies":"Lagavulin","floor":7.0,"turns":6.0},{"damage":1.0,"enemies":"3 Sentries","floor":11.0,"turns":4.0},{"damage":0.0,"enemies":"Looter","floor":13.0,"turns":2.0},{"damage":0.0,"enemies":"2 Fungi Beasts","floor":14.0,"turns":2.0},{"damage":0.0,"enemies":"Slime Boss","floor":16.0,"turns":5.0},{"damage":14.0,"enemies":"2 Thieves","floor":18.0,"turns":3.0},{"damage":0.0,"enemies":"Spheric Guardian","floor":21.0,"turns":2.0},{"damage":16.0,"enemies":"Cultist and Chosen","floor":22.0,"turns":3.0},{"damage":18.0,"enemies":"Gremlin Leader","floor":24.0,"turns":5.0},{"damage":9.0,"enemies":"Centurion and Healer","floor":28.0,"turns":2.0},{"damage":0.0,"enemies":"3 Cultists","floor":29.0,"turns":2.0},{"damage":1.0,"enemies":"Slavers","floor":30.0,"turns":3.0},{"damage":13.0,"enemies":"Snake Plant","floor":31.0,"turns":2.0},{"damage":18.0,"enemies":"Automaton","floor":33.0,"turns":5.0},{"damage":1.0,"enemies":"3 Darklings","floor":35.0,"turns":2.0},{"damage":23,"enemies":"3 Shapes","floor":39,"turns":4},{"damage":0,"enemies":"2 Orb Walkers","floor":40,"turns":2},{"damage":7,"enemies":"Maw","floor":41,"turns":5},{"damage":0,"enemies":"3 Darklings","floor":42,"turns":1},{"damage":4,"enemies":"Giant Head","floor":46,"turns":5},{"damage":12,"enemies":"2 Orb Walkers","floor":48,"turns":2},{"damage":96,"enemies":"Awakened One","floor":50,"turns":6}],"event_choices":[{"event_name":"Match and Keep!","player_choice":"1 cards matched","floor":2.0,"damage_taken":0.0},{"event_name":"Shining Light","player_choice":"Entered Light","floor":4.0,"damage_taken":0.0},{"event_name":"Cursed Tome","player_choice":"Obtained Book","floor":19.0,"damage_taken":0.0},{"event_name":"Beggar","player_choice":"Gave Gold","floor":20.0,"damage_taken":0.0},{"event_name":"Winding Halls","player_choice":"Embrace Madness","floor":45,"damage_taken":0}],"boss_relics":[],"potions_floor_spawned":[5,7,11,16,18,22,24,29,30,39,46,48],"seed_played":"-5869128238653949913","killed_by":"Awakened One","ascension_level":7,"is_trial":false}