{"gold_per_floor":[116,116,126,145,160,192,204,216,228,258,295,307,353,385,397,409],"floor_reached":16,"playtime":976,"items_purged":[],"score":148,"play_id":"f6d8b91c-d964-4fde-8ba3-55ee9143bb88","local_time":"20180728194514","is_ascension_mode":true,"campfire_choices":[{"data":"Go for the Eyes","floor":12,"key":"SMITH"},{"data":"Hologram","floor":15,"key":"SMITH"}],"neow_cost":"NONE","seed_source_timestamp":32390621082446,"circlet_count":0,"master_deck":["Strike_B","Strike_B","Strike_B","Strike_B","Defend_B","Defend_B","Defend_B","Defend_B","Zap+1","Dualcast","Go for the Eyes+1","Stack","Gash","Hologram+1","Glacier","FTL","Creative AI","Hologram"],"relics":["Cracked Core","Lantern","MawBank","Golden Idol","Gremlin Horn","Calipers"],"potions_floor_usage":[13,14],"damage_taken":[{"damage":0,"enemies":"Small Slimes","floor":1,"turns":2},{"damage":7,"enemies":"2 Louse","floor":3,"turns":2},{"damage":0,"enemies":"Cultist","floor":4,"turns":3},{"damage":2,"enemies":"3 Louse","floor":5,"turns":3},{"damage":15,"enemies":"3 Sentries","floor":6,"turns":8},{"damage":6,"enemies":"2 Fungi Beasts","floor":10,"turns":3},{"damage":0,"enemies":"Blue Slaver","floor":11,"turns":4},{"damage":17,"enemies":"Lagavulin","floor":13,"turns":9},{"damage":10,"enemies":"3 Louse","floor":14,"turns":3},{"damage":15,"enemies":"Hexaghost","floor":16,"turns":11}],"seed_played":"-5566449512630532008","potions_obtained":[{"floor":1,"key":"Weak Potion"},{"floor":3,"key":"SpeedPotion"},{"floor":5,"key":"AttackPotion"}],"is_trial":false,"path_per_floor":["M","?","M","M","M","E","?","?","T","M","M","R","E","M","R"],"character_chosen":"DEFECT","items_purchased":[],"campfire_rested":0,"item_purchase_floors":[],"current_hp_per_floor":[68,68,61,61,59,44,44,44,44,38,38,38,21,11,11,0],"gold":409,"neow_bonus":"RANDOM_COMMON_RELIC","is_prod":false,"is_daily":false,"chose_seed":false,"campfire_upgraded":2,"win_rate":0,"timestamp":1532787314,"path_taken":["M","?","M","M","?","E","?","?","T","M","?","R","E","M","R","BOSS"],"build_version":"2018-07-26","purchased_purges":0,"victory":false,"max_hp_per_floor":[75,75,75,75,75,75,69,69,69,69,69,69,69,69,69,69],"card_choices":[{"not_picked":["Heatsinks","Scrape","Fusion"],"picked":"SKIP","floor":1},{"not_picked":["Beam Cell","Steam"],"picked":"Go for the Eyes","floor":3},{"not_picked":["Redo","Storm"],"picked":"Stack","floor":4},{"not_picked":["Skim","Rebound"],"picked":"Gash","floor":5},{"not_picked":["Conserve Battery","Steam"],"picked":"Hologram","floor":6},{"not_picked":["Rip and Tear","Cold Snap"],"picked":"Glacier","floor":10},{"not_picked":["Darkness","Storm"],"picked":"FTL","floor":11},{"not_picked":["Streamline","Beam Cell"],"picked":"Creative AI","floor":13},{"not_picked":["Beam Cell","Rebound"],"picked":"Hologram","floor":14}],"player_experience":347025,"relics_obtained":[{"floor":6,"key":"MawBank"},{"floor":9,"key":"Gremlin Horn"},{"floor":13,"key":"Calipers"}],"event_choices":[{"event_name":"Golden Wing","player_choice":"Ignored","floor":2,"damage_taken":0},{"event_name":"Golden Idol","player_choice":"Lose Max HP","floor":7,"damage_taken":0},{"event_name":"Living Wall","player_choice":"Grow","floor":8,"damage_taken":0}],"is_beta":true,"boss_relics":[],"items_purged_floors":[],"is_endless":false,"potions_floor_spawned":[1,3,5,10],"killed_by":"Hexaghost","ascension_level":6}