{"gold_per_floor":[213,21,34,49,21,21,51,71,94,94,124,124,139,174,174,253,253,269,259,174,224,75,75,75],"floor_reached":24,"playtime":1351,"items_purged":["Strike_G"],"score":378,"play_id":"0a3c8200-ce27-494d-aba2-eec9c43b695c","local_time":"20190413093113","is_ascension_mode":true,"campfire_choices":[{"data":"Buffer","floor":6.0,"key":"SMITH"},{"data":"Footwork","floor":10.0,"key":"SMITH"},{"floor":12.0,"key":"REST"},{"data":"Footwork","floor":15.0,"key":"SMITH"},{"data":"Neutralize","floor":23.0,"key":"SMITH"}],"neow_cost":"NONE","seed_source_timestamp":173889246920053,"circlet_count":0,"master_deck":["AscendersBane","Defend_G","Defend_G","Defend_G","Defend_G","Defend_G","Strike_G","Strike_G","Strike_G","Strike_G","Survivor","Neutralize+1","Footwork+1","Sucker Punch","Buffer+1","Ball Lightning","Flame Barrier","Footwork+1","Footwork"],"special_seed":0,"relics":["Ring of the Snake","PrismaticShard","Molten Egg 2","Bag of Marbles","Regal Pillow","Dream Catcher","Black Star","Matryoshka"],"potions_floor_usage":[],"damage_taken":[{"damage":0.0,"enemies":"2 Louse","floor":1.0,"turns":5.0},{"damage":0.0,"enemies":"Small Slimes","floor":3.0,"turns":4.0},{"damage":4.0,"enemies":"Cultist","floor":4.0,"turns":4.0},{"damage":0.0,"enemies":"Exordium Thugs","floor":5.0,"turns":5.0},{"damage":6.0,"enemies":"3 Sentries","floor":7.0,"turns":12.0},{"damage":3.0,"enemies":"Looter","floor":8.0,"turns":3.0},{"damage":21.0,"enemies":"Gremlin Nob","floor":11.0,"turns":5.0},{"damage":0.0,"enemies":"Lots of Slimes","floor":13.0,"turns":2.0},{"damage":17.0,"enemies":"3 Sentries","floor":14.0,"turns":10.0},{"damage":3.0,"enemies":"The Guardian","floor":16.0,"turns":17.0},{"damage":1.0,"enemies":"Shell Parasite","floor":18.0,"turns":13.0},{"damage":20.0,"enemies":"2 Thieves","floor":19.0,"turns":4.0},{"damage":0,"enemies":"3 Cultists","floor":24,"turns":1}],"seed_played":"-806888281108564508","potions_obtained":[{"floor":3.0,"key":"Swift Potion"},{"floor":7.0,"key":"SkillPotion"},{"floor":13.0,"key":"Regen Potion"},{"floor":16.0,"key":"Swift Potion"},{"floor":19.0,"key":"Block Potion"}],"is_trial":false,"path_per_floor":["?","?"],"character_chosen":"THE_SILENT","items_purchased":["PrismaticShard","Footwork"],"campfire_rested":1,"item_purchase_floors":[2,22],"current_hp_per_floor":[59,59,59,55,55,55,49,46,46,46,25,59,59,42,42,39,59,58,52,52,46,46,46,46],"gold":75,"neow_bonus":"HUNDRED_GOLD","is_prod":false,"is_daily":false,"chose_seed":false,"campfire_upgraded":4,"win_rate":0,"timestamp":1555165873,"path_taken":["M","$","M","M","M","R","E","M","T","R","E","R","M","E","R","BOSS","M","M","?","?","$","R","M"],"build_version":"2019-01-23","purchased_purges":1,"victory":false,"max_hp_per_floor":[66,66,66,66,66,66,66,66,66,66,66,66,66,66,66,66,66,66,66,66,66,66,66,66],"card_choices":[{"not_picked":["Poisoned Stab","Backflip"],"picked":"Footwork","floor":1.0},{"not_picked":["Forethought","Compile Driver"],"picked":"Sucker Punch","floor":3.0},{"not_picked":["Leap","Escape Plan"],"picked":"Buffer","floor":4.0},{"not_picked":["Streamline","Flex"],"picked":"Ball Lightning","floor":5.0},{"not_picked":["Twin Strike","Mind Blast"],"picked":"Flame Barrier","floor":7.0},{"not_picked":["Streamline+1","Dagger Spray+1"],"picked":"Footwork","floor":8.0},{"not_picked":["Gash+1","Warcry","Trip"],"picked":"SKIP","floor":11.0},{"not_picked":["Steam Power","Distraction","Flying Knee+1"],"picked":"SKIP","floor":13.0},{"not_picked":["Hologram","Redo","Heatsinks"],"picked":"SKIP","floor":14.0},{"not_picked":["Flex","Turbo","Stack"],"picked":"SKIP","floor":18.0},{"not_picked":["Shockwave","Enlightenment","Outmaneuver"],"picked":"SKIP","floor":19.0}],"player_experience":403153,"relics_obtained":[{"floor":7.0,"key":"Molten Egg 2"},{"floor":9.0,"key":"Bag of Marbles"},{"floor":11.0,"key":"Regal Pillow"},{"floor":14.0,"key":"Dream Catcher"}],"event_choices":[{"damage_healed":0.0,"max_hp_gain":0.0,"max_hp_loss":0.0,"gold_gain":0.0,"event_name":"Addict","player_choice":"Obtained Relic","floor":20.0,"gold_loss":85.0,"damage_taken":0.0,"relics_obtained":["Matryoshka"]},{"damage_healed":0.0,"max_hp_gain":0.0,"max_hp_loss":0.0,"gold_gain":50.0,"event_name":"FaceTrader","player_choice":"Touch","floor":21.0,"gold_loss":0.0,"damage_taken":6.0}],"is_beta":false,"boss_relics":[{"not_picked":["WristBlade","Runic Pyramid"],"picked":"Black Star"}],"items_purged_floors":[22],"is_endless":false,"potions_floor_spawned":[3,7,13,16,19],"killed_by":"3 Cultists","ascension_level":15}