{"gold_per_floor":[114,132,132,151,165,191,203,223,223,246,246,280,294,327,327,430,430,440,365,42,61,261,261,281,300,300,331,343,343,362,376,376,480,480,495,495,495,506,160,185,185,215,215,231,249,100,0,13,13,13],"floor_reached":50,"playtime":17928,"items_purged":["Defend_B","Defend_B"],"score":573,"play_id":"9dabcc1f-8d17-4564-8f51-cf305852795e","local_time":"20181209010606","is_ascension_mode":false,"campfire_choices":[{"floor":11,"key":"REST"},{"floor":15,"key":"REST"},{"data":"Zap","floor":23,"key":"SMITH"},{"data":"FTL","floor":32,"key":"SMITH"},{"data":"Coolheaded","floor":41,"key":"SMITH"},{"data":"FTL","floor":49,"key":"SMITH"}],"neow_cost":"NONE","seed_source_timestamp":1371265672999592,"circlet_count":0,"master_deck":["Defend_B","Zap+1","Dualcast","Machine Learning","Coolheaded+1","FTL+1","Tempest+1","Reboot+1","All For One","Stack+1","Coolheaded+1","Conserve Battery+1","Electrodynamics+1","Aggregate+1","Darkness+1","Stack+1","Self Repair+1","Loop+1","White Noise+1","FTL+1","Chill+1","Redo+1","Defragment+1","Ball Lightning+1","Buffer+1","Seek+1","Force Field+1","Discovery+1","Iron Wave+1","Leap+1","Buffer+1","Chaos+1","Conserve Battery+1"],"relics":["Cracked Core","Toxic Egg 2","Ancient Tea Set","Frozen Egg 2","Regal Pillow","PreservedInsect","Bottled Tornado","Astrolabe","Bottled Lightning","Potion Belt","Letter Opener","Nuclear Battery","Membership Card","Whetstone","Pantograph","Mercury Hourglass","Orichalcum","Bronze Scales","Red Mask"],"potions_floor_usage":[6,16,16,16,28,50,50,50,50],"damage_taken":[{"damage":1,"enemies":"Cultist","floor":1,"turns":4},{"damage":0,"enemies":"Jaw Worm","floor":2,"turns":4},{"damage":5,"enemies":"Small Slimes","floor":4,"turns":3},{"damage":2,"enemies":"2 Fungi Beasts","floor":5,"turns":3},{"damage":10,"enemies":"3 Sentries","floor":6,"turns":7},{"damage":8,"enemies":"Red Slaver","floor":7,"turns":3},{"damage":10,"enemies":"Looter","floor":8,"turns":3},{"damage":16,"enemies":"Gremlin Nob","floor":12,"turns":3},{"damage":11,"enemies":"Exordium Thugs","floor":13,"turns":6},{"damage":7,"enemies":"Lagavulin","floor":14,"turns":7},{"damage":21,"enemies":"Hexaghost","floor":16,"turns":9},{"damage":3,"enemies":"Chosen","floor":18,"turns":4},{"damage":15,"enemies":"3 Byrds","floor":21,"turns":3},{"damage":2,"enemies":"3 Cultists","floor":24,"turns":3},{"damage":0,"enemies":"Snake Plant","floor":25,"turns":3},{"damage":16,"enemies":"Book of Stabbing","floor":27,"turns":5},{"damage":5,"enemies":"Shelled Parasite and Fungi","floor":28,"turns":6},{"damage":13,"enemies":"Sentry and Sphere","floor":30,"turns":4},{"damage":9,"enemies":"Cultist and Chosen","floor":31,"turns":4},{"damage":20,"enemies":"Collector","floor":33,"turns":8},{"damage":0,"enemies":"Orb Walker","floor":35,"turns":4},{"damage":10,"enemies":"3 Darklings","floor":38,"turns":6},{"damage":6,"enemies":"Nemesis","floor":40,"turns":7},{"damage":0,"enemies":"Giant Head","floor":42,"turns":8},{"damage":16,"enemies":"Sphere and 2 Shapes","floor":44,"turns":3},{"damage":0,"enemies":"4 Shapes","floor":45,"turns":1},{"damage":1,"enemies":"Transient","floor":48,"turns":5},{"damage":89,"enemies":"Time Eater","floor":50,"turns":10}],"seed_played":"5525063956809641624","potions_obtained":[{"floor":2,"key":"Block Potion"},{"floor":4,"key":"Energy Potion"},{"floor":12,"key":"Strength Potion"},{"floor":14,"key":"Poison Potion"},{"floor":16,"key":"PowerPotion"},{"floor":18,"key":"Block Potion"},{"floor":25,"key":"AttackPotion"},{"floor":28,"key":"Regen Potion"},{"floor":30,"key":"Dexterity Potion"},{"floor":31,"key":"GamblersBrew"},{"floor":40,"key":"Weak Potion"},{"floor":42,"key":"FairyPotion"}],"is_trial":false,"path_per_floor":["M","M","T","M","M","E","M","M","T","T","R","E","M","E","R","B",null,"M","?","$","M","?","R","M","M","T","E","M","?","M","M","R","B",null,"M","?","?","M","$","E","R","E","T","M","M","$","?","M","R","B"],"character_chosen":"DEFECT","items_purchased":["Loop+1","Bottled Lightning","Membership Card","Whetstone","Leap+1","Bronze Scales","Conserve Battery+1"],"campfire_rested":2,"item_purchase_floors":[20,20,39,39,39,46,46],"current_hp_per_floor":[74,74,74,69,67,57,49,39,39,39,75,59,48,41,75,54,75,72,72,72,67,67,67,75,75,75,69,74,74,71,62,62,52,75,75,75,75,75,75,75,75,75,75,59,59,59,59,58,58,0],"gold":13,"neow_bonus":"ONE_RANDOM_RARE_CARD","is_prod":false,"is_daily":false,"chose_seed":false,"campfire_upgraded":4,"win_rate":0.0,"timestamp":1544335566,"path_taken":["M","M","?","M","M","E","M","M","T","?","R","E","M","E","R","BOSS","M","?","$","M","?","R","M","?","T","E","M","?","M","M","R","BOSS","M","?","?","M","$","E","R","E","T","M","?","?","?","M","R","BOSS"],"build_version":"2018-11-15","purchased_purges":2,"victory":false,"max_hp_per_floor":[75,75,75,75,75,75,75,75,75,75,75,75,75,75,75,75,75,75,75,75,75,75,75,75,75,75,75,75,75,75,75,75,75,75,75,75,75,75,75,75,75,75,75,75,75,75,75,75,75,75],"card_choices":[{"not_picked":["Doom and Gloom","Beam Cell"],"picked":"Coolheaded","floor":1},{"not_picked":["Steam","Fusion"],"picked":"FTL","floor":2},{"not_picked":["Streamline","Barrage","Beam Cell"],"picked":"SKIP","floor":4},{"not_picked":["Rebound","Barrage"],"picked":"Tempest+1","floor":5},{"not_picked":["Barrage","Ball Lightning"],"picked":"Reboot+1","floor":6},{"not_picked":["Streamline","Rebound","Blizzard"],"picked":"SKIP","floor":7},{"not_picked":["Melter","Genetic Algorithm+1"],"picked":"All For One","floor":8},{"not_picked":["Aggregate+1","Barrage"],"picked":"Stack+1","floor":12},{"not_picked":["Chaos+1","Compile Driver"],"picked":"Coolheaded+1","floor":13},{"not_picked":["Streamline","Chaos+1"],"picked":"Conserve Battery+1","floor":14},{"not_picked":["Machine Learning+1","All For One"],"picked":"Electrodynamics+1","floor":16},{"not_picked":["Gash","Beam Cell"],"picked":"Self Repair+1","floor":18},{"not_picked":["Stack+1","Gash"],"picked":"White Noise+1","floor":21},{"not_picked":["Double Energy+1","Cold Snap"],"picked":"FTL","floor":24},{"not_picked":["Leap+1","Heatsinks+1"],"picked":"Chill+1","floor":25},{"not_picked":["Leap+1","Tempest+1"],"picked":"Redo+1","floor":27},{"not_picked":["Ball Lightning","Rip and Tear+1"],"picked":"Defragment+1","floor":28},{"not_picked":["Steam+1","Redo+1"],"picked":"Ball Lightning","floor":30},{"not_picked":["Beam Cell","Compile Driver"],"picked":"Buffer+1","floor":31},{"not_picked":["Reboot+1","Machine Learning+1"],"picked":"Seek+1","floor":33},{"not_picked":["Redo+1","Ball Lightning+1"],"picked":"Force Field+1","floor":35},{"not_picked":["Forethought+1","Jack Of All Trades+1"],"picked":"Discovery+1","floor":36},{"not_picked":["Gash","Streamline","Scrape"],"picked":"SKIP","floor":38},{"not_picked":["Gash+1","Barrage","Compile Driver"],"picked":"SKIP","floor":40},{"not_picked":["BootSequence+1","Sweeping Beam"],"picked":"Buffer+1","floor":42},{"not_picked":["Steam+1","Leap+1","Sweeping Beam+1"],"picked":"SKIP","floor":44},{"not_picked":["Ball Lightning+1","Conserve Battery+1"],"picked":"Chaos+1","floor":45},{"not_picked":["Ball Lightning","Coolheaded+1","Doom and Gloom+1"],"picked":"SKIP","floor":48}],"player_experience":52874,"relics_obtained":[{"floor":3,"key":"Toxic Egg 2"},{"floor":6,"key":"Ancient Tea Set"},{"floor":9,"key":"Frozen Egg 2"},{"floor":10,"key":"Regal Pillow"},{"floor":12,"key":"PreservedInsect"},{"floor":14,"key":"Bottled Tornado"},{"floor":26,"key":"Potion Belt"},{"floor":27,"key":"Letter Opener"},{"floor":40,"key":"Pantograph"},{"floor":42,"key":"Mercury Hourglass"},{"floor":43,"key":"Orichalcum"}],"event_choices":[{"cards_removed":["Strike_B"],"damage_healed":0,"gold_gain":0,"player_choice":"Gave Gold","damage_taken":0,"max_hp_gain":0,"max_hp_loss":0,"event_name":"Beggar","floor":19,"gold_loss":75},{"damage_healed":0,"gold_gain":250,"player_choice":"Bet on Owner","damage_taken":0,"max_hp_gain":0,"max_hp_loss":0,"event_name":"The Joust","floor":22,"gold_loss":50},{"damage_healed":0,"gold_gain":0,"player_choice":"Ignored","damage_taken":0,"max_hp_gain":0,"max_hp_loss":0,"event_name":"Ghosts","floor":29,"gold_loss":0},{"damage_healed":0,"gold_gain":0,"player_choice":"Memory 1","damage_taken":0,"max_hp_gain":0,"max_hp_loss":0,"event_name":"SensoryStone","floor":36,"gold_loss":0},{"cards_removed":["Strike_B"],"damage_healed":0,"gold_gain":0,"player_choice":"Took Card","damage_taken":0,"max_hp_gain":0,"max_hp_loss":0,"event_name":"NoteForYourself","floor":37,"gold_loss":0,"cards_obtained":["Iron Wave"]},{"damage_healed":0,"gold_gain":0,"player_choice":"Paid","damage_taken":0,"relics_obtained":["Red Mask"],"max_hp_gain":0,"max_hp_loss":0,"event_name":"Tomb of Lord Red Mask","floor":47,"gold_loss":100}],"is_beta":false,"boss_relics":[{"not_picked":["Cursed Key","Lizard Tail"],"picked":"Astrolabe"},{"not_picked":["Philosopher\u0027s Stone","Calling Bell"],"picked":"Nuclear Battery"}],"items_purged_floors":[39,46],"is_endless":false,"potions_floor_spawned":[2,4,12,14,16,18,25,28,30,31,40,42,48],"killed_by":"Time Eater","ascension_level":0}