{"gold_per_floor":[109,109,128,0,0,26,26,94,169,169,17,82,107,120,120,120],"floor_reached":16,"playtime":383,"items_purged":["Regret","Strike_B"],"score":171,"play_id":"282d44dd-63de-4f3e-b132-6de0f0be7dc3","local_time":"20181208204246","is_ascension_mode":true,"campfire_choices":[{"data":"Zap","floor":7,"key":"SMITH"},{"data":"Barrage","floor":10,"key":"SMITH"},{"data":"Loop","floor":15,"key":"SMITH"}],"neow_cost":"TEN_PERCENT_HP_LOSS","seed_source_timestamp":207207920274485,"circlet_count":0,"master_deck":["AscendersBane","Strike_B","Strike_B","Strike_B","Defend_B","Defend_B","Defend_B","Defend_B","Zap+1","Dualcast","Rebound","Barrage+1","Cold Snap","Glacier","Loop+1","Sweeping Beam","Glacier","Auto Shields"],"relics":["Cracked Core","Du-Vu Doll","Potion Belt","SsserpentHead","Blue Candle","Bronze Scales"],"potions_floor_usage":[],"damage_taken":[{"damage":4,"enemies":"Small Slimes","floor":1,"turns":3},{"damage":2,"enemies":"Cultist","floor":3,"turns":3},{"damage":31,"enemies":"Gremlin Nob","floor":6,"turns":4},{"damage":1,"enemies":"Jaw Worm","floor":8,"turns":2},{"damage":3,"enemies":"Blue Slaver","floor":12,"turns":2},{"damage":6,"enemies":"3 Sentries","floor":13,"turns":5},{"damage":5,"enemies":"3 Louse","floor":14,"turns":3},{"damage":25,"enemies":"The Guardian","floor":16,"turns":2}],"seed_played":"-7471877335075788888","potions_obtained":[{"floor":8,"key":"EssenceOfSteel"},{"floor":13,"key":"Swift Potion"}],"is_trial":false,"path_per_floor":["M","?","M","$","?","E","R","M","T","R","$","M","E","M","R","B"],"character_chosen":"DEFECT","items_purchased":["Cold Snap","Loop","Sweeping Beam"],"campfire_rested":0,"item_purchase_floors":[4,11,11],"current_hp_per_floor":[64,64,62,62,62,31,31,30,30,30,30,27,21,16,16,0],"gold":120,"neow_bonus":"ONE_RARE_RELIC","is_prod":false,"is_daily":false,"chose_seed":false,"campfire_upgraded":3,"win_rate":0,"timestamp":1544281966,"path_taken":["M","?","M","$","?","E","R","?","T","R","?","?","E","M","R","BOSS"],"build_version":"2018-12-06","purchased_purges":2,"victory":false,"max_hp_per_floor":[68,68,68,68,68,68,68,68,68,68,68,68,68,68,68,68],"card_choices":[{"not_picked":["Redo","Hologram"],"picked":"Rebound","floor":1},{"not_picked":["Doom and Gloom","Redo"],"picked":"Barrage","floor":3},{"not_picked":["Tempest","Hologram"],"picked":"Glacier","floor":6},{"not_picked":["Rebound","Turbo","Lockon"],"picked":"SKIP","floor":8},{"not_picked":["Compile Driver","Blizzard"],"picked":"Glacier","floor":12},{"not_picked":["Doom and Gloom","Steam Power","Consume"],"picked":"SKIP","floor":13},{"not_picked":["Ball Lightning","Redo"],"picked":"Auto Shields","floor":14}],"player_experience":870415,"relics_obtained":[{"floor":6,"key":"Blue Candle"},{"floor":13,"key":"Bronze Scales"}],"event_choices":[{"damage_healed":0,"gold_gain":0,"player_choice":"Box","damage_taken":0,"relics_obtained":["Potion Belt"],"max_hp_gain":0,"max_hp_loss":0,"event_name":"Big Fish","floor":2,"gold_loss":0,"cards_obtained":["Regret"]},{"damage_healed":0,"gold_gain":0,"player_choice":"Trade","damage_taken":0,"relics_obtained":["SsserpentHead"],"max_hp_gain":0,"max_hp_loss":0,"event_name":"FaceTrader","floor":5,"gold_loss":0}],"is_beta":true,"boss_relics":[],"items_purged_floors":[4,11],"is_endless":false,"potions_floor_spawned":[8,13],"killed_by":"The Guardian","ascension_level":11}