{"gold_per_floor":[109,126,201,201,7,7,27,27,96,121,121,121,155,173,173,297,297,320,419,278,292,51,51,51],"floor_reached":24,"playtime":893,"items_purged":["Strike_B","Strike_B"],"score":313,"play_id":"dabde5fd-597c-4825-8688-c4dc1bdbeb2f","local_time":"20181208224257","is_ascension_mode":true,"campfire_choices":[{"data":"Zap","floor":6,"key":"SMITH"},{"data":"Conserve Battery","floor":8,"key":"SMITH"},{"data":"Dualcast","floor":11,"key":"SMITH"},{"data":"Chill","floor":15,"key":"SMITH"},{"data":"Self Repair","floor":23,"key":"SMITH"}],"neow_cost":"NONE","seed_source_timestamp":213901980443239,"circlet_count":0,"master_deck":["AscendersBane","Strike_B","Defend_B","Defend_B","Defend_B","Defend_B","Zap+1","Dualcast+1","FTL","Conserve Battery+1","Cold Snap","Gash","Echo Form","Chill+1","Gash","FTL+1","Self Repair+1"],"relics":["Cracked Core","Membership Card","Pear","Mummified Hand","Golden Idol","Oddly Smooth Stone","Nuclear Battery","Chemical X","PreservedInsect","Bag of Preparation"],"potions_floor_usage":[10,13,24],"damage_taken":[{"damage":9,"enemies":"Jaw Worm","floor":1,"turns":5},{"damage":4,"enemies":"2 Louse","floor":2,"turns":2},{"damage":0,"enemies":"Small Slimes","floor":7,"turns":3},{"damage":13,"enemies":"Lagavulin","floor":10,"turns":8},{"damage":12,"enemies":"3 Sentries","floor":13,"turns":8},{"damage":6,"enemies":"3 Louse","floor":14,"turns":3},{"damage":14,"enemies":"The Guardian","floor":16,"turns":13},{"damage":0,"enemies":"Chosen","floor":18,"turns":6},{"damage":6,"enemies":"Shell Parasite","floor":21,"turns":5},{"damage":70,"enemies":"Gremlin Leader","floor":24,"turns":7}],"seed_played":"2938749393929350095","potions_obtained":[{"floor":7,"key":"Regen Potion"},{"floor":10,"key":"Dexterity Potion"},{"floor":13,"key":"Ancient Potion"},{"floor":14,"key":"Weak Potion"}],"is_trial":false,"path_per_floor":["M","M","?","?","$","R","M","R","T","E","R","?","E","M","R","B",null,"M","?","$","M","$","R","E"],"character_chosen":"DEFECT","items_purchased":["Membership Card","Chemical X","Self Repair","PreservedInsect","Bag of Preparation"],"campfire_rested":0,"item_purchase_floors":[5,20,22,22,22],"current_hp_per_floor":[66,62,51,44,44,44,44,44,54,56,56,56,44,38,38,24,70,70,70,70,64,64,64,0],"gold":51,"neow_bonus":"TEN_PERCENT_HP_BONUS","is_prod":false,"is_daily":false,"chose_seed":false,"campfire_upgraded":5,"win_rate":0,"timestamp":1544289177,"path_taken":["M","M","?","?","$","R","M","R","T","E","R","?","E","M","R","BOSS","M","?","$","M","$","R","E"],"build_version":"2018-12-06","purchased_purges":2,"victory":false,"max_hp_per_floor":[82,82,82,82,82,82,82,82,92,92,92,85,85,85,85,85,85,85,85,85,85,85,85,85],"card_choices":[{"not_picked":["Rebound","Darkness"],"picked":"FTL","floor":1},{"not_picked":["Aggregate","Auto Shields"],"picked":"Conserve Battery","floor":2},{"not_picked":["FTL","Blizzard"],"picked":"Cold Snap","floor":7},{"not_picked":["White Noise","Darkness"],"picked":"Gash","floor":10},{"not_picked":["Skim","Scrape"],"picked":"Echo Form","floor":13},{"not_picked":["Turbo","Conserve Battery"],"picked":"Chill","floor":14},{"not_picked":["Coolheaded","Cold Snap"],"picked":"Gash","floor":18},{"not_picked":["Capacitor","Beam Cell"],"picked":"FTL+1","floor":21}],"player_experience":875240,"relics_obtained":[{"floor":9,"key":"Pear"},{"floor":10,"key":"Mummified Hand"},{"floor":13,"key":"Oddly Smooth Stone"}],"event_choices":[{"damage_healed":0,"gold_gain":75,"player_choice":"Gather Gold","damage_taken":11,"max_hp_gain":0,"max_hp_loss":0,"event_name":"World of Goop","floor":3,"gold_loss":0},{"cards_removed":["Strike_B"],"damage_healed":0,"gold_gain":0,"player_choice":"Card Removal","damage_taken":7,"max_hp_gain":0,"max_hp_loss":0,"event_name":"Golden Wing","floor":4,"gold_loss":0},{"damage_healed":0,"gold_gain":0,"player_choice":"Lose Max HP","damage_taken":0,"relics_obtained":["Golden Idol"],"max_hp_gain":0,"max_hp_loss":7,"event_name":"Golden Idol","floor":12,"gold_loss":0},{"damage_healed":0,"gold_gain":99,"player_choice":"Stole From Cult","damage_taken":0,"max_hp_gain":0,"max_hp_loss":0,"event_name":"Nest","floor":19,"gold_loss":0}],"is_beta":true,"boss_relics":[{"not_picked":["Pandora\u0027s Box","Inserter"],"picked":"Nuclear Battery"}],"items_purged_floors":[20,22],"is_endless":false,"potions_floor_spawned":[7,10,13,14,16],"killed_by":"Gremlin Leader","ascension_level":11}