{"path_per_floor":["M","M","M","M","M","R","M","R","T","M","$","M","T","M","R","B",null,"M","$","M","?","$","R","E","$","T","E","M","E","?","M","R","B",null,"M","M","M","M","?","E","R","E","T","?","$","E","M","M","R","B"],"character_chosen":"IRONCLAD","items_purchased":["Bandage Up","Metallicize","Shrug It Off","Shrug It Off","War Paint"],"gold_per_floor":[114,129,141,158,172,172,182,182,182,201,33,53,80,100,100,196,196,214,25,35,35,35,35,66,15,15,44,54,88,3,18,18,116,116,130,144,161,177,232,261,261,292,317,317,39,73,86,96,96,96],"floor_reached":51,"campfire_rested":1,"playtime":2955,"current_hp_per_floor":[38,37,39,40,34,34,23,47,61,62,62,72,72,82,82,65,87,84,84,85,85,85,85,80,80,80,80,77,69,69,66,66,11,71,81,81,69,73,79,77,77,81,83,71,71,74,82,71,71,55],"items_purged":["Strike_R","Parasite","Decay"],"gold":96,"score":1025,"play_id":"0161bdda-2f4f-474a-a0ff-cb84a70076d9","is_prod":false,"is_daily":false,"is_ascension_mode":true,"campfire_upgraded":5,"path_taken":["M","?","M","?","M","R","M","R","T","M","$","?","?","?","R","BOSS","M","$","M","?","?","R","E","$","T","E","M","E","?","M","R","BOSS","M","?","M","M","?","E","R","E","T","?","$","E","?","M","R","BOSS"],"build_version":"2018-02-15-PROD1","purchased_purges":4,"victory":true,"master_deck":["Strike_R","Strike_R","Strike_R","Strike_R","Defend_R","Defend_R+1","Defend_R","Defend_R+1","Bash+1","Pommel Strike","Shrug It Off","Shrug It Off","Carnage+1","Thunderclap","Headbutt","Bandage Up+1","Thunderclap","Offering","Metallicize","Shrug It Off","Warcry","Burning Pact","Shrug It Off","Offering","Disarm+1","Second Wind+1","Disarm+1","Immolate","Entrench","Body Slam+1","Spot Weakness+1","Body Slam+1","Fiend Fire+1","Shrug It Off","Spot Weakness+1","Madness","Madness","Dropkick+1","Havoc+1","Bloodletting+1"],"max_hp_per_floor":[80,80,80,80,80,80,80,80,94,94,94,94,94,94,94,94,94,94,91,91,91,91,91,91,91,91,91,91,91,91,91,91,91,91,91,91,91,91,91,91,91,91,93,93,93,93,93,93,93,93],"relics":["Burning Blood","Champion Belt","Mango","Lantern","Cursed Key","Gambling Chip","Dead Branch","Happy Flower","Prayer Wheel","Anchor","Philosopher\u0027s Stone","Girya","Singing Bowl","Omamori","Blood Vial","War Paint","Molten Egg 2"],"card_choices":[{"not_picked":["Perfected Strike","Wild Strike"],"picked":"Pommel Strike"},{"not_picked":["Entrench","Armaments"],"picked":"Shrug It Off"},{"not_picked":["Limit Break","Fire Breathing"],"picked":"Shrug It Off"},{"not_picked":["Power Through","Twin Strike"],"picked":"Carnage"},{"not_picked":["Entrench","Cleave"],"picked":"Thunderclap"},{"not_picked":["Sword Boomerang","Heavy Blade"],"picked":"Headbutt"},{"not_picked":["Twin Strike","Havoc"],"picked":"Thunderclap"},{"not_picked":["Berserk","Juggernaut"],"picked":"Offering"},{"not_picked":["Iron Wave","Heavy Blade"],"picked":"Warcry"},{"not_picked":["Headbutt","Power Through"],"picked":"Burning Pact"},{"not_picked":["Iron Wave","Juggernaut"],"picked":"Offering"},{"not_picked":["Sever Soul","Feel No Pain"],"picked":"Disarm"},{"not_picked":["Headbutt","Rampage"],"picked":"Second Wind"},{"not_picked":["Rupture","Body Slam"],"picked":"Disarm"},{"not_picked":["Double Tap","Exhume"],"picked":"Immolate"},{"not_picked":["Rage","Intimidate"],"picked":"Entrench"},{"not_picked":["Anger","Perfected Strike"],"picked":"Body Slam"},{"not_picked":["Cleave","Headbutt"],"picked":"Spot Weakness"},{"not_picked":["Sever Soul","Armaments"],"picked":"Body Slam"},{"not_picked":["Havoc","Anger"],"picked":"Fiend Fire"},{"not_picked":["Perfected Strike","Immolate"],"picked":"Shrug It Off"},{"not_picked":["Flame Barrier","Havoc"],"picked":"Spot Weakness"},{"not_picked":["Brutality","Double Tap"],"picked":"Dropkick"},{"not_picked":["Sword Boomerang","Ghostly Armor"],"picked":"Havoc"},{"not_picked":["Shrug It Off","True Grit"],"picked":"Bloodletting"}],"player_experience":374896,"potions_floor_usage":[20,27,27,29,37,46,46,50],"damage_taken":[{"damage":0.0,"enemies":"Cultist","floor":1.0,"turns":3.0},{"damage":7.0,"enemies":"Jaw Worm","floor":2.0,"turns":3.0},{"damage":4.0,"enemies":"Small Slimes","floor":3.0,"turns":4.0},{"damage":5.0,"enemies":"Exordium Wildlife","floor":4.0,"turns":3.0},{"damage":12.0,"enemies":"Large Slime","floor":5.0,"turns":12.0},{"damage":17.0,"enemies":"Gremlin Gang","floor":7.0,"turns":5.0},{"damage":5.0,"enemies":"Blue Slaver","floor":10.0,"turns":4.0},{"damage":0.0,"enemies":"Looter","floor":12.0,"turns":3.0},{"damage":0.0,"enemies":"3 Louse","floor":14.0,"turns":4.0},{"damage":27.0,"enemies":"Slime Boss","floor":16.0,"turns":9.0},{"damage":13,"enemies":"Shell Parasite","floor":18,"turns":4},{"damage":9,"enemies":"Chosen","floor":20,"turns":4},{"damage":17,"enemies":"Gremlin Leader","floor":24,"turns":7},{"damage":12,"enemies":"Slavers","floor":27,"turns":6},{"damage":15,"enemies":"Sentry and Sphere","floor":28,"turns":4},{"damage":20,"enemies":"Book of Stabbing","floor":29,"turns":3},{"damage":9,"enemies":"Chosen and Byrds","floor":31,"turns":2},{"damage":67,"enemies":"Champ","floor":33,"turns":13},{"damage":2,"enemies":"Orb Walker","floor":35,"turns":3},{"damage":12,"enemies":"3 Shapes","floor":36,"turns":7},{"damage":24,"enemies":"Sphere and 2 Shapes","floor":37,"turns":4},{"damage":8,"enemies":"3 Darklings","floor":38,"turns":2},{"damage":6,"enemies":"Mysterious Sphere","floor":39,"turns":4},{"damage":14,"enemies":"2 Orb Walkers","floor":40,"turns":4},{"damage":8,"enemies":"Nemesis","floor":42,"turns":5},{"damage":5,"enemies":"2 Orb Walkers","floor":46,"turns":4},{"damage":14,"enemies":"4 Shapes","floor":47,"turns":5},{"damage":29,"enemies":"Sphere and 2 Shapes","floor":48,"turns":6},{"damage":61,"enemies":"Donu and Deca","floor":50,"turns":6}],"event_choices":[{"event_name":"Beggar","player_choice":"Ignored","floor":21,"damage_taken":0},{"event_name":"Addict","player_choice":"Obtained Relic","floor":30,"damage_taken":0},{"event_name":"Mysterious Sphere","player_choice":"Fight","floor":39,"damage_taken":0},{"event_name":"Winding Halls","player_choice":"Embrace Madness","floor":44,"damage_taken":0}],"boss_relics":[{"not_picked":["Pandora\u0027s Box","Runic Cube"],"picked":"Philosopher\u0027s Stone"}],"potions_floor_spawned":[3,7,10,12,16,24,29,35,36,40],"seed_played":"-8782439768372912593","ascension_level":12,"is_trial":false}