{"gold_per_floor":[119,119,194,194,60,87,87,121,175,175,188,188,224,249,249,344,344,365,33,33,56,77,77,101,101],"floor_reached":25,"playtime":832,"items_purged":["Strike_R"],"score":471,"play_id":"ac6edcf7-7df3-4b7b-ace0-98fa4b67e10b","local_time":"20190401152833","is_ascension_mode":true,"campfire_choices":[{"data":"Body Slam","floor":7.0,"key":"SMITH"},{"data":"Body Slam","floor":15.0,"key":"SMITH"},{"floor":23.0,"key":"REST"}],"neow_cost":"NONE","seed_source_timestamp":3268400838421423,"circlet_count":0,"master_deck":["AscendersBane","Strike_R","Strike_R","Strike_R","Strike_R","Defend_R","Defend_R","Defend_R","Defend_R","Bash+1","Evolve","Corruption+1","Body Slam+1","Body Slam+1","Whirlwind","Shrug It Off","Iron Wave","Barricade","Havoc+1","Inflame","Shrug It Off","Uppercut+1"],"special_seed":0,"relics":["Burning Blood","NeowsBlessing","Oddly Smooth Stone","Magic Flower","Smiling Mask","Golden Idol","Orichalcum","Runic Pyramid","ClockworkSouvenir"],"potions_floor_usage":[25,25],"damage_taken":[{"damage":0.0,"enemies":"Small Slimes","floor":1.0,"turns":1.0},{"damage":0.0,"enemies":"Gremlin Nob","floor":6.0,"turns":1.0},{"damage":0.0,"enemies":"Lagavulin","floor":8.0,"turns":1.0},{"damage":7.0,"enemies":"Jaw Worm","floor":11.0,"turns":4.0},{"damage":42.0,"enemies":"Gremlin Nob","floor":13.0,"turns":5.0},{"damage":4.0,"enemies":"Cultist","floor":14.0,"turns":5.0},{"damage":44.0,"enemies":"Slime Boss","floor":16.0,"turns":10.0},{"damage":34.0,"enemies":"Spheric Guardian","floor":18.0,"turns":7.0},{"damage":6.0,"enemies":"Chosen","floor":21.0,"turns":4.0},{"damage":18.0,"enemies":"Shelled Parasite and Fungi","floor":22.0,"turns":5.0},{"damage":18.0,"enemies":"Centurion and Healer","floor":24.0,"turns":8.0},{"damage":48,"enemies":"Slavers","floor":25,"turns":3}],"seed_played":"-8348638835550457493","potions_obtained":[{"floor":1.0,"key":"GamblersBrew"},{"floor":6.0,"key":"Regen Potion"},{"floor":13.0,"key":"EntropicBrew"}],"is_trial":false,"path_per_floor":["M","?","?","?","$","E","R","E","T","?","M","?","E","M","R","B",null,"M","$","?","M","M","R","M","E"],"character_chosen":"IRONCLAD","items_purchased":["Corruption","Body Slam","ClockworkSouvenir","Inflame"],"campfire_rested":1,"item_purchase_floors":[5,5,19,19],"current_hp_per_floor":[74,74,63,63,63,69,69,75,75,68,68,73,54,59,59,24,61,36,36,36,39,30,51,42,0],"gold":101,"neow_bonus":"THREE_ENEMY_KILL","is_prod":false,"is_daily":false,"chose_seed":false,"campfire_upgraded":2,"win_rate":0,"timestamp":1554146913,"path_taken":["M","?","?","?","?","E","R","E","T","?","M","?","E","M","R","BOSS","M","$","?","?","M","R","M","E"],"build_version":"2019-03-15","purchased_purges":1,"victory":false,"max_hp_per_floor":[75,75,75,75,75,75,75,75,75,68,68,73,73,73,73,73,73,73,73,73,73,73,73,73,73],"card_choices":[{"not_picked":["Rupture","Seeing Red"],"picked":"Evolve","floor":1.0},{"not_picked":["Cleave","Pummel"],"picked":"Body Slam","floor":6.0},{"not_picked":["Clash","Sever Soul"],"picked":"Whirlwind","floor":8.0},{"not_picked":["Armaments","Body Slam"],"picked":"Shrug It Off","floor":11.0},{"not_picked":["Thunderclap","Blood for Blood","Havoc"],"picked":"SKIP","floor":13.0},{"not_picked":["Anger","Clothesline"],"picked":"Iron Wave","floor":14.0},{"not_picked":["Feed","Immolate"],"picked":"Barricade","floor":16.0},{"not_picked":["Rampage","Carnage"],"picked":"Havoc+1","floor":18.0},{"not_picked":["Sword Boomerang","Seeing Red"],"picked":"Shrug It Off","floor":21.0},{"not_picked":["Headbutt","Twin Strike"],"picked":"Uppercut+1","floor":22.0},{"not_picked":["Second Wind","Headbutt","Inflame"],"picked":"SKIP","floor":24.0}],"player_experience":885148,"relics_obtained":[{"floor":6.0,"key":"Oddly Smooth Stone"},{"floor":8.0,"key":"Magic Flower"},{"floor":9.0,"key":"Smiling Mask"},{"floor":13.0,"key":"Orichalcum"}],"event_choices":[{"damage_healed":0.0,"max_hp_gain":0.0,"max_hp_loss":0.0,"gold_gain":0.0,"event_name":"The Cleric","player_choice":"Leave","floor":2.0,"gold_loss":0.0,"damage_taken":0.0},{"damage_healed":0.0,"max_hp_gain":0.0,"max_hp_loss":0.0,"gold_gain":75.0,"event_name":"World of Goop","player_choice":"Gather Gold","floor":3.0,"gold_loss":0.0,"damage_taken":11.0},{"damage_healed":0.0,"max_hp_gain":0.0,"max_hp_loss":0.0,"gold_gain":0.0,"event_name":"Living Wall","player_choice":"Grow","floor":4.0,"gold_loss":0.0,"damage_taken":0.0,"cards_upgraded":["Bash"]},{"damage_healed":0.0,"max_hp_gain":0.0,"max_hp_loss":7.0,"gold_gain":0.0,"event_name":"Golden Idol","player_choice":"Lose Max HP","floor":10.0,"gold_loss":0.0,"damage_taken":0.0,"relics_obtained":["Golden Idol"]},{"damage_healed":0.0,"max_hp_gain":5.0,"max_hp_loss":0.0,"gold_gain":0.0,"event_name":"Big Fish","player_choice":"Donut","floor":12.0,"gold_loss":0.0,"damage_taken":0.0},{"damage_healed":0.0,"max_hp_gain":0.0,"max_hp_loss":0.0,"gold_gain":0.0,"event_name":"Upgrade Shrine","player_choice":"Upgraded","floor":20.0,"gold_loss":0.0,"damage_taken":0.0,"cards_upgraded":["Corruption"]}],"is_beta":true,"boss_relics":[{"not_picked":["Empty Cage","Philosopher\u0027s Stone"],"picked":"Runic Pyramid"}],"items_purged_floors":[19],"is_endless":false,"potions_floor_spawned":[1,6,11,13,21],"killed_by":"Slavers","ascension_level":15}