{"gold_per_floor":[114,114,26,42,60,94,94,121,147,147,182,192,209,242,242,316,316,335,117,117,117,137,137,170,170,249,249,266,266,46,59,59,136,136,147,147,160,177,193,193,212,223,223,223,223,62,62,0,0,0,0,0,0,0,29,29],"floor_reached":57,"playtime":4191,"items_purged":["Strike_B","Defend_B"],"score":2550,"play_id":"d26b1dbf-f5b6-41a1-bc2b-bc6915964531","local_time":"20190130221211","is_ascension_mode":true,"campfire_choices":[{"floor":7.0,"key":"REST"},{"data":"Zap","floor":10.0,"key":"SMITH"},{"data":"Dualcast","floor":15.0,"key":"SMITH"},{"data":"Defragment","floor":23.0,"key":"SMITH"},{"data":"Ghostly","floor":25.0,"key":"SMITH"},{"data":"Reinforced Body","floor":27.0,"key":"SMITH"},{"data":"Loop","floor":32.0,"key":"SMITH"},{"data":"Consume","floor":40.0,"key":"SMITH"},{"data":"Coolheaded","floor":44.0,"key":"SMITH"},{"data":"Coolheaded","floor":47.0,"key":"SMITH"},{"floor":49.0,"key":"RECALL"},{"data":"Ghostly","floor":53.0,"key":"SMITH"}],"neow_cost":"NONE","seed_source_timestamp":5336032719956380,"circlet_count":0,"master_deck":["AscendersBane","Strike_B","Defend_B","Defend_B","Defend_B","Zap+1","Dualcast+1","Ball Lightning","Barrage","Compile Driver","Self Repair","Darkness","Compile Driver","Hologram","Glacier","Biased Cognition","Reinforced Body+1","Ghostly+1","Ghostly+1","Ghostly","Defragment+1","Coolheaded+1","Consume+1","Auto Shields","Loop+1","Machine Learning","Coolheaded+1","Ball Lightning","Core Surge"],"special_seed":0,"relics":["Cracked Core","Blood Vial","Smiling Mask","Juzu Bracelet","Centennial Puzzle","Meat on the Bone","Inserter","Bag of Preparation","MutagenicStrength","Bag of Marbles","Singing Bowl","Anchor","Sozu","Red Mask","Pocketwatch"],"potions_floor_usage":[56],"damage_taken":[{"damage":0.0,"enemies":"Small Slimes","floor":1.0,"turns":2.0},{"damage":2.0,"enemies":"2 Louse","floor":4.0,"turns":3.0},{"damage":0.0,"enemies":"Cultist","floor":5.0,"turns":3.0},{"damage":35.0,"enemies":"Lagavulin","floor":6.0,"turns":6.0},{"damage":11.0,"enemies":"Gremlin Nob","floor":8.0,"turns":3.0},{"damage":13.0,"enemies":"Lagavulin","floor":11.0,"turns":6.0},{"damage":11.0,"enemies":"Blue Slaver","floor":12.0,"turns":4.0},{"damage":6.0,"enemies":"Looter","floor":13.0,"turns":3.0},{"damage":20.0,"enemies":"3 Sentries","floor":14.0,"turns":9.0},{"damage":40.0,"enemies":"Slime Boss","floor":16.0,"turns":11.0},{"damage":20.0,"enemies":"3 Byrds","floor":18.0,"turns":5.0},{"damage":0.0,"enemies":"Spheric Guardian","floor":22.0,"turns":3.0},{"damage":31.0,"enemies":"Gremlin Leader","floor":24.0,"turns":6.0},{"damage":0.0,"enemies":"Centurion and Healer","floor":28.0,"turns":6.0},{"damage":0.0,"enemies":"Snake Plant","floor":31.0,"turns":6.0},{"damage":34.0,"enemies":"Champ","floor":33.0,"turns":11.0},{"damage":7.0,"enemies":"Orb Walker","floor":35.0,"turns":4.0},{"damage":1.0,"enemies":"3 Shapes","floor":37.0,"turns":5.0},{"damage":14.0,"enemies":"Jaw Worm Horde","floor":38.0,"turns":7.0},{"damage":11.0,"enemies":"4 Shapes","floor":39.0,"turns":6.0},{"damage":0.0,"enemies":"Maw","floor":41.0,"turns":7.0},{"damage":32.0,"enemies":"Jaw Worm Horde","floor":42.0,"turns":5.0},{"damage":16.0,"enemies":"Awakened One","floor":50.0,"turns":19.0},{"damage":14.0,"enemies":"Donu and Deca","floor":51.0,"turns":16.0},{"damage":38.0,"enemies":"Shield and Spear","floor":55.0,"turns":14.0},{"damage":28,"enemies":"The Heart","floor":56,"turns":17}],"seed_played":"1745317782029904834","potions_obtained":[{"floor":0.0,"key":"Fire Potion"},{"floor":0.0,"key":"Explosive Potion"},{"floor":8.0,"key":"Dexterity Potion"},{"floor":13.0,"key":"Regen Potion"},{"floor":14.0,"key":"AttackPotion"},{"floor":31.0,"key":"Explosive Potion"}],"is_trial":false,"path_per_floor":["M","?","$","M","M","E","R","E","T","R","E","M","M","E","R","B",null,"M","$","?","?","M","R","E","R","T","R","M","?","$","M","R","B",null,"M","?","M","M","M","R","M","M","T","R","?","$","R","?","R","B","B",null,"R","$","E","B",null],"character_chosen":"DEFECT","items_purchased":["Barrage","Beam Cell","Bag of Preparation","Anchor","SkillPotion","Coolheaded","Ball Lightning"],"campfire_rested":1,"item_purchase_floors":[3,3,19,30,30,46,46],"current_hp_per_floor":[64,57,57,55,55,27,48,46,46,46,42,40,43,47,47,28,60,49,49,35,35,35,35,16,16,16,16,25,25,25,34,34,20,31,35,37,41,36,36,36,47,36,36,36,36,36,36,36,36,34,41,47,47,47,30,23],"gold":29,"neow_bonus":"THREE_SMALL_POTIONS","is_prod":false,"is_daily":false,"chose_seed":false,"campfire_upgraded":10,"win_rate":0,"timestamp":1548904331,"path_taken":["M","?","$","M","M","E","R","E","T","R","E","M","M","E","R","BOSS","M","$","?","?","M","R","E","R","T","R","M","?","$","M","R","BOSS","M","?","M","M","M","R","M","M","T","R","?","$","R","?","R","BOSS","BOSS","R","$","E","BOSS"],"build_version":"2019-01-23","purchased_purges":2,"victory":true,"max_hp_per_floor":[71,71,71,71,71,71,71,71,71,71,71,71,71,71,71,71,71,71,71,35,35,35,35,35,35,35,35,35,35,35,35,35,35,35,37,39,41,43,45,45,47,49,49,49,49,49,49,49,49,49,49,49,49,49,49,49],"card_choices":[{"not_picked":["Lockon","Storm"],"picked":"Ball Lightning","floor":1.0},{"not_picked":["Barrage","Stack"],"picked":"Compile Driver","floor":4.0},{"not_picked":["Stack","Compile Driver"],"picked":"Self Repair","floor":5.0},{"not_picked":["Hello World","Barrage"],"picked":"Darkness","floor":6.0},{"not_picked":["Hyperbeam","Stack"],"picked":"Compile Driver","floor":8.0},{"not_picked":["Conserve Battery","Sweeping Beam"],"picked":"Hologram","floor":11.0},{"not_picked":["Cold Snap","Steam","Turbo"],"picked":"SKIP","floor":12.0},{"not_picked":["Lockon","Leap"],"picked":"Glacier","floor":13.0},{"not_picked":["Beam Cell","Compile Driver","Streamline"],"picked":"SKIP","floor":14.0},{"not_picked":["Seek","Electrodynamics"],"picked":"Biased Cognition","floor":16.0},{"not_picked":["Steam","Gash"],"picked":"Reinforced Body","floor":18.0},{"not_picked":["Turbo","Beam Cell"],"picked":"Defragment","floor":22.0},{"not_picked":["Streamline","Meteor Strike"],"picked":"Coolheaded","floor":24.0},{"not_picked":["Glacier","Stack+1"],"picked":"Consume","floor":28.0},{"not_picked":["Fusion","Redo+1"],"picked":"Loop","floor":31.0},{"not_picked":["Fission","Amplify"],"picked":"Machine Learning","floor":33.0},{"not_picked":["Turbo","Beam Cell","Barrage"],"picked":"Singing Bowl","floor":35.0},{"not_picked":["Discovery","Bandage Up","Jack Of All Trades"],"picked":"Singing Bowl","floor":36.0},{"not_picked":["Coolheaded","Fusion","Turbo"],"picked":"Singing Bowl","floor":37.0},{"not_picked":["Amplify","Cold Snap","Go for the Eyes"],"picked":"Singing Bowl","floor":38.0},{"not_picked":["Coolheaded","Cold Snap","Consume"],"picked":"Singing Bowl","floor":39.0},{"not_picked":["Streamline","Genetic Algorithm","Stack"],"picked":"Singing Bowl","floor":41.0},{"not_picked":["Ball Lightning","Chaos","Steam"],"picked":"Singing Bowl","floor":42.0},{"not_picked":["Sweeping Beam+1","Conserve Battery"],"picked":"Core Surge","floor":55.0}],"player_experience":698896,"relics_obtained":[{"floor":6.0,"key":"Blood Vial"},{"floor":8.0,"key":"Smiling Mask"},{"floor":9.0,"key":"Juzu Bracelet"},{"floor":11.0,"key":"Centennial Puzzle"},{"floor":14.0,"key":"Meat on the Bone"},{"floor":24.0,"key":"Bag of Marbles"},{"floor":26.0,"key":"Singing Bowl"},{"floor":55.0,"key":"Pocketwatch"}],"event_choices":[{"cards_removed":["Strike_B"],"damage_healed":0.0,"max_hp_gain":0.0,"max_hp_loss":0.0,"gold_gain":0.0,"event_name":"Golden Wing","player_choice":"Card Removal","floor":2.0,"gold_loss":0.0,"damage_taken":7.0},{"damage_healed":0.0,"max_hp_gain":0.0,"max_hp_loss":36.0,"gold_gain":0.0,"event_name":"Ghosts","player_choice":"Became a Ghost","floor":20.0,"gold_loss":0.0,"damage_taken":0.0,"cards_obtained":["Ghostly","Ghostly","Ghostly"]},{"damage_healed":0.0,"max_hp_gain":0.0,"max_hp_loss":0.0,"gold_gain":0.0,"event_name":"Drug Dealer","player_choice":"Inject Mutagens","floor":21.0,"gold_loss":0.0,"damage_taken":0.0,"relics_obtained":["MutagenicStrength"]},{"damage_healed":0.0,"max_hp_gain":0.0,"max_hp_loss":0.0,"gold_gain":0.0,"cards_transformed":["Strike_B"],"event_name":"Transmorgrifier","player_choice":"Transformed","floor":29.0,"gold_loss":0.0,"damage_taken":0.0,"cards_obtained":["Auto Shields"]},{"damage_healed":0.0,"max_hp_gain":0.0,"max_hp_loss":0.0,"gold_gain":0.0,"event_name":"SensoryStone","player_choice":"Memory 1","floor":36.0,"gold_loss":0.0,"damage_taken":0.0},{"cards_removed":["Beam Cell"],"damage_healed":0.0,"max_hp_gain":0.0,"max_hp_loss":0.0,"gold_gain":0.0,"event_name":"Falling","player_choice":"Removed Attack","floor":45.0,"gold_loss":0.0,"damage_taken":0.0},{"damage_healed":0.0,"max_hp_gain":0.0,"max_hp_loss":0.0,"gold_gain":0.0,"event_name":"Tomb of Lord Red Mask","player_choice":"Paid","floor":48.0,"gold_loss":62.0,"damage_taken":0.0,"relics_obtained":["Red Mask"]}],"is_beta":true,"boss_relics":[{"not_picked":["Snecko Eye","Orrery"],"picked":"Inserter"},{"not_picked":["Philosopher\u0027s Stone","Pandora\u0027s Box"],"picked":"Sozu"}],"items_purged_floors":[19,46],"is_endless":false,"potions_floor_spawned":[1,4,8,13,14,31,35,37,41],"ascension_level":20}