{"gold_per_floor":[109,109,109,109,29,29,61,61,61,61,86,99,113,140,140,212,212,232,246,246,264,280,290,290,290,290,290,302,302,317,336,336,409,409,420,130,145,145,162,162,195,195,195,227,327,327,345,362,362,362],"floor_reached":51,"playtime":3993,"items_purged":["Strike_B"],"score":1735,"play_id":"71ab14cf-b8b5-4236-b2e0-43abd59f9079","local_time":"20190409115636","is_ascension_mode":true,"campfire_choices":[{"data":"Zap","floor":6.0,"key":"SMITH"},{"data":"Dualcast","floor":8.0,"key":"SMITH"},{"data":"Reinforced Body","floor":15.0,"key":"SMITH"},{"data":"Self Repair","floor":25.0,"key":"SMITH"},{"data":"Go for the Eyes","floor":27.0,"key":"SMITH"},{"data":"Hologram","floor":29.0,"key":"SMITH"},{"data":"Reinforced Body","floor":32.0,"key":"SMITH"},{"data":"Buffer","floor":40,"key":"SMITH"},{"data":"Scrape","floor":42,"key":"SMITH"},{"data":"Electrodynamics","floor":49,"key":"SMITH"}],"neow_cost":"NONE","seed_source_timestamp":321102603379461,"circlet_count":0,"master_deck":["AscendersBane","Strike_B","Defend_B","Defend_B","Defend_B","Defend_B","Zap+1","Dualcast+1","Reinforced Body+1","Auto Shields","Echo Form","Gash","Cold Snap","BootSequence","Gash","Electrodynamics+1","Scrape+1","Go for the Eyes+1","Hologram+1","Genetic Algorithm","Reinforced Body+1","Skim+1","Buffer+1","Conserve Battery+1","Turbo","Conserve Battery+1","Gash","Gash+1"],"special_seed":0,"relics":["Cracked Core","NeowsBlessing","Letter Opener","Shuriken","Ice Cream","Centennial Puzzle","Cables","Coffee Dripper","Calipers","Cursed Key","Runic Capacitor","Pantograph","Molten Egg 2","Turnip","Meat on the Bone"],"potions_floor_usage":[33,39,50,50],"damage_taken":[{"damage":0.0,"enemies":"2 Louse","floor":1.0,"turns":1.0},{"damage":0.0,"enemies":"Lagavulin","floor":7.0,"turns":1.0},{"damage":0.0,"enemies":"Gremlin Nob","floor":11.0,"turns":1.0},{"damage":0.0,"enemies":"Small Slimes","floor":12.0,"turns":4.0},{"damage":1.0,"enemies":"Jaw Worm","floor":13.0,"turns":3.0},{"damage":9.0,"enemies":"3 Sentries","floor":14.0,"turns":7.0},{"damage":0.0,"enemies":"The Guardian","floor":16.0,"turns":8.0},{"damage":8.0,"enemies":"Shell Parasite","floor":18.0,"turns":5.0},{"damage":4.0,"enemies":"Chosen","floor":19.0,"turns":5.0},{"damage":7.0,"enemies":"Snecko","floor":21.0,"turns":5.0},{"damage":30.0,"enemies":"Snake Plant","floor":22.0,"turns":3.0},{"damage":19.0,"enemies":"3 Cultists","floor":23.0,"turns":4.0},{"damage":1.0,"enemies":"Centurion and Healer","floor":28.0,"turns":6.0},{"damage":11.0,"enemies":"Shelled Parasite and Fungi","floor":30.0,"turns":5.0},{"damage":1.0,"enemies":"Cultist and Chosen","floor":31.0,"turns":5.0},{"damage":0,"enemies":"Champ","floor":33,"turns":15},{"damage":0,"enemies":"3 Shapes","floor":35,"turns":4},{"damage":6,"enemies":"Orb Walker","floor":37,"turns":4},{"damage":26,"enemies":"Jaw Worm Horde","floor":39,"turns":4},{"damage":0,"enemies":"Giant Head","floor":41,"turns":11},{"damage":0,"enemies":"Nemesis","floor":44,"turns":10},{"damage":0,"enemies":"Mind Bloom Boss Battle","floor":45,"turns":6},{"damage":0,"enemies":"Sphere and 2 Shapes","floor":47,"turns":6},{"damage":0,"enemies":"4 Shapes","floor":48,"turns":4},{"damage":15,"enemies":"Donu and Deca","floor":50,"turns":11}],"seed_played":"-7937375704033277297","potions_obtained":[{"floor":1.0,"key":"SteroidPotion"},{"floor":13.0,"key":"Ancient Potion"},{"floor":19.0,"key":"PowerPotion"},{"floor":21.0,"key":"SteroidPotion"},{"floor":28.0,"key":"LiquidBronze"},{"floor":31.0,"key":"Ancient Potion"},{"floor":33,"key":"PowerPotion"},{"floor":44,"key":"Energy Potion"},{"floor":45,"key":"Poison Potion"},{"floor":48,"key":"Energy Potion"}],"is_trial":false,"path_per_floor":["?","?","$","?","?","?","M","?","M","?","?","M"],"character_chosen":"DEFECT","items_purchased":["Auto Shields","Runic Capacitor"],"campfire_rested":0,"item_purchase_floors":[5,36],"current_hp_per_floor":[64,57,62,62,62,62,62,62,62,57,57,57,56,47,47,47,69,61,57,57,50,20,8,8,8,8,8,17,17,16,35,35,45,68,76,76,76,76,70,70,76,76,76,76,76,76,76,76,76,61],"gold":362,"neow_bonus":"THREE_ENEMY_KILL","is_prod":false,"is_daily":false,"chose_seed":false,"campfire_upgraded":10,"win_rate":0,"timestamp":1554828996,"path_taken":["M","?","?","?","$","R","E","R","T","?","E","M","M","E","R","BOSS","M","M","?","M","M","M","?","R","T","R","?","R","M","M","R","BOSS","M","$","M","?","?","R","E","R","T","E","?","?","M","?","R","BOSS"],"build_version":"2019-01-23","purchased_purges":1,"victory":true,"max_hp_per_floor":[71,71,76,76,76,76,76,76,76,76,76,76,76,76,76,76,76,76,76,76,76,76,76,76,76,76,76,76,76,76,76,76,76,76,76,76,76,76,76,76,76,76,76,76,76,76,76,76,76,76],"card_choices":[{"not_picked":["Scrape","Streamline"],"picked":"Reinforced Body","floor":1.0},{"not_picked":["Sunder","Go for the Eyes"],"picked":"Echo Form","floor":7.0},{"not_picked":["Ball Lightning","Hologram"],"picked":"Gash","floor":11.0},{"not_picked":["Rip and Tear","Chaos"],"picked":"Cold Snap","floor":12.0},{"not_picked":["Barrage","Ball Lightning"],"picked":"BootSequence","floor":13.0},{"not_picked":["Consume","Hyperbeam"],"picked":"Gash","floor":14.0},{"not_picked":["Multi-Cast","All For One"],"picked":"Electrodynamics","floor":16.0},{"not_picked":["Streamline","Force Field"],"picked":"Scrape","floor":18.0},{"not_picked":["Ball Lightning","Leap"],"picked":"Go for the Eyes","floor":19.0},{"not_picked":["Consume","Cold Snap"],"picked":"Hologram","floor":21.0},{"not_picked":["Recycle","Sweeping Beam"],"picked":"Self Repair","floor":22.0},{"not_picked":["Auto Shields","Heatsinks","Beam Cell"],"picked":"SKIP","floor":23.0},{"not_picked":["Streamline","Loop"],"picked":"Genetic Algorithm","floor":28.0},{"not_picked":["Heatsinks","Cold Snap"],"picked":"Reinforced Body","floor":30.0},{"not_picked":["Streamline","Redo"],"picked":"Skim+1","floor":31.0},{"not_picked":["Echo Form","Biased Cognition"],"picked":"Buffer","floor":33},{"not_picked":["Barrage+1","Hologram"],"picked":"Conserve Battery+1","floor":35},{"not_picked":["Hologram","Compile Driver","Reprogram"],"picked":"SKIP","floor":37},{"not_picked":["Go for the Eyes","Lockon"],"picked":"Conserve Battery+1","floor":39},{"not_picked":["Double Energy","Hyperbeam"],"picked":"Gash","floor":41},{"not_picked":["Steam","Redo"],"picked":"Gash","floor":44},{"not_picked":["Hologram","Conserve Battery+1","Tempest+1"],"picked":"SKIP","floor":47},{"not_picked":["Hologram","Core Surge+1","Coolheaded"],"picked":"SKIP","floor":48}],"player_experience":366712,"relics_obtained":[{"floor":7.0,"key":"Letter Opener"},{"floor":9.0,"key":"Shuriken"},{"floor":11.0,"key":"Centennial Puzzle"},{"floor":14.0,"key":"Cables"},{"floor":26.0,"key":"Calipers"},{"floor":41,"key":"Pantograph"},{"floor":44,"key":"Molten Egg 2"},{"floor":45,"key":"Turnip"}],"event_choices":[{"cards_removed":["Strike_B"],"damage_healed":0.0,"max_hp_gain":0.0,"max_hp_loss":0.0,"gold_gain":0.0,"event_name":"Golden Wing","player_choice":"Card Removal","floor":2.0,"gold_loss":0.0,"damage_taken":7.0},{"damage_healed":0.0,"max_hp_gain":5.0,"max_hp_loss":0.0,"gold_gain":0.0,"event_name":"Big Fish","player_choice":"Donut","floor":3.0,"gold_loss":0.0,"damage_taken":0.0},{"damage_healed":0.0,"max_hp_gain":0.0,"max_hp_loss":0.0,"gold_gain":0.0,"event_name":"Scrap Ooze","player_choice":"Success","floor":10.0,"gold_loss":0.0,"damage_taken":5.0,"relics_obtained":["Ice Cream"]},{"damage_healed":0.0,"max_hp_gain":0.0,"max_hp_loss":0.0,"gold_gain":0.0,"event_name":"Forgotten Altar","player_choice":"Smashed Altar","floor":20.0,"gold_loss":0.0,"damage_taken":0.0,"cards_obtained":["Decay"]},{"cards_removed":["Decay"],"damage_healed":0.0,"max_hp_gain":0.0,"max_hp_loss":0.0,"gold_gain":0.0,"event_name":"Fountain of Cleansing","player_choice":"Removed Curses","floor":24.0,"gold_loss":0.0,"damage_taken":0.0},{"damage_healed":0,"gold_gain":0,"cards_transformed":["Strike_B"],"player_choice":"Transformed","damage_taken":0,"max_hp_gain":0,"max_hp_loss":0,"event_name":"Transmorgrifier","floor":38,"gold_loss":0,"cards_obtained":["Turbo"]},{"damage_healed":0,"gold_gain":0,"player_choice":"Fight","damage_taken":0,"max_hp_gain":0,"max_hp_loss":0,"event_name":"MindBloom","floor":45,"gold_loss":0},{"cards_removed":["Self Repair"],"damage_healed":0,"gold_gain":0,"player_choice":"Gave Card","damage_taken":0,"relics_obtained":["Meat on the Bone"],"max_hp_gain":0,"max_hp_loss":0,"event_name":"WeMeetAgain","floor":46,"gold_loss":0}],"is_beta":false,"boss_relics":[{"not_picked":["Fusion Hammer","Ectoplasm"],"picked":"Coffee Dripper"},{"not_picked":["Busted Crown","Philosopher\u0027s Stone"],"picked":"Cursed Key"}],"items_purged_floors":[36],"is_endless":false,"potions_floor_spawned":[1,13,14,19,21,28,31,33,44,45,47,48],"ascension_level":19}