{"gold_per_floor":[111,111,129,145,156,188,188,188,211,223,223,223,223,237,237,339,339,358,283,198,216,68,68,84,100,125,63,63,83,182,182,182,182],"floor_reached":33,"playtime":1134,"items_purged":[],"score":247,"play_id":"488d08de-a818-441e-bb71-c93cc7e3a080","local_time":"20190126224543","is_ascension_mode":false,"campfire_choices":[{"floor":7,"key":"REST"},{"floor":13,"key":"REST"},{"floor":15,"key":"REST"},{"floor":23,"key":"REST"},{"floor":32,"key":"REST"}],"neow_cost":"NONE","seed_source_timestamp":278740761763178,"circlet_count":0,"master_deck":["Defend_G","Defend_G","Defend_G","Strike_G","Strike_G","Strike_G","Survivor","Neutralize","Infinite Blades","Accuracy+1","Backstab","Dagger Spray","Outmaneuver","Storm of Steel","Tactician+1","Glass Knife+1","Burst+1","Accuracy+1","Noxious Fumes+1","Cloak And Dagger","Accuracy+1","Necronomicurse"],"relics":["Fusion Hammer","Lantern","Pantograph","Juzu Bracelet","Frozen Egg 2","Astrolabe","Pear","Snake Skull","MawBank","Necronomicon"],"potions_floor_usage":[6,16,33],"damage_taken":[{"damage":0,"enemies":"Small Slimes","floor":1,"turns":4},{"damage":1,"enemies":"Cultist","floor":3,"turns":4},{"damage":1,"enemies":"Jaw Worm","floor":4,"turns":4},{"damage":19,"enemies":"Gremlin Gang","floor":5,"turns":6},{"damage":18,"enemies":"Lagavulin","floor":6,"turns":7},{"damage":7,"enemies":"Exordium Thugs","floor":10,"turns":5},{"damage":2,"enemies":"Looter","floor":14,"turns":3},{"damage":36,"enemies":"Slime Boss","floor":16,"turns":13},{"damage":18,"enemies":"3 Byrds","floor":18,"turns":5},{"damage":25,"enemies":"2 Thieves","floor":21,"turns":4},{"damage":26,"enemies":"3 Cultists","floor":24,"turns":5},{"damage":23,"enemies":"Snake Plant","floor":25,"turns":5},{"damage":19,"enemies":"Snecko","floor":29,"turns":5},{"damage":56,"enemies":"Automaton","floor":33,"turns":6}],"seed_played":"-8610013671799407575","potions_obtained":[{"floor":5,"key":"Fire Potion"},{"floor":10,"key":"Explosive Potion"},{"floor":14,"key":"GamblersBrew"},{"floor":21,"key":"Weak Potion"}],"is_trial":false,"path_per_floor":["M","?","M","M","M","E","R","T","T","M","T","?","R","M","R","B",null,"M","?","?","M","$","R","M","M","T","$","?","M","?","?","R","B"],"character_chosen":"THE_SILENT","items_purchased":["Snake Skull","Accuracy+1"],"campfire_rested":5,"item_purchase_floors":[22,27],"current_hp_per_floor":[70,70,69,68,49,31,52,52,52,45,45,45,66,64,70,34,70,52,52,62,37,37,61,35,12,12,12,38,19,19,3,27,0],"gold":182,"neow_bonus":"BOSS_RELIC","is_prod":false,"is_daily":false,"chose_seed":false,"campfire_upgraded":0,"win_rate":0,"timestamp":1548560743,"path_taken":["M","?","?","?","M","E","R","?","T","M","?","?","R","M","R","BOSS","M","?","?","M","$","R","M","M","T","?","?","M","?","?","R","BOSS"],"build_version":"2019-01-23","purchased_purges":0,"victory":false,"max_hp_per_floor":[70,70,70,70,70,70,70,70,70,70,70,70,70,70,70,70,70,70,70,80,80,80,80,80,80,80,80,80,80,80,80,80,80],"card_choices":[{"not_picked":["PiercingWail","Prepared","Slice"],"picked":"SKIP","floor":1},{"not_picked":["Poisoned Stab","Dagger Spray"],"picked":"Infinite Blades","floor":3},{"not_picked":["PiercingWail","Flechettes","Bane"],"picked":"SKIP","floor":4},{"not_picked":["All Out Attack","Cloak And Dagger"],"picked":"Accuracy","floor":5},{"not_picked":["Heel Hook","Finisher"],"picked":"Backstab","floor":6},{"not_picked":["Flying Knee","Acrobatics"],"picked":"Dagger Spray","floor":10},{"not_picked":["Well Laid Plans+1","Heel Hook"],"picked":"Outmaneuver","floor":14},{"not_picked":["Adrenaline","Tools of the Trade+1"],"picked":"Storm of Steel","floor":16},{"not_picked":["Backflip","Quick Slash+1"],"picked":"Accuracy+1","floor":18},{"not_picked":["Eviscerate","Dash"],"picked":"Noxious Fumes+1","floor":21},{"not_picked":["Dagger Throw","Setup+1","Underhanded Strike"],"picked":"SKIP","floor":24},{"not_picked":["Poisoned Stab","Acrobatics"],"picked":"Cloak And Dagger","floor":25},{"not_picked":["Caltrops+1","Dagger Throw","Calculated Gamble"],"picked":"SKIP","floor":29}],"player_experience":142179,"relics_obtained":[{"floor":6,"key":"Lantern"},{"floor":8,"key":"Pantograph"},{"floor":9,"key":"Juzu Bracelet"},{"floor":11,"key":"Frozen Egg 2"},{"floor":26,"key":"MawBank"},{"floor":31,"key":"Necronomicon"}],"event_choices":[{"damage_healed":0,"gold_gain":0,"player_choice":"Ignored","damage_taken":0,"max_hp_gain":0,"max_hp_loss":0,"event_name":"NoteForYourself","floor":2,"gold_loss":0},{"damage_healed":0,"gold_gain":0,"player_choice":"Forge","damage_taken":0,"max_hp_gain":0,"max_hp_loss":0,"event_name":"Accursed Blacksmith","floor":12,"gold_loss":0,"cards_upgraded":["Accuracy"]},{"cards_removed":["Strike_G"],"damage_healed":0,"gold_gain":0,"player_choice":"Gave Gold","damage_taken":0,"max_hp_gain":0,"max_hp_loss":0,"event_name":"Beggar","floor":19,"gold_loss":75},{"damage_healed":0,"gold_gain":0,"player_choice":"Obtained Relic","damage_taken":0,"relics_obtained":["Pear"],"max_hp_gain":0,"max_hp_loss":0,"event_name":"Addict","floor":20,"gold_loss":85},{"damage_healed":26,"gold_gain":0,"player_choice":"Heal","damage_taken":0,"max_hp_gain":0,"max_hp_loss":0,"event_name":"The Library","floor":28,"gold_loss":0},{"damage_healed":0,"gold_gain":99,"player_choice":"Stole From Cult","damage_taken":0,"max_hp_gain":0,"max_hp_loss":0,"event_name":"Nest","floor":30,"gold_loss":0},{"damage_healed":0,"gold_gain":0,"player_choice":"Obtained Book","damage_taken":16,"max_hp_gain":0,"max_hp_loss":0,"event_name":"Cursed Tome","floor":31,"gold_loss":0}],"is_beta":false,"boss_relics":[{"not_picked":["Orrery","Tiny House"],"picked":"Astrolabe"}],"items_purged_floors":[],"is_endless":false,"potions_floor_spawned":[5,10,14,21],"killed_by":"Automaton","ascension_level":0}