{"gold_per_floor":[113,38,58,75,94,94,126,126,126,153,168,201,201,217,217,317,317,335,231,241,260,270,300,300,633,633,633,665,585,595,608,608,706,706,716,728,747,396,412,412,444,456,456,487,500,518,26,36,36,36],"floor_reached":51,"playtime":3727,"items_purged":["Pain","Strike_R","Normality","Strike_R"],"score":1421,"play_id":"aab543d5-69de-49a0-af18-1da2ac2138d5","local_time":"20190422110614","is_ascension_mode":true,"campfire_choices":[{"data":"Whirlwind","floor":6.0,"key":"SMITH"},{"data":"Disarm","floor":8.0,"key":"SMITH"},{"data":"Flex","floor":13.0,"key":"SMITH"},{"floor":15.0,"key":"REST"},{"data":"Barricade","floor":24.0,"key":"SMITH"},{"data":"Flame Barrier","floor":27.0,"key":"SMITH"},{"floor":32.0,"key":"REST"},{"data":"Corruption","floor":40.0,"key":"SMITH"},{"data":"Sentinel","floor":49,"key":"SMITH"}],"neow_cost":"CURSE","seed_source_timestamp":0,"circlet_count":0,"master_deck":["AscendersBane","Strike_R","Strike_R","Strike_R","Defend_R","Defend_R","Defend_R","Defend_R","Bash","Cleave","Flex+1","Whirlwind+1","Disarm+1","Reaper","Corruption+1","Rampage","Iron Wave","Barricade+1","Ghostly Armor","Shrug It Off","Flame Barrier+1","Inflame+1","Armaments+1","Sentinel+1","Doubt","Shrug It Off","Injury","Clumsy","Metallicize+1","Ghostly Armor+1","Parasite","Armaments+1","Entrench+1","Shockwave+1","Bludgeon","Body Slam+1"],"special_seed":0,"relics":["Burning Blood","WingedGreaves","Turnip","Dead Branch","The Courier","Sundial","Cursed Key","Old Coin","Ornamental Fan","Du-Vu Doll","Calling Bell","Juzu Bracelet","Question Card","Thread and Needle","Charon\u0027s Ashes","Lantern","Frozen Egg 2","Kunai"],"potions_floor_usage":[44,50,50],"damage_taken":[{"damage":11.0,"enemies":"Jaw Worm","floor":1.0,"turns":5.0},{"damage":0.0,"enemies":"Small Slimes","floor":3.0,"turns":3.0},{"damage":10.0,"enemies":"2 Louse","floor":4.0,"turns":2.0},{"damage":11.0,"enemies":"Red Slaver","floor":5.0,"turns":5.0},{"damage":20.0,"enemies":"3 Sentries","floor":7.0,"turns":4.0},{"damage":17.0,"enemies":"Gremlin Nob","floor":10.0,"turns":4.0},{"damage":11.0,"enemies":"3 Louse","floor":11.0,"turns":3.0},{"damage":28.0,"enemies":"3 Sentries","floor":12.0,"turns":5.0},{"damage":19.0,"enemies":"Blue Slaver","floor":14.0,"turns":5.0},{"damage":7.0,"enemies":"Hexaghost","floor":16.0,"turns":7.0},{"damage":0.0,"enemies":"Shell Parasite","floor":18.0,"turns":3.0},{"damage":7.0,"enemies":"Chosen","floor":20.0,"turns":6.0},{"damage":34.0,"enemies":"Snake Plant","floor":21.0,"turns":5.0},{"damage":4.0,"enemies":"Centurion and Healer","floor":22.0,"turns":4.0},{"damage":0.0,"enemies":"Book of Stabbing","floor":23.0,"turns":3.0},{"damage":31.0,"enemies":"Slavers","floor":25.0,"turns":5.0},{"damage":44.0,"enemies":"Gremlin Leader","floor":28.0,"turns":8.0},{"damage":16.0,"enemies":"Chosen and Byrds","floor":30.0,"turns":5.0},{"damage":7.0,"enemies":"Cultist and Chosen","floor":31.0,"turns":6.0},{"damage":20.0,"enemies":"Collector","floor":33.0,"turns":10.0},{"damage":18.0,"enemies":"3 Shapes","floor":35.0,"turns":5.0},{"damage":42.0,"enemies":"3 Darklings","floor":36.0,"turns":7.0},{"damage":17.0,"enemies":"Sphere and 2 Shapes","floor":37.0,"turns":7.0},{"damage":0.0,"enemies":"Maw","floor":39.0,"turns":6.0},{"damage":0.0,"enemies":"Reptomancer","floor":41.0,"turns":5.0},{"damage":21,"enemies":"Writhing Mass","floor":42,"turns":9},{"damage":21,"enemies":"Giant Head","floor":44,"turns":8},{"damage":14,"enemies":"Jaw Worm Horde","floor":45,"turns":4},{"damage":13,"enemies":"Spire Growth","floor":46,"turns":6},{"damage":0,"enemies":"Sphere and 2 Shapes","floor":48,"turns":2},{"damage":24,"enemies":"Awakened One","floor":50,"turns":11}],"seed_played":"2685156437874187059","potions_obtained":[{"floor":3.0,"key":"FairyPotion"},{"floor":5.0,"key":"Energy Potion"},{"floor":10.0,"key":"Dexterity Potion"},{"floor":33.0,"key":"Regen Potion"},{"floor":36.0,"key":"Swift Potion"},{"floor":42,"key":"Block Potion"},{"floor":44,"key":"SpeedPotion"}],"is_trial":false,"path_per_floor":["M","$","M","M","M","R","E","R","T","E","M","E","R","M","R","B",null,"M","$","M","M","M","E","R","E","T","R","E","$","M","M","R","B",null,"M","M","M","$","M","R","E","M","T","E","M","M","$","M","R","B",null],"character_chosen":"IRONCLAD","items_purchased":["Shrug It Off","Flame Barrier","Charon\u0027s Ashes","Kunai","Dexterity Potion","Bludgeon"],"campfire_rested":2,"item_purchase_floors":[19,19,38,47,47,47],"current_hp_per_floor":[67,67,73,69,64,64,50,50,50,39,46,42,42,37,61,60,75,80,80,79,51,55,61,61,48,48,48,20,20,20,37,61,47,72,60,65,66,66,80,80,80,65,65,50,72,65,65,80,80,80],"gold":36,"neow_bonus":"ONE_RARE_RELIC","is_prod":false,"is_daily":false,"chose_seed":false,"campfire_upgraded":7,"win_rate":0,"timestamp":1555902374,"path_taken":["M","$","M","M","M","R","E","R","T","E","M","E","R","M","R","BOSS","M","$","M","M","M","E","R","E","T","R","E","$","M","M","R","BOSS","M","M","M","$","M","R","E","M","T","E","M","M","$","M","R","BOSS"],"build_version":"2019-01-23","purchased_purges":4,"victory":true,"max_hp_per_floor":[80,80,80,80,80,80,80,80,80,80,80,80,80,80,80,80,80,80,80,80,80,80,80,80,80,80,80,80,80,80,80,80,80,80,80,80,80,80,80,80,80,80,80,80,80,80,80,80,80,80],"card_choices":[{"not_picked":["Seeing Red","Perfected Strike"],"picked":"Cleave","floor":1.0},{"not_picked":["Body Slam","Havoc"],"picked":"Flex","floor":3.0},{"not_picked":["Shrug It Off","Dropkick"],"picked":"Whirlwind","floor":4.0},{"not_picked":["Second Wind","Thunderclap"],"picked":"Disarm","floor":5.0},{"not_picked":["Metallicize","Sword Boomerang"],"picked":"Reaper","floor":7.0},{"not_picked":["Offering","Flame Barrier"],"picked":"Corruption","floor":10.0},{"not_picked":["Iron Wave","Battle Trance"],"picked":"Rampage","floor":11.0},{"not_picked":["Wild Strike","Bloodletting"],"picked":"Iron Wave","floor":12.0},{"not_picked":["Havoc","Evolve","Warcry"],"picked":"SKIP","floor":14.0},{"not_picked":["Fiend Fire","Bludgeon"],"picked":"Barricade","floor":16.0},{"not_picked":["Pommel Strike","Thunderclap+1"],"picked":"Ghostly Armor","floor":18.0},{"not_picked":["Perfected Strike","Uppercut+1","Dropkick"],"picked":"SKIP","floor":20.0},{"not_picked":["Shrug It Off","Searing Blow"],"picked":"Inflame+1","floor":21.0},{"not_picked":["Havoc","Dual Wield"],"picked":"Armaments+1","floor":22.0},{"not_picked":["Demon Form","Thunderclap","Fire Breathing"],"picked":"SKIP","floor":23.0},{"not_picked":["Twin Strike","Wild Strike"],"picked":"Sentinel","floor":25.0},{"not_picked":["Inflame","Warcry","Immolate"],"picked":"SKIP","floor":28.0},{"not_picked":["Thunderclap+1","Flex"],"picked":"Shrug It Off","floor":30.0},{"not_picked":["Warcry","Clash","Uppercut"],"picked":"SKIP","floor":31.0},{"not_picked":["Perfected Strike+1","Body Slam","Sword Boomerang+1","Cleave"],"picked":"SKIP","floor":35.0},{"not_picked":["Iron Wave","Seeing Red","Blood for Blood"],"picked":"Metallicize+1","floor":36.0},{"not_picked":["Uppercut+1","Infernal Blade+1","Rage"],"picked":"Ghostly Armor+1","floor":37.0},{"not_picked":["Reckless Charge","Sword Boomerang+1","Twin Strike+1","Clothesline+1"],"picked":"SKIP","floor":39.0},{"not_picked":["Second Wind","Searing Blow","Wild Strike","Rupture"],"picked":"SKIP","floor":41.0},{"not_picked":["Reckless Charge+1","Hemokinesis","Corruption+1"],"picked":"Armaments+1","floor":42},{"not_picked":["Searing Blow","Pummel+1","Cleave+1"],"picked":"Entrench+1","floor":44},{"not_picked":["Dark Embrace+1","Pummel","True Grit"],"picked":"Shockwave+1","floor":45},{"not_picked":["Wild Strike","True Grit","Pommel Strike","Blood for Blood"],"picked":"SKIP","floor":46},{"not_picked":["Dual Wield+1","Warcry","Twin Strike"],"picked":"Body Slam+1","floor":48}],"player_experience":707977,"relics_obtained":[{"floor":7.0,"key":"Turnip"},{"floor":9.0,"key":"Dead Branch"},{"floor":10.0,"key":"The Courier"},{"floor":12.0,"key":"Sundial"},{"floor":25.0,"key":"Old Coin"},{"floor":26.0,"key":"Ornamental Fan"},{"floor":28.0,"key":"Du-Vu Doll"},{"floor":34.0,"key":"Juzu Bracelet"},{"floor":34.0,"key":"Question Card"},{"floor":34.0,"key":"Thread and Needle"},{"floor":41.0,"key":"Lantern"},{"floor":44,"key":"Frozen Egg 2"}],"event_choices":[],"is_beta":false,"boss_relics":[{"not_picked":["Empty Cage","Velvet Choker"],"picked":"Cursed Key"},{"not_picked":["Runic Pyramid","Runic Cube"],"picked":"Calling Bell"}],"items_purged_floors":[2,29,38,47],"is_endless":false,"potions_floor_spawned":[3,5,10,12,16,20,21,22,33,36,42,44,46],"ascension_level":11}