{"gold_per_floor":[111,43,62,78,89,122,122,87,87,97,129,129,139,139,139,237,237,248,248],"floor_reached":19,"playtime":706,"items_purged":[],"score":277,"play_id":"5488f34a-1c2e-4f45-9007-f12be86433e5","local_time":"20181208181815","is_ascension_mode":true,"campfire_choices":[{"data":"Consume","floor":7,"key":"SMITH"},{"data":"Zap","floor":12,"key":"SMITH"},{"data":"Hologram","floor":15,"key":"SMITH"}],"neow_cost":"NONE","seed_source_timestamp":198204473477776,"circlet_count":0,"master_deck":["AscendersBane","Strike_B","Defend_B","Defend_B","Defend_B","Defend_B","Zap+1","Dualcast","Hologram+1","Undo","Ball Lightning","Compile Driver","Consume+1","Cold Snap","Auto Shields","Stack","Cold Snap","Core Surge","Amplify+1","Skim+1","Rebound+1","Barrage"],"relics":["Cracked Core","NeowsBlessing","Regal Pillow","Bottled Lightning","Sundial","Symbiotic Virus","Astrolabe"],"potions_floor_usage":[6,11,13],"damage_taken":[{"damage":0,"enemies":"Cultist","floor":1,"turns":1},{"damage":0,"enemies":"Small Slimes","floor":3,"turns":1},{"damage":0,"enemies":"Jaw Worm","floor":4,"turns":1},{"damage":24,"enemies":"Gremlin Gang","floor":5,"turns":6},{"damage":20,"enemies":"Lagavulin","floor":6,"turns":7},{"damage":1,"enemies":"2 Fungi Beasts","floor":10,"turns":3},{"damage":3,"enemies":"Gremlin Nob","floor":11,"turns":4},{"damage":6,"enemies":"Looter","floor":13,"turns":2},{"damage":17,"enemies":"Slime Boss","floor":16,"turns":7},{"damage":23,"enemies":"3 Byrds","floor":18,"turns":4},{"damage":0,"enemies":"2 Thieves","floor":19,"turns":1}],"seed_played":"7774728989161296551","potions_obtained":[{"floor":5,"key":"AttackPotion"},{"floor":6,"key":"GamblersBrew"},{"floor":10,"key":"EssenceOfSteel"},{"floor":11,"key":"Fruit Juice"},{"floor":13,"key":"SkillPotion"}],"is_trial":false,"path_per_floor":["M","$","M","M","M","E","R","?","T","M","E","R","M","T","R","B",null,"M","M"],"character_chosen":"DEFECT","items_purchased":["Undo"],"campfire_rested":0,"item_purchase_floors":[2],"current_hp_per_floor":[68,68,68,68,44,24,24,42,42,41,38,38,37,37,37,20,65,42,42],"gold":248,"neow_bonus":"THREE_ENEMY_KILL","is_prod":false,"is_daily":false,"chose_seed":false,"campfire_upgraded":3,"win_rate":0,"timestamp":1544273295,"path_taken":["M","$","?","M","M","E","R","?","T","M","E","R","M","?","R","BOSS","M","M"],"build_version":"2018-12-06","purchased_purges":0,"victory":false,"max_hp_per_floor":[75,75,75,75,75,75,75,75,75,75,75,75,80,80,80,80,80,80,80],"card_choices":[{"not_picked":["Beam Cell","Steam"],"picked":"Hologram","floor":1},{"not_picked":["Skim","Hologram"],"picked":"Ball Lightning","floor":3},{"not_picked":["Beam Cell","Capacitor"],"picked":"Compile Driver","floor":4},{"not_picked":["Meteor Strike","Force Field"],"picked":"Consume","floor":5},{"not_picked":["Leap","Rip and Tear"],"picked":"Cold Snap","floor":6},{"not_picked":["Ball Lightning","Hologram"],"picked":"Auto Shields","floor":10},{"not_picked":["Recycle","Redo"],"picked":"Stack","floor":11},{"not_picked":["Steam","Blizzard"],"picked":"Cold Snap","floor":13},{"not_picked":["Reboot","Meteor Strike"],"picked":"Core Surge","floor":16},{"not_picked":["Force Field","Turbo+1"],"picked":"Barrage","floor":18}],"player_experience":861998,"relics_obtained":[{"floor":6,"key":"Regal Pillow"},{"floor":9,"key":"Bottled Lightning"},{"floor":11,"key":"Sundial"},{"floor":14,"key":"Symbiotic Virus"}],"event_choices":[{"damage_healed":18,"gold_gain":0,"player_choice":"Healed","damage_taken":0,"max_hp_gain":0,"max_hp_loss":0,"event_name":"The Cleric","floor":8,"gold_loss":35}],"is_beta":true,"boss_relics":[{"not_picked":["Orrery","Cursed Key"],"picked":"Astrolabe"}],"items_purged_floors":[],"is_endless":false,"potions_floor_spawned":[5,6,10,11,13],"killed_by":"2 Thieves","ascension_level":11}