{"path_per_floor":["M","M","$","M","?","E","R","M","T","R","$","M","E","M","R","B",null,"M","$","M","M","$","R","M","R","T","?","?","E","R","M","R","B",null,"M","M","?","?","$","R","M","R","T","$"],"character_chosen":"DEFECT","items_purchased":["Mummified Hand","Storm","Static Discharge","Capacitor","Regen Potion","Gash","Leap","Coolheaded","Bandage Up","All For One","Capacitor"],"gold_per_floor":[366,382,43,54,104,130,130,147,147,147,70,87,122,138,138,216,216,234,61,72,82,45,45,65,65,91,91,91,124,124,139,139,212,212,223,239,239,239,43,43,58,58,128,3,3],"floor_reached":45,"campfire_rested":5,"playtime":1324,"current_hp_per_floor":[59,58,58,56,56,47,47,46,46,46,46,46,42,39,60,32,61,19,19,18,17,17,38,18,39,52,52,52,33,50,53,53,21,49,35,36,54,54,54,54,28,47,53,53,0],"items_purged":["Doubt"],"gold":3,"score":825,"play_id":"c6591c0f-0d0e-4d1b-931c-9ebfc499cafe","local_time":"20180514132350","is_prod":false,"is_daily":false,"chose_seed":false,"is_ascension_mode":true,"campfire_upgraded":4,"timestamp":1526275430,"path_taken":["M","M","$","M","?","E","R","M","T","R","$","M","E","M","R","BOSS","M","$","M","M","$","R","M","R","T","?","?","E","R","M","R","BOSS","M","M","?","?","$","R","?","R","T","$","E"],"build_version":"2018-05-12v2","seed_source_timestamp":348093065958643,"purchased_purges":1,"victory":false,"master_deck":["Defend_B","Defend_B","Defend_B","Defend_B","Zap","Dualcast","AscendersBane","Conserve Battery","Glacier","Storm+1","Doom and Gloom","White Noise+1","Go for the Eyes","Static Discharge","Defragment+1","Streamline","Capacitor","Meteor Strike","Steam Power+1","Capacitor","Cold Snap","Turbo","Gash","Reinforced Body","Bite","Bite","Bite","Bite","Bite","Beam Cell","Stack+1","Reboot+1","Turbo+1","Beam Cell","Writhe","Leap","Coolheaded","Bandage Up","Consume+1","Regret","All For One","Capacitor+1"],"max_hp_per_floor":[71,71,71,71,71,71,71,71,71,71,71,71,71,71,71,71,71,71,71,71,71,71,71,71,71,84,84,58,58,58,58,58,58,58,58,58,64,64,64,64,64,64,70,70,70],"relics":["Cracked Core","Mummified Hand","Happy Flower","Ornamental Fan","Darkstone Periapt","Cursed Key","Strawberry","Meat on the Bone","Runic Dome","Frozen Egg 2"],"card_choices":[{"not_picked":["Axe Kick","Beam Cell"],"picked":"Conserve Battery","floor":1.0},{"not_picked":["Darkness","Force Field"],"picked":"Glacier","floor":2.0},{"not_picked":["Hologram","Streamline"],"picked":"Doom and Gloom","floor":4.0},{"not_picked":["Double Energy","Ball Lightning"],"picked":"White Noise","floor":6.0},{"not_picked":["Steam","Streamline"],"picked":"Go for the Eyes","floor":8.0},{"not_picked":["Glacier","Scrape"],"picked":"Defragment","floor":12.0},{"not_picked":["Axe Kick","Turbo"],"picked":"Streamline","floor":13.0},{"not_picked":["Meteor Strike","Barrage"],"picked":"Capacitor","floor":14.0},{"not_picked":["Thunder Strike","All For One"],"picked":"Meteor Strike","floor":16.0},{"not_picked":["Ball Lightning+1","Go for the Eyes"],"picked":"Steam Power+1","floor":18.0},{"not_picked":["FTL","Chaos"],"picked":"Cold Snap","floor":20.0},{"not_picked":["Recycle","Stack"],"picked":"Turbo","floor":21.0},{"not_picked":["Sweeping Beam","Barrage"],"picked":"Reinforced Body","floor":24.0},{"not_picked":["Axe Kick","Beam Cell","Darkness"],"picked":"SKIP","floor":29.0},{"not_picked":["Axe Kick","Darkness"],"picked":"Beam Cell","floor":29.0},{"not_picked":["Axe Kick","Lockon+1"],"picked":"Stack+1","floor":31.0},{"not_picked":["Electrodynamics","Multi-Cast"],"picked":"Reboot","floor":33.0},{"not_picked":["Doom and Gloom","Barrage+1"],"picked":"Turbo+1","floor":35.0},{"not_picked":["Turbo","Recycle"],"picked":"Beam Cell","floor":36.0},{"not_picked":["Cold Snap","Hello World+1"],"picked":"Consume+1","floor":41}],"player_experience":986498,"potions_floor_usage":[],"damage_taken":[{"damage":5.0,"enemies":"Small Slimes","floor":1.0,"turns":3.0},{"damage":1.0,"enemies":"Cultist","floor":2.0,"turns":3.0},{"damage":2.0,"enemies":"Jaw Worm","floor":4.0,"turns":4.0},{"damage":9.0,"enemies":"3 Sentries","floor":6.0,"turns":8.0},{"damage":1.0,"enemies":"Blue Slaver","floor":8.0,"turns":3.0},{"damage":0.0,"enemies":"2 Fungi Beasts","floor":12.0,"turns":2.0},{"damage":4.0,"enemies":"Gremlin Nob","floor":13.0,"turns":3.0},{"damage":3.0,"enemies":"Looter","floor":14.0,"turns":3.0},{"damage":28.0,"enemies":"Slime Boss","floor":16.0,"turns":7.0},{"damage":42.0,"enemies":"2 Thieves","floor":18.0,"turns":4.0},{"damage":13.0,"enemies":"Chosen","floor":20.0,"turns":5.0},{"damage":1.0,"enemies":"Centurion and Healer","floor":21.0,"turns":5.0},{"damage":20.0,"enemies":"Chosen and Byrds","floor":24.0,"turns":4.0},{"damage":25.0,"enemies":"Book of Stabbing","floor":29.0,"turns":5.0},{"damage":7.0,"enemies":"Cultist and Chosen","floor":31.0,"turns":5.0},{"damage":71.0,"enemies":"Automaton","floor":33.0,"turns":14.0},{"damage":30.0,"enemies":"3 Darklings","floor":35.0,"turns":3.0},{"damage":15.0,"enemies":"3 Shapes","floor":36.0,"turns":4.0},{"damage":50,"enemies":"3 Darklings","floor":41,"turns":5},{"damage":75,"enemies":"2 Orb Walkers","floor":45,"turns":4}],"event_choices":[{"event_name":"Golden Shrine","player_choice":"Pray","floor":5.0,"damage_taken":0.0},{"event_name":"Back to Basics","player_choice":"Elegance","floor":27.0,"damage_taken":0.0},{"event_name":"Vampires","player_choice":"Became a vampire","floor":28.0,"damage_taken":0.0},{"event_name":"Winding Halls","player_choice":"Writhe","floor":37.0,"damage_taken":0.0},{"event_name":"Tomb of Lord Red Mask","player_choice":"Ignored","floor":38.0,"damage_taken":0.0}],"boss_relics":[],"potions_floor_spawned":[1,6,12,14,16,20,21,24,33,41],"seed_played":"-6506070142310594218","killed_by":"2 Orb Walkers","ascension_level":15,"is_trial":false}