{"gold_per_floor":[110,125,8,18,18,74,100,100,154,169,169,186,206,218,218,297,297,314,314,314,22,16,16,30,43,43,58,58,68,88,104,104,104],"floor_reached":33,"playtime":1963,"items_purged":["Pain"],"score":471,"play_id":"31ef9fa9-64fe-4fdc-a7b7-a29e87ac43d6","local_time":"20190415152314","is_ascension_mode":true,"campfire_choices":[{"floor":8.0,"key":"REST"},{"data":"Noxious Fumes","floor":11.0,"key":"SMITH"},{"floor":15.0,"key":"REST"},{"floor":23.0,"key":"REST"},{"floor":32,"key":"REST"}],"neow_cost":"NONE","seed_source_timestamp":0,"circlet_count":0,"master_deck":["AscendersBane","Defend_G","Defend_G","Defend_G","Defend_G","Defend_G","Survivor","Neutralize","Blade Dance","Footwork","Noxious Fumes+1","Calculated Gamble","Dodge and Roll","Dagger Spray","Flechettes","Envenom","Leg Sweep","Burst","Acrobatics","Deflect","Glass Knife","Terror","Footwork","Deadly Poison","Backflip","Poisoned Stab","Cloak And Dagger","Bite","Bite","Bite","Bite","Bite","Well Laid Plans","Cloak And Dagger"],"special_seed":0,"relics":["Ring of the Snake","NeowsBlessing","Tiny Chest","Bag of Marbles","Omamori","Calling Bell","Bronze Scales","Blue Candle","Torii","Blood Vial","Ninja Scroll"],"potions_floor_usage":[27,30,33,33],"damage_taken":[{"damage":0.0,"enemies":"Cultist","floor":1.0,"turns":1.0},{"damage":0.0,"enemies":"Jaw Worm","floor":2.0,"turns":1.0},{"damage":0.0,"enemies":"2 Louse","floor":4.0,"turns":1.0},{"damage":48.0,"enemies":"Gremlin Nob","floor":6.0,"turns":6.0},{"damage":7.0,"enemies":"Large Slime","floor":10.0,"turns":9.0},{"damage":0.0,"enemies":"Exordium Wildlife","floor":12.0,"turns":4.0},{"damage":4.0,"enemies":"3 Louse","floor":13.0,"turns":3.0},{"damage":4.0,"enemies":"Large Slime","floor":14.0,"turns":8.0},{"damage":18.0,"enemies":"Slime Boss","floor":16.0,"turns":11.0},{"damage":21.0,"enemies":"Shell Parasite","floor":18.0,"turns":8.0},{"damage":11.0,"enemies":"2 Thieves","floor":22.0,"turns":4.0},{"damage":19.0,"enemies":"Sentry and Sphere","floor":24.0,"turns":5.0},{"damage":11,"enemies":"Centurion and Healer","floor":25,"turns":12},{"damage":2,"enemies":"Snake Plant","floor":27,"turns":5},{"damage":12,"enemies":"Cultist and Chosen","floor":29,"turns":6},{"damage":13,"enemies":"3 Cultists","floor":30,"turns":6},{"damage":17,"enemies":"Snake Plant","floor":31,"turns":5},{"damage":44,"enemies":"Automaton","floor":33,"turns":8}],"seed_played":"5527316767546206983","potions_obtained":[{"floor":6.0,"key":"Fire Potion"},{"floor":10.0,"key":"Fire Potion"},{"floor":18.0,"key":"Block Potion"},{"floor":25,"key":"Fruit Juice"},{"floor":27,"key":"Dexterity Potion"},{"floor":31,"key":"Energy Potion"}],"is_trial":false,"path_per_floor":["M","M","$","M","$","E","T","R","T","M","R","M","M","M","R","B",null,"M","?","?","$","M","R","M","M","T","M","?","M","M","M","R","B"],"character_chosen":"THE_SILENT","items_purchased":["Noxious Fumes","Calculated Gamble","Footwork","Blood Vial"],"campfire_rested":4,"item_purchase_floors":[3,3,21,21],"current_hp_per_floor":[59,59,59,59,59,11,11,30,30,23,23,23,19,15,34,16,54,33,33,33,33,24,43,26,17,17,22,22,22,19,10,24,0],"gold":104,"neow_bonus":"THREE_ENEMY_KILL","is_prod":false,"is_daily":false,"chose_seed":false,"campfire_upgraded":1,"win_rate":0,"timestamp":1555356194,"path_taken":["M","M","$","?","$","E","?","R","T","M","R","M","M","M","R","BOSS","M","?","?","$","M","R","M","M","T","M","?","M","M","M","R","BOSS"],"build_version":"2019-04-04","purchased_purges":1,"victory":false,"max_hp_per_floor":[66,66,66,66,66,66,66,66,66,66,66,66,66,66,66,66,66,66,66,66,66,66,66,66,66,66,71,49,49,49,49,49,49],"card_choices":[{"not_picked":["Bane","Caltrops"],"picked":"Blade Dance","floor":1.0},{"not_picked":["Blade Dance","Underhanded Strike"],"picked":"Footwork","floor":2.0},{"not_picked":["Prepared","Outmaneuver"],"picked":"Dodge and Roll","floor":4.0},{"not_picked":["Choke","Dagger Throw","Riddle With Holes"],"picked":"SKIP","floor":6.0},{"not_picked":["Prepared","Concentrate"],"picked":"Dagger Spray","floor":10.0},{"not_picked":["Quick Slash","Endless Agony"],"picked":"Flechettes","floor":12.0},{"not_picked":["Deadly Poison","Cloak And Dagger"],"picked":"Envenom","floor":13.0},{"not_picked":["Concentrate","Expertise"],"picked":"Leg Sweep","floor":14.0},{"not_picked":["Bullet Time","Venomology"],"picked":"Burst","floor":16.0},{"not_picked":["Dagger Spray","Slice"],"picked":"Acrobatics","floor":18.0},{"not_picked":["Underhanded Strike","Expertise"],"picked":"Deadly Poison","floor":22.0},{"not_picked":["Setup","Dagger Throw"],"picked":"Backflip","floor":24.0},{"not_picked":["Riddle With Holes","Deflect"],"picked":"Poisoned Stab","floor":25},{"not_picked":["Night Terror","Backflip"],"picked":"Cloak And Dagger","floor":27},{"not_picked":["Dodge and Roll","Caltrops"],"picked":"Well Laid Plans","floor":29},{"not_picked":["Prepared","Underhanded Strike","Outmaneuver"],"picked":"SKIP","floor":30},{"not_picked":["Sucker Punch","Caltrops"],"picked":"Cloak And Dagger","floor":31}],"player_experience":952150,"relics_obtained":[{"floor":6.0,"key":"Tiny Chest"},{"floor":7.0,"key":"Bag of Marbles"},{"floor":9.0,"key":"Omamori"},{"floor":17.0,"key":"Bronze Scales"},{"floor":17.0,"key":"Blue Candle"},{"floor":17.0,"key":"Torii"},{"floor":26,"key":"Ninja Scroll"}],"event_choices":[{"damage_healed":0.0,"max_hp_gain":0.0,"max_hp_loss":0.0,"gold_gain":0.0,"cards_transformed":["Strike_G","Strike_G"],"event_name":"Drug Dealer","player_choice":"Became Test Subject","floor":19.0,"gold_loss":0.0,"damage_taken":0.0,"cards_obtained":["Deflect","Glass Knife"]},{"damage_healed":0.0,"max_hp_gain":0.0,"max_hp_loss":0.0,"gold_gain":0.0,"event_name":"The Library","player_choice":"Read","floor":20.0,"gold_loss":0.0,"damage_taken":0.0,"cards_obtained":["Terror"]},{"damage_healed":0,"gold_gain":0,"player_choice":"Became a vampire","damage_taken":0,"max_hp_gain":0,"max_hp_loss":22,"event_name":"Vampires","floor":28,"gold_loss":0,"cards_obtained":["Bite","Bite","Bite","Bite","Bite"]}],"is_beta":true,"boss_relics":[{"not_picked":["Fusion Hammer","Eternal Feather"],"picked":"Calling Bell"}],"items_purged_floors":[21],"is_endless":false,"potions_floor_spawned":[6,10,12,16,18,25,27,29,31],"killed_by":"Automaton","ascension_level":15}