{"gold_per_floor":[18,34,50,68,78,78,113,124,150,174,187,187,187,76,76,179,179,193,206,224,224,224,224,224,224],"floor_reached":25,"playtime":2167,"items_purged":["Strike_B"],"score":205,"play_id":"7f06775c-88f6-4f50-a5f1-edba233eb5a9","local_time":"20190127145422","is_ascension_mode":false,"campfire_choices":[{"data":"Zap","floor":6.0,"key":"SMITH"},{"data":"White Noise","floor":12.0,"key":"SMITH"},{"data":"Auto Shields","floor":15.0,"key":"SMITH"},{"data":"Machine Learning","floor":23,"key":"SMITH"}],"neow_cost":"NO_GOLD","seed_source_timestamp":0,"circlet_count":0,"master_deck":["Defend_B","Defend_B","Defend_B","Zap+1","Dualcast","Ball Lightning","Tempest","BootSequence","Defragment","Loop","Leap","Hologram","Auto Shields+1","Cold Snap","White Noise+1","Beam Cell","Self Repair","Machine Learning+1","Loop+1","Reprogram","Defragment"],"special_seed":0,"relics":["Cracked Core","Regal Pillow","Juzu Bracelet","Odd Mushroom","Oddly Smooth Stone","Inserter"],"potions_floor_usage":[20],"damage_taken":[{"damage":0.0,"enemies":"Cultist","floor":1.0,"turns":2.0},{"damage":0.0,"enemies":"Small Slimes","floor":2.0,"turns":3.0},{"damage":1.0,"enemies":"Jaw Worm","floor":3.0,"turns":3.0},{"damage":0.0,"enemies":"Exordium Wildlife","floor":4.0,"turns":3.0},{"damage":5.0,"enemies":"Exordium Thugs","floor":5.0,"turns":5.0},{"damage":13.0,"enemies":"3 Sentries","floor":7.0,"turns":4.0},{"damage":0.0,"enemies":"Large Slime","floor":8.0,"turns":4.0},{"damage":5.0,"enemies":"The Mushroom Lair","floor":10.0,"turns":4.0},{"damage":0.0,"enemies":"Looter","floor":11.0,"turns":3.0},{"damage":27.0,"enemies":"The Guardian","floor":16.0,"turns":10.0},{"damage":2.0,"enemies":"Shell Parasite","floor":18.0,"turns":7.0},{"damage":0,"enemies":"Chosen","floor":19,"turns":3},{"damage":10,"enemies":"Centurion and Healer","floor":20,"turns":8},{"damage":73,"enemies":"Gremlin Leader","floor":25,"turns":8}],"seed_played":"124763832151323588","potions_obtained":[{"floor":1.0,"key":"Energy Potion"},{"floor":2.0,"key":"Block Potion"},{"floor":5.0,"key":"Strength Potion"},{"floor":16.0,"key":"SteroidPotion"},{"floor":18,"key":"FearPotion"},{"floor":19,"key":"Weak Potion"}],"is_trial":false,"path_per_floor":["M","M","M","M","M","R","E","M","T","?","M","R","?","$","R","B",null,"M","M","M","?","?","R","?","E"],"character_chosen":"DEFECT","items_purchased":["Self Repair"],"campfire_rested":0,"item_purchase_floors":[14],"current_hp_per_floor":[75,75,74,74,69,69,56,56,56,51,51,51,39,39,39,19,75,75,75,72,72,58,58,58,0],"gold":224,"neow_bonus":"TRANSFORM_TWO_CARDS","is_prod":false,"is_daily":false,"chose_seed":false,"campfire_upgraded":4,"win_rate":0.0,"timestamp":1548597262,"path_taken":["M","M","?","M","M","R","E","M","T","?","M","R","?","$","R","BOSS","M","M","M","?","?","R","?","E"],"build_version":"2019-01-23","purchased_purges":1,"victory":false,"max_hp_per_floor":[75,75,75,75,75,75,75,75,75,75,75,75,75,75,75,75,75,75,75,75,75,80,80,80,80],"card_choices":[{"not_picked":["Rip and Tear","Leap"],"picked":"BootSequence","floor":1.0},{"not_picked":["Hologram","Cold Snap"],"picked":"Defragment","floor":2.0},{"not_picked":["Chaos","Sunder"],"picked":"Loop","floor":3.0},{"not_picked":["Streamline","Hyperbeam"],"picked":"Leap","floor":4.0},{"not_picked":["Go for the Eyes","Sweeping Beam"],"picked":"Hologram","floor":5.0},{"not_picked":["Beam Cell","Hello World"],"picked":"Auto Shields","floor":7.0},{"not_picked":["Rebound","Streamline"],"picked":"Cold Snap","floor":8.0},{"not_picked":["Steam Power","Fusion"],"picked":"White Noise","floor":10.0},{"not_picked":["Fusion","Sunder"],"picked":"Beam Cell","floor":11.0},{"not_picked":["Multi-Cast","Echo Form"],"picked":"Machine Learning","floor":16.0},{"not_picked":["BootSequence","Sweeping Beam","Fusion"],"picked":"SKIP","floor":18},{"not_picked":["Stack","Steam"],"picked":"Loop+1","floor":19},{"not_picked":["Go for the Eyes","Leap"],"picked":"Reprogram","floor":20}],"player_experience":52027,"relics_obtained":[{"floor":7.0,"key":"Regal Pillow"},{"floor":9.0,"key":"Juzu Bracelet"},{"floor":10.0,"key":"Odd Mushroom"}],"event_choices":[{"damage_healed":0.0,"max_hp_gain":0.0,"max_hp_loss":0.0,"gold_gain":0.0,"event_name":"Mushrooms","player_choice":"Fought Mushrooms","floor":10.0,"gold_loss":0.0,"damage_taken":0.0},{"damage_healed":0.0,"max_hp_gain":0.0,"max_hp_loss":0.0,"gold_gain":0.0,"event_name":"Scrap Ooze","player_choice":"Success","floor":13.0,"gold_loss":0.0,"damage_taken":12.0,"relics_obtained":["Oddly Smooth Stone"]},{"cards_removed":["Strike_B"],"damage_healed":0,"gold_gain":0,"player_choice":"Elegance","damage_taken":0,"max_hp_gain":0,"max_hp_loss":0,"event_name":"Back to Basics","floor":21,"gold_loss":0},{"damage_healed":0,"gold_gain":0,"player_choice":"Shed Blood","damage_taken":19,"max_hp_gain":5,"max_hp_loss":0,"event_name":"Forgotten Altar","floor":22,"gold_loss":0},{"damage_healed":0,"gold_gain":0,"cards_transformed":["Defend_B"],"player_choice":"Transformed","damage_taken":0,"max_hp_gain":0,"max_hp_loss":0,"event_name":"Transmorgrifier","floor":24,"gold_loss":0,"cards_obtained":["Defragment"]}],"is_beta":false,"boss_relics":[{"not_picked":["Black Star","Eternal Feather"],"picked":"Inserter"}],"items_purged_floors":[14],"is_endless":false,"potions_floor_spawned":[1,2,5,16,18,19],"killed_by":"Gremlin Leader","ascension_level":0}