{"gold_per_floor":[119,139,157,157,171,204,204,243,243,263,263,298,313,388,388,517,517,541,564,582,8,21,21,34,34,103,43,43,56,56,56,56,56],"floor_reached":33,"playtime":2404,"items_purged":["Strike_G"],"score":348,"play_id":"397cbb71-7b33-4fce-889c-2b3386bf4736","local_time":"20190301112927","is_ascension_mode":true,"campfire_choices":[{"floor":11.0,"key":"REST"},{"floor":15.0,"key":"REST"},{"data":"After Image","floor":23.0,"key":"SMITH"},{"data":"Footwork","floor":25.0,"key":"SMITH"},{"data":"Wraith Form v2","floor":32,"key":"SMITH"}],"neow_cost":"NONE","seed_source_timestamp":41239956156207,"circlet_count":0,"master_deck":["Defend_G","Defend_G","Defend_G","Defend_G","Defend_G","Strike_G","Strike_G+1","Strike_G+1","Survivor","Neutralize","Dash","Skewer","Poisoned Stab","Wraith Form v2+1","Footwork+1","Dagger Throw","Corpse Explosion","Leg Sweep","Acrobatics","After Image+1","Prepared","Caltrops","Distraction+1","PiercingWail+1","Backflip+1","Well Laid Plans","Dodge and Roll+1","Ghostly+1","Ghostly+1","Ghostly+1","Ghostly+1","Ghostly+1"],"special_seed":0,"relics":["Ring of the Snake","Mummified Hand","Golden Idol","Lantern","Centennial Puzzle","The Courier","Orrery","Toxic Egg 2","Dead Branch","Singing Bowl","Ornamental Fan"],"potions_floor_usage":[],"damage_taken":[{"damage":0.0,"enemies":"Small Slimes","floor":1.0,"turns":4.0},{"damage":0.0,"enemies":"2 Louse","floor":2.0,"turns":2.0},{"damage":2.0,"enemies":"Jaw Worm","floor":3.0,"turns":3.0},{"damage":1.0,"enemies":"Looter","floor":5.0,"turns":3.0},{"damage":17.0,"enemies":"Gremlin Nob","floor":6.0,"turns":4.0},{"damage":16.0,"enemies":"Lagavulin","floor":8.0,"turns":6.0},{"damage":0.0,"enemies":"Gremlin Gang","floor":10.0,"turns":5.0},{"damage":9.0,"enemies":"3 Sentries","floor":12.0,"turns":12.0},{"damage":0.0,"enemies":"2 Fungi Beasts","floor":13.0,"turns":3.0},{"damage":21.0,"enemies":"The Guardian","floor":16.0,"turns":16.0},{"damage":8.0,"enemies":"Chosen","floor":18.0,"turns":7.0},{"damage":3.0,"enemies":"Spheric Guardian","floor":19.0,"turns":6.0},{"damage":5.0,"enemies":"Snecko","floor":20.0,"turns":6.0},{"damage":5.0,"enemies":"Cultist and Chosen","floor":22.0,"turns":5.0},{"damage":17.0,"enemies":"Centurion and Healer","floor":24.0,"turns":6.0},{"damage":0.0,"enemies":"Chosen and Byrds","floor":29.0,"turns":5.0},{"damage":36,"enemies":"Collector","floor":33,"turns":6}],"seed_played":"7643628717049708005","potions_obtained":[{"floor":0.0,"key":"Ancient Potion"},{"floor":0.0,"key":"AttackPotion"},{"floor":0.0,"key":"SpeedPotion"},{"floor":12.0,"key":"PowerPotion"},{"floor":18.0,"key":"Dexterity Potion"}],"is_trial":false,"path_per_floor":["M","M","M","?","M","E","?","E","T","M","R","E","M","?","R","B",null,"M","M","M","$","M","R","M","R","T","$","?","M","?","?","R","B"],"character_chosen":"THE_SILENT","items_purchased":["Toxic Egg 2","Dead Branch","PiercingWail+1","Backflip+1","Well Laid Plans"],"campfire_rested":2,"item_purchase_floors":[21,21,21,21,21],"current_hp_per_floor":[70,70,68,54,53,36,36,20,20,20,39,30,30,19,38,17,65,57,54,49,49,44,44,27,27,27,27,27,29,29,29,29,0],"gold":56,"neow_bonus":"THREE_SMALL_POTIONS","is_prod":false,"is_daily":false,"chose_seed":false,"campfire_upgraded":3,"win_rate":0,"timestamp":1551436167,"path_taken":["M","M","M","?","M","E","?","E","T","M","R","E","M","?","R","BOSS","M","M","M","$","M","R","M","R","T","$","?","M","?","?","R","BOSS"],"build_version":"2019-01-23","purchased_purges":1,"victory":false,"max_hp_per_floor":[70,70,70,70,70,70,65,65,65,65,65,65,65,65,65,65,65,65,65,65,65,65,65,65,65,65,65,32,34,34,34,34,34],"card_choices":[{"not_picked":["Poisoned Stab","Distraction"],"picked":"Dash","floor":1.0},{"not_picked":["Blade Dance","Backstab"],"picked":"Skewer","floor":2.0},{"not_picked":["Outmaneuver","Deflect"],"picked":"Poisoned Stab","floor":3.0},{"not_picked":["Skewer","Underhanded Strike","Poisoned Stab"],"picked":"SKIP","floor":5.0},{"not_picked":["Acrobatics","Riddle With Holes"],"picked":"Wraith Form v2","floor":6.0},{"not_picked":["Skewer","Cloak And Dagger"],"picked":"Footwork","floor":8.0},{"not_picked":["Prepared","Deflect","Backstab"],"picked":"SKIP","floor":10.0},{"not_picked":["Wraith Form v2","Tactician"],"picked":"Dagger Throw","floor":12.0},{"not_picked":["Underhanded Strike","Prepared","Deflect"],"picked":"SKIP","floor":13.0},{"not_picked":["Phantasmal Killer","Die Die Die"],"picked":"Corpse Explosion","floor":16.0},{"not_picked":["Deadly Poison","Endless Agony"],"picked":"Leg Sweep","floor":17.0},{"not_picked":["Deadly Poison","Blade Dance"],"picked":"Acrobatics","floor":17.0},{"not_picked":["Escape Plan","Backflip"],"picked":"After Image","floor":17.0},{"not_picked":["Deadly Poison","Catalyst"],"picked":"Prepared","floor":17.0},{"not_picked":["Poisoned Stab","Expertise+1"],"picked":"Caltrops","floor":18.0},{"not_picked":["Concentrate","Reflex","Sucker Punch"],"picked":"SKIP","floor":19.0},{"not_picked":["Bane","All Out Attack"],"picked":"Distraction+1","floor":20.0},{"not_picked":["All Out Attack","Poisoned Stab","Grand Finale"],"picked":"SKIP","floor":22.0},{"not_picked":["Caltrops","Bane+1"],"picked":"Dodge and Roll+1","floor":24.0},{"not_picked":["Flying Knee","Slice","Infinite Blades"],"picked":"Singing Bowl","floor":29.0}],"player_experience":164224,"relics_obtained":[{"floor":6.0,"key":"Mummified Hand"},{"floor":8.0,"key":"Lantern"},{"floor":9.0,"key":"Centennial Puzzle"},{"floor":12.0,"key":"The Courier"},{"floor":26.0,"key":"Singing Bowl"}],"event_choices":[{"damage_healed":0.0,"max_hp_gain":0.0,"max_hp_loss":0.0,"gold_gain":0.0,"event_name":"Shining Light","player_choice":"Entered Light","floor":4.0,"gold_loss":0.0,"damage_taken":14.0,"cards_upgraded":["Strike_G","Strike_G"]},{"damage_healed":0.0,"max_hp_gain":0.0,"max_hp_loss":5.0,"gold_gain":0.0,"event_name":"Golden Idol","player_choice":"Lose Max HP","floor":7.0,"gold_loss":0.0,"damage_taken":0.0,"relics_obtained":["Golden Idol"]},{"damage_healed":0.0,"max_hp_gain":0.0,"max_hp_loss":0.0,"gold_gain":75.0,"event_name":"World of Goop","player_choice":"Gather Gold","floor":14.0,"gold_loss":0.0,"damage_taken":11.0},{"damage_healed":0.0,"max_hp_gain":0.0,"max_hp_loss":33.0,"gold_gain":0.0,"event_name":"Ghosts","player_choice":"Became a Ghost","floor":28.0,"gold_loss":0.0,"damage_taken":0.0,"cards_obtained":["Ghostly","Ghostly","Ghostly","Ghostly","Ghostly"]},{"cards_removed":["Strike_G"],"damage_healed":0.0,"max_hp_gain":0.0,"max_hp_loss":0.0,"gold_gain":0.0,"event_name":"Back to Basics","player_choice":"Elegance","floor":30.0,"gold_loss":0.0,"damage_taken":0.0},{"damage_healed":0,"gold_gain":0,"player_choice":"Gave Potion","damage_taken":0,"relics_obtained":["Ornamental Fan"],"max_hp_gain":0,"max_hp_loss":0,"event_name":"WeMeetAgain","floor":31,"gold_loss":0}],"is_beta":false,"boss_relics":[{"not_picked":["Empty Cage","Cursed Key"],"picked":"Orrery"}],"items_purged_floors":[27],"is_endless":false,"potions_floor_spawned":[2,3,5,12,18,24],"killed_by":"Collector","ascension_level":4}