{"gold_per_floor":[112,123,123,143,153,153,185,185,185,185,210,210,221,30,30,107,107,127,143,110,122,22,54,70,70,70,70,88,99,124,73,73,147,147,161,161,23,36,36,36,46,46,73,19,19,48,60,78,78,78,78,78,6,41,41],"floor_reached":56,"playtime":3268,"items_purged":["Pain","Strike_G"],"score":1991,"play_id":"91c250ed-927a-4c50-9c6c-f57bd1413c6d","local_time":"20190306184515","is_ascension_mode":true,"campfire_choices":[{"data":"Neutralize","floor":6,"key":"SMITH"},{"floor":8,"key":"REST"},{"data":"Caltrops","floor":10,"key":"SMITH"},{"data":"Terror","floor":15,"key":"SMITH"},{"floor":25,"key":"REST"},{"data":"Footwork","floor":27,"key":"SMITH"},{"floor":32,"key":"REST"},{"data":"A Thousand Cuts","floor":40,"key":"SMITH"},{"data":"Apotheosis","floor":42,"key":"SMITH"},{"data":"Noxious Fumes","floor":45,"key":"SMITH"},{"floor":49,"key":"RECALL"},{"data":"Acrobatics","floor":52,"key":"SMITH"}],"neow_cost":"NONE","seed_source_timestamp":1035333320941536,"circlet_count":0,"master_deck":["AscendersBane","Defend_G","Defend_G","Defend_G","Defend_G","Defend_G","Strike_G","Strike_G","Strike_G","Strike_G","Survivor","Neutralize+1","Backstab+1","Dodge and Roll","PiercingWail","Dagger Spray","Caltrops+1","Terror+1","Leg Sweep","A Thousand Cuts+1","Cloak And Dagger","Prepared","Dodge and Roll","Footwork+1","Leg Sweep","Corpse Explosion","Tactician+1","Backstab","Concentrate","Dodge and Roll","Bullet Time","Leg Sweep","Apotheosis+1","Noxious Fumes+1","Blur","Acrobatics","Quick Slash+1","Acrobatics+1","Blade Dance","Leg Sweep","PiercingWail","Cloak And Dagger","Heel Hook"],"relics":["Ring of the Snake","Shuriken","Gremlin Horn","Bottled Lightning","WarpedTongs","Runic Pyramid","Nunchaku","Paper Crane","Boot","Sozu","Incense Burner","Ornamental Fan"],"potions_floor_usage":[7,23,30,33,55],"damage_taken":[{"damage":5,"enemies":"Small Slimes","floor":1,"turns":5},{"damage":0,"enemies":"2 Louse","floor":2,"turns":3},{"damage":0,"enemies":"Cultist","floor":4,"turns":3},{"damage":0,"enemies":"Lots of Slimes","floor":5,"turns":7},{"damage":33,"enemies":"Gremlin Nob","floor":7,"turns":6},{"damage":8,"enemies":"3 Sentries","floor":11,"turns":8},{"damage":7,"enemies":"Exordium Thugs","floor":13,"turns":5},{"damage":6,"enemies":"The Guardian","floor":16,"turns":11},{"damage":0,"enemies":"Shell Parasite","floor":18,"turns":6},{"damage":14,"enemies":"2 Thieves","floor":19,"turns":5},{"damage":11,"enemies":"Centurion and Healer","floor":21,"turns":9},{"damage":7,"enemies":"Gremlin Leader","floor":23,"turns":6},{"damage":0,"enemies":"3 Cultists","floor":24,"turns":7},{"damage":0,"enemies":"Shelled Parasite and Fungi","floor":28,"turns":7},{"damage":0,"enemies":"Centurion and Healer","floor":29,"turns":7},{"damage":22,"enemies":"Book of Stabbing","floor":30,"turns":8},{"damage":29,"enemies":"Champ","floor":33,"turns":18},{"damage":0,"enemies":"Orb Walker","floor":35,"turns":4},{"damage":0,"enemies":"3 Shapes","floor":38,"turns":1},{"damage":19,"enemies":"Spire Growth","floor":41,"turns":6},{"damage":0,"enemies":"Reptomancer","floor":46,"turns":6},{"damage":0,"enemies":"Transient","floor":47,"turns":5},{"damage":0,"enemies":"Maw","floor":48,"turns":9},{"damage":24,"enemies":"Donu and Deca","floor":50,"turns":8},{"damage":37,"enemies":"Shield and Spear","floor":54,"turns":6},{"damage":13,"enemies":"The Heart","floor":55,"turns":12}],"seed_played":"8758211959119523083","potions_obtained":[{"floor":1,"key":"Energy Potion"},{"floor":5,"key":"GamblersBrew"},{"floor":7,"key":"PowerPotion"},{"floor":11,"key":"GhostInAJar"},{"floor":21,"key":"GhostInAJar"},{"floor":23,"key":"Weak Potion"},{"floor":30,"key":"GhostInAJar"}],"is_trial":false,"path_per_floor":["M","M","?","M","M","R","E","R","T","R","E","?","M","$","R","B",null,"M","M","$","M","$","E","M","R","T","R","M","M","E","$","R","B",null,"M","?","$","M","?","R","M","R","T","$","R","E","M","M","R","B",null,"R","$","E","B",null],"character_chosen":"THE_SILENT","items_purchased":["A Thousand Cuts","Cloak And Dagger","Footwork","Dodge and Roll","Noxious Fumes","Blur","Acrobatics","PiercingWail","Cloak And Dagger"],"campfire_rested":3,"item_purchase_floors":[14,14,20,31,37,37,44,53,53],"current_hp_per_floor":[60,60,60,60,60,60,27,48,48,48,40,40,33,33,33,27,61,61,47,47,36,36,29,29,50,50,50,50,50,28,28,49,20,59,59,59,59,59,82,82,63,63,63,63,63,63,63,63,63,39,71,71,71,34,21],"gold":41,"neow_bonus":"TEN_PERCENT_HP_BONUS","is_prod":false,"is_daily":false,"chose_seed":false,"campfire_upgraded":8,"win_rate":0,"timestamp":1551915915,"path_taken":["M","M","?","M","M","R","E","R","T","R","E","?","?","$","R","BOSS","M","M","?","M","$","E","M","R","T","R","M","M","E","?","R","BOSS","M","?","$","M","?","R","?","R","T","?","R","E","M","M","R","BOSS","R","$","E","BOSS"],"build_version":"2019-02-06","purchased_purges":2,"victory":true,"max_hp_per_floor":[72,72,72,72,72,72,72,72,72,72,72,72,72,72,72,72,72,72,72,72,72,72,72,72,72,72,72,72,72,72,72,72,72,72,72,72,72,72,82,82,82,82,82,82,82,82,82,82,82,82,82,82,82,82,82],"card_choices":[{"not_picked":["Backflip","Sucker Punch"],"picked":"Backstab","floor":1},{"not_picked":["Acrobatics","Quick Slash"],"picked":"Dodge and Roll","floor":2},{"not_picked":["Flechettes","Tactician"],"picked":"PiercingWail","floor":4},{"not_picked":["Eviscerate","Bane"],"picked":"Dagger Spray","floor":5},{"not_picked":["Quick Slash","Reflex"],"picked":"Caltrops","floor":7},{"not_picked":["Bane","Distraction"],"picked":"Terror","floor":11},{"not_picked":["Bane","Cloak And Dagger"],"picked":"Leg Sweep","floor":13},{"not_picked":["A Thousand Cuts","Adrenaline"],"picked":"Envenom","floor":16},{"not_picked":["Caltrops","Distraction"],"picked":"Prepared","floor":18},{"not_picked":["All Out Attack+1","Bane"],"picked":"Dodge and Roll","floor":19},{"not_picked":["Tactician","Acrobatics"],"picked":"Leg Sweep","floor":21},{"not_picked":["Riddle With Holes","Accuracy"],"picked":"Corpse Explosion","floor":23},{"not_picked":["Endless Agony","Poisoned Stab"],"picked":"Tactician+1","floor":24},{"not_picked":["Endless Agony","Deflect"],"picked":"Backstab","floor":28},{"not_picked":["Flying Knee","Accuracy","Prepared"],"picked":"SKIP","floor":29},{"not_picked":["Cloak And Dagger","Flechettes"],"picked":"Concentrate","floor":30},{"not_picked":["Burst","Storm of Steel"],"picked":"Bullet Time","floor":33},{"not_picked":["Sucker Punch+1","Slice"],"picked":"Leg Sweep","floor":35},{"not_picked":["Discovery","Madness"],"picked":"Apotheosis","floor":36},{"not_picked":["Skewer+1","Blade Dance"],"picked":"Acrobatics","floor":38},{"not_picked":["Blade Dance","Cloak And Dagger"],"picked":"Quick Slash+1","floor":41},{"not_picked":["Deflect","Sucker Punch"],"picked":"Blade Dance","floor":46},{"not_picked":["PiercingWail+1","Phantasmal Killer"],"picked":"Leg Sweep","floor":47},{"not_picked":["Terror","Flying Knee+1","Quick Slash"],"picked":"SKIP","floor":48},{"not_picked":["Deadly Poison","Glass Knife"],"picked":"Heel Hook","floor":54}],"player_experience":766086,"relics_obtained":[{"floor":7,"key":"Shuriken"},{"floor":9,"key":"Gremlin Horn"},{"floor":11,"key":"Bottled Lightning"},{"floor":23,"key":"Nunchaku"},{"floor":26,"key":"Paper Crane"},{"floor":30,"key":"Boot"},{"floor":46,"key":"Incense Burner"},{"floor":54,"key":"Ornamental Fan"}],"event_choices":[{"damage_healed":0,"gold_gain":0,"player_choice":"Grow","damage_taken":0,"max_hp_gain":0,"max_hp_loss":0,"event_name":"Living Wall","floor":3,"gold_loss":0,"cards_upgraded":["Backstab"]},{"damage_healed":0,"gold_gain":0,"player_choice":"Rummage","damage_taken":0,"relics_obtained":["WarpedTongs"],"max_hp_gain":0,"max_hp_loss":0,"event_name":"Accursed Blacksmith","floor":12,"gold_loss":0,"cards_obtained":["Pain"]},{"damage_healed":0,"gold_gain":0,"player_choice":"Memory 1","damage_taken":0,"max_hp_gain":0,"max_hp_loss":0,"event_name":"SensoryStone","floor":36,"gold_loss":0},{"cards_removed":["Envenom"],"damage_healed":13,"gold_gain":0,"player_choice":"Offered Rare","damage_taken":0,"max_hp_gain":10,"max_hp_loss":0,"event_name":"Bonfire Elementals","floor":39,"gold_loss":0}],"is_beta":true,"boss_relics":[{"not_picked":["HoveringKite","Orrery"],"picked":"Runic Pyramid"},{"not_picked":["Empty Cage","Busted Crown"],"picked":"Sozu"}],"items_purged_floors":[14,22],"is_endless":false,"potions_floor_spawned":[1,5,7,11,13,19,21,23,29,30,38,47,48],"ascension_level":15}