{"gold_per_floor":[110,137,147,166,179,214,214,29,29,63,63,77,77,107,107,211,211,228,228,241,241,89,89,123,123,123,139,172,185,284,284,284,379,429,444,444,444,444,18,18,46,46,46,64,64,64,82,82,82,82],"floor_reached":51,"playtime":2383,"items_purged":["Strike_B","Strike_B+1","Strike_B+1"],"score":1032,"play_id":"e803977f-16ed-4f5c-9fab-0a12a540be96","local_time":"20180729185152","is_ascension_mode":true,"campfire_choices":[{"data":"Zap","floor":7,"key":"SMITH"},{"data":"Loop","floor":13,"key":"SMITH"},{"data":"Defragment","floor":15,"key":"SMITH"},{"data":"Buffer","floor":23,"key":"SMITH"},{"data":"Stack","floor":25,"key":"SMITH"},{"floor":32,"key":"REST"},{"data":"Creative AI","floor":40,"key":"SMITH"},{"data":"Ball Lightning","floor":42,"key":"SMITH"},{"data":"Capacitor","floor":45,"key":"SMITH"},{"data":"Chill","floor":49,"key":"SMITH"}],"neow_cost":"NONE","seed_source_timestamp":58698580126396,"circlet_count":0,"master_deck":["Defend_B+1","Defend_B+1","Defend_B+1","Defend_B+1","Zap+1","Dualcast+1","Stack","Leap+1","Ball Lightning+1","Conserve Battery","Coolheaded","Loop+1","Genetic Algorithm","Compile Driver","Stack+1","Defragment+1","Buffer+1","Coolheaded","Capacitor+1","Leap","Blizzard+1","Chill+1","Creative AI+1","Coolheaded","Self Repair+1","Barrage+1","Leap+1"],"relics":["Cracked Core","NeowsBlessing","War Paint","Dodecahedron","Mercury Hourglass","Cables","Juzu Bracelet","Regal Pillow","Cursed Key","Du-Vu Doll","Bottled Tornado","Tiny House","Spirit Poop","Emotion Chip","Gremlin Horn"],"potions_floor_usage":[14,14,16,24,24,28,48],"damage_taken":[{"damage":0,"enemies":"Cultist","floor":1,"turns":1},{"damage":0,"enemies":"2 Louse","floor":3,"turns":1},{"damage":0,"enemies":"Jaw Worm","floor":4,"turns":1},{"damage":0,"enemies":"2 Fungi Beasts","floor":5,"turns":3},{"damage":19,"enemies":"Lagavulin","floor":6,"turns":8},{"damage":8,"enemies":"3 Sentries","floor":10,"turns":6},{"damage":2,"enemies":"Blue Slaver","floor":12,"turns":2},{"damage":7,"enemies":"Gremlin Nob","floor":14,"turns":3},{"damage":0,"enemies":"Slime Boss","floor":16,"turns":7},{"damage":0,"enemies":"Spheric Guardian","floor":18,"turns":3},{"damage":0,"enemies":"3 Byrds","floor":20,"turns":4},{"damage":10,"enemies":"Book of Stabbing","floor":24,"turns":5},{"damage":0,"enemies":"3 Cultists","floor":27,"turns":6},{"damage":20,"enemies":"Slavers","floor":28,"turns":5},{"damage":0,"enemies":"Centurion and Healer","floor":29,"turns":6},{"damage":1,"enemies":"Collector","floor":33,"turns":11},{"damage":33,"enemies":"3 Darklings","floor":35,"turns":5},{"damage":0,"enemies":"Nemesis","floor":41,"turns":11},{"damage":22,"enemies":"Flame Bruiser 1 Orb","floor":44,"turns":5},{"damage":0,"enemies":"Maw","floor":47,"turns":10},{"damage":0,"enemies":"Flame Bruiser 2 Orb","floor":48,"turns":1},{"damage":6,"enemies":"Donu and Deca","floor":50,"turns":9}],"seed_played":"133997913601003118","potions_obtained":[{"floor":3,"key":"Energy Potion"},{"floor":6,"key":"FearPotion"},{"floor":12,"key":"GamblersBrew"},{"floor":20,"key":"SteroidPotion"},{"floor":27,"key":"Fire Potion"},{"floor":29,"key":"Energy Potion"},{"floor":34,"key":"SmokeBomb"},{"floor":41,"key":"AttackPotion"}],"is_trial":false,"path_per_floor":["M","T","M","M","M","E","R","$","T","E","?","M","R","E","R","B",null,"M","?","M","?","$","R","E","R","T","M","E","M","?","?","R","B",null,"M","?","?","?","$","R","E","R","T","M","R","$","M","M","R","B"],"character_chosen":"DEFECT","items_purchased":["Loop","Genetic Algorithm","Swift Potion","Emotion Chip"],"campfire_rested":1,"item_purchase_floors":[8,8,22,39],"current_hp_per_floor":[68,68,68,68,68,49,49,49,49,41,34,32,32,25,25,25,63,63,63,63,63,63,63,53,53,53,53,33,33,33,33,70,69,79,46,66,66,66,66,66,66,66,66,54,54,54,64,64,64,68],"gold":82,"neow_bonus":"THREE_ENEMY_KILL","is_prod":false,"is_daily":false,"chose_seed":false,"campfire_upgraded":9,"win_rate":0,"timestamp":1532870512,"path_taken":["M","?","M","M","M","E","R","$","T","E","?","M","R","E","R","BOSS","M","?","M","?","$","R","E","R","T","M","E","M","?","?","R","BOSS","M","?","?","?","?","R","E","R","T","M","R","$","M","M","R","BOSS"],"build_version":"2018-07-26","purchased_purges":3,"victory":true,"max_hp_per_floor":[75,75,75,75,75,75,75,75,75,75,75,75,75,75,75,75,75,75,75,75,75,75,75,75,75,75,75,75,75,75,75,75,75,80,80,80,80,80,80,80,80,80,80,80,80,80,80,80,80,80],"card_choices":[{"not_picked":["Force Field","Doom and Gloom"],"picked":"Stack","floor":1},{"not_picked":["Redo","Gash"],"picked":"Leap","floor":3},{"not_picked":["Thunder Strike","Steam"],"picked":"Ball Lightning","floor":4},{"not_picked":["Beam Cell","Fusion"],"picked":"Conserve Battery","floor":5},{"not_picked":["Stack","Reinforced Body"],"picked":"Coolheaded","floor":6},{"not_picked":["Tempest","Beam Cell"],"picked":"Compile Driver","floor":10},{"not_picked":["Rebound","Static Discharge"],"picked":"Stack","floor":12},{"not_picked":["Chill","Leap"],"picked":"Defragment","floor":14},{"not_picked":["Machine Learning","Reboot"],"picked":"Buffer","floor":16},{"not_picked":["Sweeping Beam","Rebound"],"picked":"Coolheaded","floor":18},{"not_picked":["Streamline","Ball Lightning"],"picked":"Leap","floor":20},{"not_picked":["Force Field","Sweeping Beam+1","Meteor Strike"],"picked":"SKIP","floor":24},{"not_picked":["Stack","Ball Lightning"],"picked":"Blizzard+1","floor":27},{"not_picked":["Heatsinks","Rebound+1","Double Energy"],"picked":"SKIP","floor":28},{"not_picked":["Beam Cell","Capacitor"],"picked":"Chill","floor":29},{"not_picked":["Rainbow","Meteor Strike"],"picked":"Creative AI","floor":33},{"not_picked":["Leap+1","Steam+1","Conserve Battery"],"picked":"SKIP","floor":35},{"not_picked":["Doom and Gloom","Steam+1"],"picked":"Self Repair+1","floor":41},{"not_picked":["Steam Power+1","Self Repair+1"],"picked":"Barrage+1","floor":44},{"not_picked":["Streamline+1","Reinforced Body"],"picked":"Leap+1","floor":47}],"player_experience":354681,"relics_obtained":[{"floor":2,"key":"War Paint"},{"floor":6,"key":"Dodecahedron"},{"floor":9,"key":"Mercury Hourglass"},{"floor":10,"key":"Cables"},{"floor":14,"key":"Regal Pillow"},{"floor":24,"key":"Du-Vu Doll"},{"floor":28,"key":"Bottled Tornado"},{"floor":41,"key":"Gremlin Horn"}],"event_choices":[{"event_name":"Scrap Ooze","player_choice":"success","floor":11,"damage_taken":7},{"event_name":"The Library","player_choice":"Read","floor":19,"damage_taken":0},{"event_name":"Back to Basics","player_choice":"Simplicity","floor":21,"damage_taken":0},{"event_name":"Nest","player_choice":"Stole From Cult","floor":30,"damage_taken":0},{"event_name":"Wheel of Change","player_choice":"Card Removal","floor":31,"damage_taken":0},{"event_name":"Winding Halls","player_choice":"Writhe","floor":36,"damage_taken":0},{"event_name":"Bonfire Elementals","player_choice":"CURSE","floor":37,"damage_taken":0},{"event_name":"Duplicator","player_choice":"One dupe","floor":38,"damage_taken":0}],"is_beta":true,"boss_relics":[{"not_picked":["FrozenCore","Ectoplasm"],"picked":"Cursed Key"},{"not_picked":["Philosopher\u0027s Stone","Calling Bell"],"picked":"Tiny House"}],"items_purged_floors":[8,22,39],"is_endless":false,"potions_floor_spawned":[3,6,12,20,27,29,41],"ascension_level":6}