{"gold_per_floor":[209,284,39,39,50,50,68,100,100,134,134,169,189,208,208,307,307,325,336,351,351,363,363,390,390,390,390,390,158,158,69,69,69],"floor_reached":33,"playtime":1165,"items_purged":["Decay"],"score":450,"play_id":"e1522e76-deed-4b62-8e08-2329d0e4c766","local_time":"20181130220640","is_ascension_mode":true,"campfire_choices":[{"data":"Zap","floor":6,"key":"SMITH"},{"data":"Beam Cell","floor":11,"key":"SMITH"},{"data":"Hyperbeam","floor":15,"key":"SMITH"},{"floor":23,"key":"RECALL"},{"data":"Consume","floor":25,"key":"SMITH"},{"data":"Meteor Strike","floor":27,"key":"SMITH"},{"data":"Dualcast","floor":30,"key":"SMITH"},{"data":"Enlightenment","floor":32,"key":"SMITH"}],"neow_cost":"NONE","seed_source_timestamp":35801473826820,"circlet_count":0,"master_deck":["AscendersBane","Strike_B","Strike_B","Strike_B","Defend_B","Defend_B","Defend_B","Defend_B","Zap+1","Dualcast+1","FTL+1","Sunder+1","Coolheaded","Beam Cell+1","Ball Lightning","Consume+1","Hyperbeam+1","BootSequence","Cold Snap","Go for the Eyes+1","Undo+1","Meteor Strike+1","Enlightenment+1"],"relics":["Cracked Core","Whetstone","Gambling Chip","Singing Bowl","Pocketwatch","Bag of Preparation","Coffee Dripper","WingedGreaves","MutagenicStrength","Strawberry"],"potions_floor_usage":[10,16,24,33],"damage_taken":[{"damage":7,"enemies":"Small Slimes","floor":1,"turns":3},{"damage":0,"enemies":"2 Louse","floor":5,"turns":2},{"damage":0,"enemies":"Cultist","floor":7,"turns":2},{"damage":20,"enemies":"Lagavulin","floor":8,"turns":3},{"damage":6,"enemies":"3 Sentries","floor":10,"turns":4},{"damage":16,"enemies":"Lagavulin","floor":12,"turns":5},{"damage":0,"enemies":"Gremlin Gang","floor":13,"turns":1},{"damage":0,"enemies":"Looter","floor":14,"turns":1},{"damage":3,"enemies":"Slime Boss","floor":16,"turns":6},{"damage":6,"enemies":"Spheric Guardian","floor":18,"turns":4},{"damage":0,"enemies":"2 Thieves","floor":19,"turns":1},{"damage":11,"enemies":"Centurion and Healer","floor":20,"turns":6},{"damage":0,"enemies":"Sentry and Sphere","floor":22,"turns":2},{"damage":37,"enemies":"Book of Stabbing","floor":24,"turns":5},{"damage":26,"enemies":"Collector","floor":33,"turns":6}],"seed_played":"1550199105484968080","potions_obtained":[{"floor":1,"key":"SteroidPotion"},{"floor":5,"key":"SpeedPotion"},{"floor":14,"key":"PowerPotion"},{"floor":22,"key":"Fruit Juice"}],"is_trial":false,"path_per_floor":["M","?","$","?","M","R","M","E","T","E","R","E","M","M","R","B",null,"M","M","M","?","M","R","E","R","T","R","?","$","R","$","R","B"],"character_chosen":"DEFECT","items_purchased":["Sunder","Whetstone","Coolheaded","Strawberry","Enlightenment"],"campfire_rested":0,"item_purchase_floors":[3,3,3,29,31],"current_hp_per_floor":[61,50,50,50,50,50,50,30,30,26,26,10,10,10,10,9,62,58,58,49,49,49,49,17,17,17,17,17,24,24,24,24,0],"gold":69,"neow_bonus":"HUNDRED_GOLD","is_prod":false,"is_daily":false,"chose_seed":false,"campfire_upgraded":7,"win_rate":0,"timestamp":1543595800,"path_taken":["M","?","$","?","M","R","?","E","T","E","R","E","?","M","R","BOSS","M","M","M","?","M","R","E","R","T","R","?","$","R","$","R","BOSS"],"build_version":"2018-11-15","purchased_purges":1,"victory":false,"max_hp_per_floor":[75,75,75,75,75,75,75,75,75,77,77,77,77,77,77,79,79,81,81,83,83,83,83,88,88,88,88,88,95,95,95,95,95],"card_choices":[{"not_picked":["Darkness","Lockon"],"picked":"FTL","floor":1},{"not_picked":["Coolheaded","FTL"],"picked":"Beam Cell","floor":5},{"not_picked":["Self Repair","BootSequence"],"picked":"Ball Lightning","floor":7},{"not_picked":["Leap","Defragment"],"picked":"Consume","floor":8},{"not_picked":["Stack","Double Energy","Reprogram"],"picked":"Singing Bowl","floor":10},{"not_picked":["Cold Snap","Steam"],"picked":"Hyperbeam","floor":12},{"not_picked":["Leap","Compile Driver"],"picked":"BootSequence","floor":13},{"not_picked":["Coolheaded","Aggregate"],"picked":"Cold Snap","floor":14},{"not_picked":["All For One","Reboot","Amplify"],"picked":"Singing Bowl","floor":16},{"not_picked":["Darkness","Cold Snap","Chill"],"picked":"Singing Bowl","floor":18},{"not_picked":["Recycle","Coolheaded"],"picked":"Go for the Eyes+1","floor":19},{"not_picked":["Sweeping Beam","Fusion","Doom and Gloom"],"picked":"Singing Bowl","floor":20},{"not_picked":["Hologram","Steam"],"picked":"Undo+1","floor":22},{"not_picked":["Thunder Strike","Tempest+1"],"picked":"Meteor Strike","floor":24}],"player_experience":805572,"relics_obtained":[{"floor":8,"key":"Gambling Chip"},{"floor":9,"key":"Singing Bowl"},{"floor":10,"key":"Pocketwatch"},{"floor":12,"key":"Bag of Preparation"},{"floor":24,"key":"WingedGreaves"}],"event_choices":[{"damage_healed":0,"gold_gain":75,"player_choice":"Gather Gold","damage_taken":11,"max_hp_gain":0,"max_hp_loss":0,"event_name":"World of Goop","floor":2,"gold_loss":0},{"cards_removed":["Strike_B"],"damage_healed":0,"gold_gain":0,"player_choice":"Offered Basic","damage_taken":0,"max_hp_gain":0,"max_hp_loss":0,"event_name":"Bonfire Elementals","floor":4,"gold_loss":0},{"damage_healed":0,"gold_gain":0,"player_choice":"Smashed Altar","damage_taken":0,"max_hp_gain":0,"max_hp_loss":0,"event_name":"Forgotten Altar","floor":21,"gold_loss":0,"cards_obtained":["Decay"]},{"damage_healed":0,"gold_gain":0,"player_choice":"Inject Mutagens","damage_taken":0,"relics_obtained":["MutagenicStrength"],"max_hp_gain":0,"max_hp_loss":0,"event_name":"Drug Dealer","floor":28,"gold_loss":0}],"is_beta":true,"boss_relics":[{"not_picked":["Black Star","Runic Pyramid"],"picked":"Coffee Dripper"}],"items_purged_floors":[29],"is_endless":false,"potions_floor_spawned":[1,5,14,22],"killed_by":"Collector","ascension_level":10}