{"gold_per_floor":[118,118,133,150,163,163,175,207,257,318,353,353,353,374,374,505,505,530,543,271,251,251,251,286,302,376,376,396,8,8,26,26,151,151,174,174,187,187,187,187],"floor_reached":40,"playtime":1845,"items_purged":["Dualcast","Strike_B"],"score":566,"play_id":"696cb632-0752-467b-bb5f-92aa6d5a30c7","local_time":"20180729130550","is_ascension_mode":true,"campfire_choices":[{"data":"Hyperbeam","floor":6,"key":"SMITH"},{"data":"Self Repair","floor":12,"key":"SMITH"},{"data":"Hologram","floor":15,"key":"SMITH"},{"data":"Beam Cell","floor":23,"key":"SMITH"},{"data":"Recycle","floor":27,"key":"SMITH"},{"data":"Panacea","floor":32,"key":"SMITH"}],"neow_cost":"NONE","seed_source_timestamp":38487312881622,"circlet_count":0,"master_deck":["Strike_B","Strike_B","Defend_B+1","Defend_B","Defend_B","Defend_B+1","Hyperbeam+1","Sunder+1","Reinforced Body+1","Hologram+1","Conserve Battery","Gash","Self Repair+1","Gash","Gash","Creative AI","Conserve Battery","Beam Cell+1","Undo","FTL","Skim","Recycle+1","Gash","Panacea+1","Hologram","Leap","Reboot","Conserve Battery+1","Hello World","Echo Form","Madness","Madness"],"relics":["Cracked Core","Pantograph","Blood Vial","Pear","War Paint","Golden Idol","Velvet Choker","Orichalcum","Darkstone Periapt","Bag of Preparation","Eternal Feather","Gambling Chip"],"potions_floor_usage":[7],"damage_taken":[{"damage":0,"enemies":"Small Slimes","floor":1,"turns":2},{"damage":0,"enemies":"2 Louse","floor":3,"turns":2},{"damage":0,"enemies":"Cultist","floor":4,"turns":3},{"damage":0,"enemies":"2 Fungi Beasts","floor":5,"turns":2},{"damage":0,"enemies":"Blue Slaver","floor":7,"turns":1},{"damage":8,"enemies":"3 Sentries","floor":8,"turns":5},{"damage":2,"enemies":"3 Sentries","floor":10,"turns":2},{"damage":12,"enemies":"Lagavulin","floor":11,"turns":10},{"damage":0,"enemies":"Large Slime","floor":14,"turns":5},{"damage":22,"enemies":"The Guardian","floor":16,"turns":10},{"damage":0,"enemies":"Chosen","floor":18,"turns":4},{"damage":1,"enemies":"Shell Parasite","floor":19,"turns":5},{"damage":37,"enemies":"Book of Stabbing","floor":24,"turns":7},{"damage":2,"enemies":"Snecko","floor":25,"turns":4},{"damage":12,"enemies":"Snake Plant","floor":28,"turns":4},{"damage":0,"enemies":"Centurion and Healer","floor":31,"turns":5},{"damage":54,"enemies":"Collector","floor":33,"turns":11},{"damage":8,"enemies":"3 Shapes","floor":35,"turns":8},{"damage":0,"floor":36,"turns":4},{"damage":10,"enemies":"Orb Walker","floor":37,"turns":4},{"damage":89,"enemies":"2 Orb Walkers","floor":40,"turns":6}],"seed_played":"-1014567621342868425","potions_obtained":[{"floor":3,"key":"Dexterity Potion"},{"floor":4,"key":"Fire Potion"},{"floor":5,"key":"Energy Potion"},{"floor":10,"key":"Fire Potion"},{"floor":21,"key":"SneckoOil"},{"floor":37,"key":"LiquidBronze"}],"is_trial":false,"path_per_floor":["M","?","M","M","M","R","M","E","T","?","E","R","?","M","R","B",null,"M","M","$","?","?","R","E","M","T","R","M","$","?","M","R","B",null,"M","?","M","?","?"],"character_chosen":"DEFECT","items_purchased":["Undo","FTL","Skim","Panacea","Bag of Preparation","Hologram"],"campfire_rested":0,"item_purchase_floors":[20,20,20,29,29,29],"current_hp_per_floor":[68,53,53,53,53,53,53,45,45,55,52,52,52,64,64,67,76,79,79,79,79,79,79,52,62,62,62,62,62,62,74,74,35,68,72,79,79,69,69,0],"gold":187,"neow_bonus":"ONE_RANDOM_RARE_CARD","is_prod":false,"is_daily":false,"chose_seed":false,"campfire_upgraded":6,"win_rate":0,"timestamp":1532849750,"path_taken":["M","?","M","M","M","R","M","E","T","?","E","R","?","?","R","BOSS","M","?","$","?","?","R","E","M","T","R","M","$","?","?","R","BOSS","M","?","M","?","?","E"],"build_version":"2018-07-26","purchased_purges":2,"victory":false,"max_hp_per_floor":[75,75,75,75,75,75,75,75,75,85,85,85,79,79,79,79,79,79,79,79,79,79,79,79,79,79,79,79,79,79,79,79,79,79,79,79,79,79,79,79],"card_choices":[{"not_picked":["Leap","Consume"],"picked":"Sunder","floor":1},{"not_picked":["Turbo","Steam"],"picked":"Reinforced Body","floor":3},{"not_picked":["Rebound","Stack"],"picked":"Hologram","floor":4},{"not_picked":["Turbo","Amplify"],"picked":"Conserve Battery","floor":5},{"not_picked":["Streamline","Consume"],"picked":"Gash","floor":7},{"not_picked":["Aggregate","BootSequence"],"picked":"Self Repair","floor":8},{"not_picked":["Skim","Redo"],"picked":"Gash","floor":11},{"not_picked":["Hologram","Streamline"],"picked":"Gash","floor":14},{"not_picked":["Biased Cognition","Meteor Strike"],"picked":"Creative AI","floor":16},{"not_picked":["Streamline","Redo"],"picked":"Conserve Battery","floor":18},{"not_picked":["Static Discharge+1","Compile Driver"],"picked":"Beam Cell","floor":19},{"not_picked":["Ball Lightning","Aggregate","Sweeping Beam"],"picked":"SKIP","floor":24},{"not_picked":["Meteor Strike","Ball Lightning"],"picked":"Gash","floor":25},{"not_picked":["Double Energy+1","Coolheaded","Capacitor"],"picked":"SKIP","floor":28},{"not_picked":["Static Discharge","Coolheaded"],"picked":"Leap","floor":31},{"not_picked":["Multi-Cast","Meteor Strike"],"picked":"Reboot","floor":33},{"not_picked":["Cold Snap","Leap+1"],"picked":"Conserve Battery+1","floor":35},{"not_picked":["Conserve Battery","Hologram"],"picked":"Hello World","floor":36},{"not_picked":["Chill","Reinforced Body+1"],"picked":"Echo Form","floor":37}],"player_experience":351218,"relics_obtained":[{"floor":8,"key":"Pantograph"},{"floor":9,"key":"Blood Vial"},{"floor":10,"key":"Pear"},{"floor":11,"key":"War Paint"},{"floor":24,"key":"Orichalcum"},{"floor":26,"key":"Darkstone Periapt"},{"floor":36,"key":"Gambling Chip"}],"event_choices":[{"event_name":"Shining Light","player_choice":"Entered Light","floor":2,"damage_taken":0},{"event_name":"Dead Adventurer","player_choice":"Searched \u00271\u0027 times","floor":10,"damage_taken":0},{"event_name":"Golden Idol","player_choice":"Lose Max HP","floor":13,"damage_taken":0},{"event_name":"The Woman in Blue","player_choice":"Bought 1 Potion","floor":21,"damage_taken":0},{"event_name":"Transmorgrifier","player_choice":"Transform","floor":22,"damage_taken":0},{"event_name":"Purifier","player_choice":"One Purge","floor":30,"damage_taken":0},{"event_name":"MindBloom","player_choice":"Fight","floor":36,"damage_taken":0},{"event_name":"Winding Halls","player_choice":"Embrace Madness","floor":38,"damage_taken":0},{"event_name":"Mysterious Sphere","player_choice":"Ignore","floor":39,"damage_taken":0}],"is_beta":true,"boss_relics":[{"not_picked":["Inserter","Lizard Tail"],"picked":"Velvet Choker"},{"not_picked":["Empty Cage","Black Star"],"picked":"Eternal Feather"}],"items_purged_floors":[20,29],"is_endless":false,"potions_floor_spawned":[3,4,5,10,11,24,25,28,36,37],"killed_by":"2 Orb Walkers","ascension_level":6}