{"gold_per_floor":[114,134,134,150,150,150,179,104,104,120,120,152,170,200,200,303,303,313,263,283,283,297,297,326,326,326,340,340,90,104,117,117,117],"floor_reached":33,"playtime":1384,"items_purged":["Strike_B","Strike_B"],"score":431,"play_id":"dab53b0e-aebc-4793-b838-db72a4e2e642","local_time":"20180826124412","is_ascension_mode":true,"campfire_choices":[{"data":"Go for the Eyes","floor":6,"key":"SMITH"},{"floor":11,"key":"REST"},{"data":"Loop","floor":15,"key":"SMITH"},{"data":"Blizzard","floor":23,"key":"SMITH"},{"data":"Biased Cognition","floor":25,"key":"SMITH"},{"data":"Rainbow","floor":28,"key":"SMITH"},{"floor":32,"key":"REST"}],"neow_cost":"NONE","seed_source_timestamp":4074095110046,"circlet_count":0,"master_deck":["Strike_B","Defend_B","Defend_B","Defend_B","Defend_B","Zap+1","Dualcast","AscendersBane","Cold Snap","Ball Lightning","Go for the Eyes+1","Glacier","Loop+1","Biased Cognition+1","Rebound","Coolheaded","Rainbow+1","Blizzard+1","Conserve Battery","Coolheaded","Chill+1","Capacitor","Consume","Loop"],"relics":["Cracked Core","Regal Pillow","Blue Candle","Dodecahedron","Kunai","Pen Nib","Velvet Choker","MutagenicStrength","Pear","Singing Bowl"],"potions_floor_usage":[20,24,24],"damage_taken":[{"damage":6,"enemies":"2 Louse","floor":1,"turns":3},{"damage":7,"enemies":"Small Slimes","floor":2,"turns":4},{"damage":5,"enemies":"Jaw Worm","floor":4,"turns":3},{"damage":22,"enemies":"Gremlin Nob","floor":7,"turns":4},{"damage":0,"enemies":"Looter","floor":10,"turns":3},{"damage":11,"enemies":"Lagavulin","floor":12,"turns":8},{"damage":6,"enemies":"Red Slaver","floor":13,"turns":3},{"damage":16,"enemies":"Gremlin Nob","floor":14,"turns":4},{"damage":2,"enemies":"The Guardian","floor":16,"turns":12},{"damage":2,"enemies":"Shell Parasite","floor":18,"turns":4},{"damage":12,"enemies":"2 Thieves","floor":20,"turns":4},{"damage":3,"enemies":"Sentry and Sphere","floor":22,"turns":6},{"damage":11,"enemies":"Slavers","floor":24,"turns":5},{"damage":14,"enemies":"Shelled Parasite and Fungi","floor":27,"turns":4},{"damage":7,"enemies":"Chosen and Byrds","floor":30,"turns":6},{"damage":10,"enemies":"Centurion and Healer","floor":31,"turns":7},{"damage":56,"enemies":"Automaton","floor":33,"turns":6}],"seed_played":"-6418200710827744883","potions_obtained":[{"floor":2,"key":"SteroidPotion"},{"floor":4,"key":"AttackPotion"},{"floor":7,"key":"Fire Potion"},{"floor":20,"key":"SkillPotion"},{"floor":27,"key":"FocusPotion"}],"is_trial":false,"path_per_floor":["M","M","?","M","T","R","E","$","T","M","R","E","M","E","R","B",null,"M","?","M","?","M","R","E","R","T","M","R","$","M","M","R"],"character_chosen":"DEFECT","items_purchased":["Capacitor","Consume"],"campfire_rested":2,"item_purchase_floors":[29,29],"current_hp_per_floor":[62,55,48,43,43,43,21,21,21,21,58,47,41,25,25,23,62,60,60,48,48,45,45,44,44,44,30,30,30,25,15,56,0],"gold":117,"neow_bonus":"UPGRADE_CARD","is_prod":false,"is_daily":false,"chose_seed":false,"campfire_upgraded":5,"win_rate":0,"timestamp":1535267652,"path_taken":["M","M","?","M","?","R","E","$","T","M","R","E","M","E","R","BOSS","M","?","?","?","M","R","E","R","T","M","R","$","M","M","R","BOSS"],"build_version":"2018-08-23v2","purchased_purges":2,"victory":false,"max_hp_per_floor":[75,75,75,75,75,75,75,75,75,75,75,75,75,75,75,75,75,75,75,75,75,75,75,85,85,85,85,85,85,87,87,87,87],"card_choices":[{"not_picked":["Barrage","Coolheaded"],"picked":"Cold Snap","floor":1},{"not_picked":["Coolheaded","Steam"],"picked":"Ball Lightning","floor":2},{"not_picked":["Streamline","Gash"],"picked":"Go for the Eyes","floor":4},{"not_picked":["Hologram","Coolheaded"],"picked":"Glacier","floor":7},{"not_picked":["Fission","Stack"],"picked":"Loop","floor":10},{"not_picked":["Coolheaded","Compile Driver"],"picked":"Biased Cognition","floor":12},{"not_picked":["Sweeping Beam","Hologram"],"picked":"Rebound","floor":13},{"not_picked":["Compile Driver","Go for the Eyes"],"picked":"Coolheaded","floor":14},{"not_picked":["Creative AI","Machine Learning"],"picked":"Rainbow","floor":16},{"not_picked":["Storm","Doom and Gloom"],"picked":"Blizzard","floor":18},{"not_picked":["Go for the Eyes","Hologram"],"picked":"Conserve Battery","floor":20},{"not_picked":["Storm","Sweeping Beam","Heatsinks+1"],"picked":"SKIP","floor":22},{"not_picked":["Static Discharge+1","Beam Cell"],"picked":"Coolheaded","floor":24},{"not_picked":["Conserve Battery","Turbo"],"picked":"Chill+1","floor":27},{"not_picked":["Force Field","Hello World","Beam Cell"],"picked":"Singing Bowl","floor":30},{"not_picked":["Fusion","Barrage"],"picked":"Loop","floor":31}],"player_experience":487948,"relics_obtained":[{"floor":5,"key":"Regal Pillow"},{"floor":7,"key":"Blue Candle"},{"floor":9,"key":"Dodecahedron"},{"floor":12,"key":"Kunai"},{"floor":14,"key":"Pen Nib"},{"floor":24,"key":"Pear"},{"floor":26,"key":"Singing Bowl"}],"event_choices":[{"event_name":"Golden Wing","player_choice":"Card Removal","floor":3,"damage_taken":0},{"event_name":"The Joust","player_choice":"Bet on Murderer","floor":19,"damage_taken":0},{"event_name":"Drug Dealer","player_choice":"Inject Mutagens","floor":21,"damage_taken":0}],"is_beta":true,"boss_relics":[{"not_picked":["Empty Cage","FrozenCore"],"picked":"Velvet Choker"}],"items_purged_floors":[8,29],"is_endless":false,"potions_floor_spawned":[2,4,7,20,22,27],"killed_by":"Automaton","ascension_level":10}