{"gold_per_floor":[99,99,99,99,99,99,99,84,84,84,84,84,84,84,84,84,84,84,24,24,24,24,24,24,24,24,24,24],"floor_reached":28,"playtime":1478,"items_purged":[],"score":275,"play_id":"75ea7316-7ca3-4d1a-b716-b4bb83517e1d","local_time":"20180708185711","is_ascension_mode":true,"campfire_choices":[{"data":"Loop","floor":6,"key":"SMITH"},{"data":"Ball Lightning","floor":10,"key":"SMITH"},{"data":"Echo Form","floor":15,"key":"SMITH"},{"data":"PanicButton","floor":24,"key":"SMITH"}],"neow_cost":"NONE","seed_source_timestamp":164694180725951,"circlet_count":0,"master_deck":["Strike_B+1","Defend_B+1","Defend_B+1","Defend_B+1","Defend_B+1","Zap+1","Dualcast","Ball Lightning+1","Ball Lightning","Loop+1","Core Surge","Skim","Beam Cell","Hologram","Hologram","Echo Form+1","Rainbow","White Noise+1","Seek+1","Hologram+1","Turbo","PanicButton+1","Force Field","Steam","Leap+1"],"relics":["Ectoplasm","Torii","Dead Branch","Odd Mushroom","Matryoshka","Astrolabe","Question Card","Ornamental Fan","Bronze Scales"],"potions_floor_usage":[11,12,16,19,23,23,25],"damage_taken":[{"damage":7,"enemies":"Jaw Worm","floor":1,"turns":3},{"damage":2,"enemies":"2 Louse","floor":2,"turns":3},{"damage":0,"enemies":"Small Slimes","floor":5,"turns":3},{"damage":6,"enemies":"3 Sentries","floor":7,"turns":4},{"damage":6,"enemies":"Looter","floor":8,"turns":2},{"damage":0,"floor":11,"turns":3},{"damage":14,"enemies":"Gremlin Nob","floor":12,"turns":3},{"damage":6,"enemies":"Lots of Slimes","floor":13,"turns":2},{"damage":7,"enemies":"Large Slime","floor":14,"turns":3},{"damage":22,"enemies":"The Guardian","floor":16,"turns":8},{"damage":0,"enemies":"Spheric Guardian","floor":18,"turns":3},{"damage":8,"enemies":"2 Thieves","floor":19,"turns":3},{"damage":11,"enemies":"Chosen and Byrds","floor":22,"turns":4},{"damage":10,"enemies":"Snake Plant","floor":23,"turns":5},{"damage":9,"enemies":"Gremlin Leader","floor":25,"turns":4},{"damage":38,"enemies":"Slavers","floor":28,"turns":2}],"seed_played":"7087292331628037459","potions_obtained":[{"floor":2,"key":"Block Potion"},{"floor":5,"key":"LiquidBronze"},{"floor":8,"key":"LiquidBronze"},{"floor":12,"key":"SteroidPotion"},{"floor":13,"key":"Block Potion"},{"floor":18,"key":"Swift Potion"},{"floor":22,"key":"Regen Potion"},{"floor":23,"key":"Energy Potion"}],"is_trial":false,"path_per_floor":["M","M","?","?","M","R","E","M","T","R","?","E","M","M","R","B",null,"M","M","?","?","M","M","R","E","T","?"],"character_chosen":"DEFECT","items_purchased":[],"campfire_rested":0,"item_purchase_floors":[],"current_hp_per_floor":[68,66,66,66,66,66,60,54,54,54,54,40,34,27,27,5,75,75,67,53,53,42,46,46,37,37,37,0],"gold":24,"neow_bonus":"BOSS_RELIC","is_prod":false,"is_daily":false,"chose_seed":false,"campfire_upgraded":4,"win_rate":0,"timestamp":1531056431,"path_taken":["M","M","?","?","M","R","E","M","T","R","?","E","?","M","R","BOSS","M","M","?","?","M","M","R","E","T","?","E"],"build_version":"2018-07-05","purchased_purges":0,"victory":false,"max_hp_per_floor":[75,75,75,75,75,75,75,75,75,75,75,75,75,75,75,75,75,75,75,75,75,75,75,75,75,75,75,75],"card_choices":[{"not_picked":["Redo","Chill"],"picked":"Ball Lightning","floor":1},{"not_picked":["Go for the Eyes","Coolheaded"],"picked":"Ball Lightning","floor":2},{"not_picked":["Beam Cell","Rebound"],"picked":"Loop","floor":5},{"not_picked":["Fusion","Streamline"],"picked":"Core Surge","floor":7},{"not_picked":["Rebound","Coolheaded"],"picked":"Skim","floor":8},{"not_picked":["Sweeping Beam","Steam Power"],"picked":"Beam Cell","floor":11},{"not_picked":["Barrage","Compile Driver"],"picked":"Hologram","floor":12},{"not_picked":["Barrage","Stack"],"picked":"Hologram","floor":13},{"not_picked":["Barrage","Stack"],"picked":"Echo Form","floor":14},{"not_picked":["Echo Form","Multi-Cast"],"picked":"Rainbow","floor":16},{"not_picked":["Hologram","Chaos"],"picked":"Turbo","floor":18},{"not_picked":["Static Discharge+1","Redo","Fusion"],"picked":"SKIP","floor":19},{"not_picked":["Loop","Rebound"],"picked":"Force Field","floor":22},{"not_picked":["Streamline","Rebound"],"picked":"Steam","floor":23},{"not_picked":["Fusion","Ball Lightning+1"],"picked":"Leap+1","floor":25}],"player_experience":128926,"relics_obtained":[{"floor":7,"key":"Torii"},{"floor":9,"key":"Dead Branch"},{"floor":11,"key":"Odd Mushroom"},{"floor":12,"key":"Matryoshka"},{"floor":25,"key":"Question Card"},{"floor":26,"key":"Ornamental Fan"},{"floor":26,"key":"Bronze Scales"}],"event_choices":[{"event_name":"Liars Game","player_choice":"disagreed","floor":3,"damage_taken":0},{"event_name":"Upgrade Shrine","player_choice":"Upgraded","floor":4,"damage_taken":0},{"event_name":"Mushrooms","player_choice":"Fought Mushrooms","floor":11,"damage_taken":0},{"event_name":"Knowing Skull","player_choice":"CARD ","floor":20,"damage_taken":0},{"event_name":"Golden Shrine","player_choice":"Skipped","floor":21,"damage_taken":0},{"event_name":"Back to Basics","player_choice":"Simplicity","floor":27,"damage_taken":0}],"boss_relics":[{"not_picked":["Eternal Feather","Calling Bell"],"picked":"Astrolabe"}],"items_purged_floors":[],"is_endless":false,"potions_floor_spawned":[2,5,8,12,13,18,22,23],"killed_by":"Slavers","ascension_level":2}